{"host":"hlz9nytggqnehs39","time":1611442751,"event":{"mods":["BaseMod","Highlight Path","Minty Spire (QoL Compilation)","Relic Sorter","Relic Stats"],"gold_per_floor":[117,129,148,148,167,167,206,206,206,249,15,15,15,0,0,90,90,113,212,127,147,180,180,201,201,250,250,273,291,291,192,192,283,283,307,327,346,392,415,448,106,106,106,106,106,106],"floor_reached":45,"language":"ENG","playtime":3262,"items_purged":["Strike_G"],"score":744,"play_id":"5ea0fd4a-38b5-4fe5-b629-b2847c2bc790","local_time":"20210123235911","is_ascension_mode":true,"campfire_choices":[{"data":"Riddle With Holes","floor":6.0,"key":"SMITH"},{"data":"Well Laid Plans","floor":8.0,"key":"SMITH"},{"floor":15.0,"key":"REST"},{"data":"Noxious Fumes","floor":23.0,"key":"SMITH"},{"data":"Blade Dance","floor":27.0,"key":"SMITH"},{"data":"Crippling Poison","floor":30.0,"key":"SMITH"},{"data":"Malaise","floor":32,"key":"SMITH"}],"circlet_count":0,"master_deck":["AscendersBane","Strike_G","Defend_G","Defend_G","Defend_G","Defend_G","Defend_G","Survivor","Neutralize","Backflip","Dodge and Roll","Infinite Blades","Riddle With Holes+1","Well Laid Plans+1","Burst","Noxious Fumes+1","Crippling Poison+1","Malaise+1","Dodge and Roll","Blade Dance+1","Crippling Poison+1","Deflect","Malaise+1","Riddle With Holes+1","Blade Dance+1","Accuracy","Phantasmal Killer","Accuracy+1","Backflip","Footwork","Dodge and Roll"],"relics":["Ring of the Snake","Kunai","Meat on the Bone","Tiny Chest","Mercury Hourglass","Golden Idol","Coffee Dripper","Bag of Preparation","Red Mask","Astrolabe","Orichalcum","Bottled Lightning","StrikeDummy"],"acts_visited":["TheCity","TheBeyond"],"potions_floor_usage":[33,33,37,39,39,45,45],"damage_taken":[{"damage":0.0,"enemies":"Cultist","floor":1.0,"turns":4.0},{"damage":0.0,"enemies":"2 Louse","floor":2.0,"turns":3.0},{"damage":1.0,"enemies":"Small Slimes","floor":3.0,"turns":4.0},{"damage":7.0,"enemies":"2 Fungi Beasts","floor":5.0,"turns":5.0},{"damage":10.0,"enemies":"3 Sentries","floor":7.0,"turns":8.0},{"damage":28.0,"enemies":"Gremlin Nob","floor":10.0,"turns":4.0},{"damage":4.0,"enemies":"The Guardian","floor":16.0,"turns":11.0},{"damage":4.0,"enemies":"Shell Parasite","floor":18.0,"turns":6.0},{"damage":5.0,"enemies":"2 Thieves","floor":21.0,"turns":4.0},{"damage":53.0,"enemies":"Masked Bandits","floor":22.0,"turns":6.0},{"damage":3.0,"enemies":"Snecko","floor":24.0,"turns":5.0},{"damage":11.0,"enemies":"Centurion and Healer","floor":28.0,"turns":6.0},{"damage":10.0,"enemies":"Shelled Parasite and Fungi","floor":29.0,"turns":4.0},{"damage":16,"enemies":"Automaton","floor":33,"turns":12},{"damage":9,"enemies":"3 Darklings","floor":35,"turns":4},{"damage":1,"enemies":"3 Shapes","floor":36,"turns":4},{"damage":0,"enemies":"Sphere and 2 Shapes","floor":37,"turns":5},{"damage":39,"enemies":"Spire Growth","floor":39,"turns":5},{"damage":7,"enemies":"Giant Head","floor":40,"turns":7},{"damage":32,"enemies":"Reptomancer","floor":45,"turns":6}],"seed_played":"-7866408305087771457","potions_obtained":[{"floor":2.0,"key":"Regen Potion"},{"floor":5.0,"key":"Fire Potion"},{"floor":7.0,"key":"Explosive Potion"},{"floor":16.0,"key":"Weak Potion"},{"floor":18.0,"key":"DistilledChaos"},{"floor":22.0,"key":"SpeedPotion"},{"floor":24.0,"key":"BlessingOfTheForge"},{"floor":35,"key":"SkillPotion"},{"floor":36,"key":"FearPotion"},{"floor":37,"key":"AttackPotion"}],"is_trial":false,"path_per_floor":["M","M","M","?","M","R","E","R","T","E","$","?","$","?","R","B",null,"M","?","?","M","?","R","M","?","T","R","M","M","R","$","R","B",null,"M","M","M","T","M","E","$","?","T","?","E"],"character_chosen":"THE_SILENT","items_purchased":["Noxious Fumes","Crippling Poison","CunningPotion","AttackPotion","ColorlessPotion","Backflip","Footwork","Dodge and Roll","LiquidMemories","Dexterity Potion"],"campfire_rested":1,"item_purchase_floors":[11,11,11,31,31,41,41,41,41,41],"current_hp_per_floor":[70,70,69,50,43,43,33,33,33,17,17,5,5,5,28,39,68,64,64,64,59,18,18,27,27,27,27,28,30,30,30,30,26,64,55,54,54,54,27,32,32,32,32,32,0,0],"gold":106,"neow_bonus":"TEN_PERCENT_HP_BONUS","is_daily":false,"chose_seed":false,"campfire_upgraded":6,"win_rate":0.0,"timestamp":1611442751,"path_taken":["M","M","M","?","M","R","E","R","T","E","$","?","$","?","R","BOSS","M","?","?","M","?","R","M","?","T","R","M","?","R","?","R","BOSS","M","?","M","?","?","E","$","?","T","?","E"],"items_purchased_type":["Card","Card","Potion","Potion","Potion","Card","Card","Card","Potion","Potion"],"build_version":"2020-12-22","purchased_purges":1,"victory":false,"max_hp_per_floor":[77,77,77,77,77,77,77,77,77,77,77,77,77,77,77,77,77,77,77,77,77,77,77,77,77,77,77,77,77,77,77,77,77,77,77,77,77,77,77,77,77,73,73,73,73,73],"relic_stats":{"counters":[20,113],"Golden Idol":111,"Astrolabe":["Malaise","Riddle With Holes","Blade Dance"],"Tiny Chest":1,"Bag of Preparation":[24],"Kunai":[57],"Orichalcum":[24],"obtain_stats":[{"Golden Idol":4,"Astrolabe":34,"Bag of Preparation":20,"Orichalcum":38,"Mercury Hourglass":9,"Tiny Chest":26,"Coffee Dripper":17,"Red Mask":22,"Kunai":10,"Bottled Lightning":40,"StrikeDummy":43,"Ring of the Snake":0,"Meat on the Bone":7},{"Golden Idol":3,"Astrolabe":14,"Bag of Preparation":8,"Orichalcum":17,"Mercury Hourglass":5,"Tiny Chest":11,"Coffee Dripper":7,"Red Mask":10,"Kunai":6,"Bottled Lightning":19,"StrikeDummy":19,"Ring of the Snake":0,"Meat on the Bone":5},{"Golden Idol":11,"Astrolabe":82,"Bag of Preparation":45,"Orichalcum":95,"Mercury Hourglass":24,"Tiny Chest":60,"Coffee Dripper":39,"Red Mask":55,"Kunai":28,"Bottled Lightning":107,"StrikeDummy":107,"Ring of the Snake":0,"Meat on the Bone":24}],"Ring of the Snake":[40],"Meat on the Bone":96,"Mercury Hourglass":[348]},"card_choices":[{"not_picked":["Cloak And Dagger","Underhanded Strike"],"picked":"Backflip","floor":1.0},{"not_picked":["Outmaneuver","Acrobatics"],"picked":"Dodge and Roll","floor":2.0},{"not_picked":["Acrobatics","Deflect"],"picked":"Infinite Blades","floor":3.0},{"not_picked":["After Image","Deflect"],"picked":"Riddle With Holes","floor":5.0},{"not_picked":["Deflect","Reflex"],"picked":"Well Laid Plans","floor":7.0},{"not_picked":["Backstab","Flying Knee"],"picked":"Burst","floor":10.0},{"not_picked":["Glass Knife","Unload"],"picked":"Malaise","floor":16.0},{"not_picked":["Slice","Dagger Throw"],"picked":"Dodge and Roll","floor":18.0},{"not_picked":["Dash+1","Terror"],"picked":"Blade Dance","floor":21.0},{"not_picked":["Predator","Crippling Poison","Skewer+1"],"picked":"SKIP","floor":24.0},{"not_picked":["Flechettes","Choke"],"picked":"Crippling Poison+1","floor":28.0},{"not_picked":["Slice","Terror"],"picked":"Deflect","floor":29.0},{"not_picked":["Terror","Poisoned Stab"],"picked":"Accuracy","floor":35},{"not_picked":["Quick Slash","Dagger Throw"],"picked":"Phantasmal Killer","floor":36},{"not_picked":["Distraction","Flying Knee","Poisoned Stab"],"picked":"SKIP","floor":37},{"not_picked":["Slice+1","Catalyst"],"picked":"Accuracy+1","floor":39},{"not_picked":["Flying Knee","Choke","Riddle With Holes"],"picked":"SKIP","floor":40}],"player_experience":380466,"relics_obtained":[{"floor":7.0,"key":"Meat on the Bone"},{"floor":9.0,"key":"Mercury Hourglass"},{"floor":10.0,"key":"Kunai"},{"floor":22.0,"key":"Red Mask"},{"floor":26.0,"key":"Tiny Chest"},{"floor":38,"key":"Orichalcum"},{"floor":40,"key":"Bottled Lightning"},{"floor":43,"key":"StrikeDummy"}],"event_choices":[{"damage_healed":0.0,"max_hp_gain":0.0,"max_hp_loss":0.0,"gold_gain":0.0,"event_name":"Golden Idol","player_choice":"Take Damage","floor":4.0,"gold_loss":0.0,"damage_taken":19.0,"relics_obtained":["Golden Idol"]},{"damage_healed":0.0,"max_hp_gain":0.0,"max_hp_loss":0.0,"gold_gain":0.0,"event_name":"Scrap Ooze","player_choice":"Fled","floor":12.0,"gold_loss":0.0,"damage_taken":12.0},{"damage_healed":0.0,"max_hp_gain":0.0,"max_hp_loss":0.0,"gold_gain":0.0,"event_name":"World of Goop","player_choice":"Left Gold","floor":14.0,"gold_loss":15.0,"damage_taken":0.0},{"damage_healed":0.0,"max_hp_gain":0.0,"max_hp_loss":0.0,"gold_gain":99.0,"event_name":"Nest","player_choice":"Stole From Cult","floor":19.0,"gold_loss":0.0,"damage_taken":0.0},{"damage_healed":0.0,"max_hp_gain":0.0,"max_hp_loss":0.0,"gold_gain":0.0,"event_name":"Addict","player_choice":"Obtained Relic","floor":20.0,"gold_loss":85.0,"damage_taken":0.0,"relics_obtained":["Bag of Preparation"]},{"damage_healed":0.0,"max_hp_gain":0.0,"max_hp_loss":0.0,"gold_gain":0.0,"event_name":"Masked Bandits","player_choice":"Fought Bandits","floor":22.0,"gold_loss":0.0,"damage_taken":0.0},{"damage_healed":0.0,"max_hp_gain":0.0,"max_hp_loss":0.0,"gold_gain":0.0,"cards_transformed":["Strike_G"],"event_name":"Transmorgrifier","player_choice":"Transformed","floor":25.0,"gold_loss":0.0,"damage_taken":0.0,"cards_obtained":["Distraction"]},{"damage_healed":0,"gold_gain":0,"player_choice":"Max HP","damage_taken":0,"max_hp_gain":0,"max_hp_loss":4,"event_name":"Winding Halls","floor":42,"gold_loss":0},{"damage_healed":0,"gold_gain":0,"player_choice":"Ignored","damage_taken":0,"max_hp_gain":0,"max_hp_loss":0,"event_name":"Tomb of Lord Red Mask","floor":44,"gold_loss":0}],"is_beta":false,"boss_relics":[{"not_picked":["HoveringKite","WristBlade"],"picked":"Coffee Dripper"},{"not_picked":["Snecko Eye","Velvet Choker"],"picked":"Astrolabe"}],"items_purged_floors":[41],"is_endless":false,"potions_floor_spawned":[2,5,7,16,18,22,24,35,36,37],"killed_by":"Reptomancer","ascension_level":13}}