{"host":"qekv59dthhdg54sz","time":1611410614,"event":{"mods":["AchievementEnabler","BaseMod","Colored Map","DeckTracker","KOR Keyword Fix","Minty Spire (QoL Compilation)","Rare Cards Sparkle","StSLib","SuperFastMode"],"gold_per_floor":[119,119,119,144,144,144,179,179,206,274,287,328,253,273,273,362,362,362,327,377,448,548,548,71,95,95,108,108,108],"floor_reached":28,"language":"KOR","playtime":556,"items_purged":["Strike_G"],"score":506,"play_id":"85e99aba-4c0e-424d-a204-07a4202b8ba3","local_time":"20210123230334","is_ascension_mode":true,"campfire_choices":[{"data":"Tactician","floor":6.0,"key":"SMITH"},{"data":"Acrobatics","floor":8.0,"key":"SMITH"},{"data":"Reflex","floor":15.0,"key":"SMITH"},{"floor":23.0,"key":"REST"}],"circlet_count":0,"master_deck":["AscendersBane","Strike_G","Strike_G","Strike_G","Defend_G","Defend_G","Defend_G","Defend_G","Defend_G","Survivor","Neutralize","Tactician+1","Crippling Poison","Acrobatics+1","Dagger Spray","Poisoned Stab","Reflex+1","Venomology","Apotheosis","Prepared","Choke"],"relics":["Ring of the Snake","NeowsBlessing","Golden Idol","SsserpentHead","Gremlin Horn","Vajra","Pantograph","Philosopher\u0027s Stone","Strawberry","Gambling Chip","Lizard Tail"],"acts_visited":["Exordium","TheCity"],"potions_floor_usage":[27,28],"damage_taken":[{"damage":0.0,"enemies":"Jaw Worm","floor":1.0,"turns":1.0},{"damage":0.0,"enemies":"Small Slimes","floor":4.0,"turns":1.0},{"damage":0.0,"enemies":"Lagavulin","floor":7.0,"turns":2.0},{"damage":0.0,"enemies":"Cultist","floor":10.0,"turns":3.0},{"damage":11.0,"enemies":"3 Louse","floor":11.0,"turns":2.0},{"damage":26.0,"enemies":"Gremlin Nob","floor":12.0,"turns":4.0},{"damage":0.0,"enemies":"Gremlin Gang","floor":14.0,"turns":2.0},{"damage":60.0,"enemies":"Hexaghost","floor":16.0,"turns":12.0},{"damage":12.0,"enemies":"Spheric Guardian","floor":18.0,"turns":5.0},{"damage":37.0,"enemies":"3 Byrds","floor":21.0,"turns":6.0},{"damage":0.0,"enemies":"Snake Plant","floor":25.0,"turns":5.0},{"damage":21,"enemies":"Snecko","floor":27,"turns":6},{"damage":5,"enemies":"Chosen and Byrds","floor":28,"turns":5}],"seed_played":"-4304127630367414263","potions_obtained":[{"floor":1.0,"key":"Regen Potion"},{"floor":4.0,"key":"BlessingOfTheForge"},{"floor":12.0,"key":"Poison Potion"},{"floor":21.0,"key":"Ancient Potion"}],"is_trial":false,"path_per_floor":["M","?","?","M","?","R","E","R","T","M","M","E","$","M","R","B",null,"M","?","?","M","?","R","$","M","T","M","M"],"character_chosen":"THE_SILENT","items_purchased":["Gambling Chip","Apotheosis"],"campfire_rested":1,"item_purchase_floors":[24,24],"current_hp_per_floor":[59,59,64,64,64,64,64,64,64,64,53,27,27,27,27,7,51,39,46,46,9,9,30,30,30,30,9,4,4],"gold":108,"neow_bonus":"THREE_ENEMY_KILL","is_daily":false,"chose_seed":false,"campfire_upgraded":3,"win_rate":0.0,"timestamp":1611410614,"path_taken":["M","?","?","M","?","R","E","R","T","?","M","E","$","M","R","BOSS","M","?","?","?","?","R","?","M","T","M","M"],"items_purchased_type":["Relic","Card"],"build_version":"2020-12-22","purchased_purges":1,"victory":false,"max_hp_per_floor":[66,60,65,65,65,65,65,65,65,65,65,65,65,65,65,65,65,65,72,72,72,72,72,72,72,72,72,72,72],"card_choices":[{"not_picked":["Predator","PiercingWail"],"picked":"Tactician","floor":1.0},{"not_picked":["Outmaneuver","Cloak And Dagger"],"picked":"Crippling Poison","floor":4.0},{"not_picked":["Dodge and Roll","PiercingWail"],"picked":"Acrobatics","floor":7.0},{"not_picked":["Blur","PiercingWail"],"picked":"Dagger Spray","floor":10.0},{"not_picked":["Underhanded Strike","Blade Dance"],"picked":"Poisoned Stab","floor":11.0},{"not_picked":["Wraith Form v2","Deadly Poison"],"picked":"Reflex","floor":12.0},{"not_picked":["Sucker Punch","Acrobatics","Quick Slash"],"picked":"SKIP","floor":14.0},{"not_picked":["Bullet Time","A Thousand Cuts"],"picked":"Venomology","floor":16.0},{"not_picked":["Caltrops","Terror","Tactician"],"picked":"SKIP","floor":21.0},{"not_picked":["Riddle With Holes","Dagger Spray"],"picked":"Prepared","floor":25.0},{"not_picked":["Sucker Punch","Flying Knee+1"],"picked":"Choke","floor":27}],"player_experience":813368,"relics_obtained":[{"floor":7.0,"key":"Gremlin Horn"},{"floor":9.0,"key":"Vajra"},{"floor":12.0,"key":"Pantograph"},{"floor":26.0,"key":"Lizard Tail"}],"event_choices":[{"damage_healed":0.0,"max_hp_gain":0.0,"max_hp_loss":6.0,"gold_gain":0.0,"event_name":"Golden Idol","player_choice":"Lose Max HP","floor":2.0,"gold_loss":0.0,"damage_taken":0.0,"relics_obtained":["Golden Idol"]},{"damage_healed":0.0,"max_hp_gain":5.0,"max_hp_loss":0.0,"gold_gain":0.0,"event_name":"Big Fish","player_choice":"Donut","floor":3.0,"gold_loss":0.0,"damage_taken":0.0},{"damage_healed":0.0,"max_hp_gain":0.0,"max_hp_loss":0.0,"gold_gain":0.0,"event_name":"FaceTrader","player_choice":"Trade","floor":5.0,"gold_loss":0.0,"damage_taken":0.0,"relics_obtained":["SsserpentHead"]},{"damage_healed":0.0,"max_hp_gain":0.0,"max_hp_loss":0.0,"gold_gain":0.0,"event_name":"Addict","player_choice":"Obtained Relic","floor":19.0,"gold_loss":85.0,"damage_taken":0.0,"relics_obtained":["Strawberry"]},{"cards_removed":["Strike_G"],"damage_healed":0.0,"max_hp_gain":0.0,"max_hp_loss":0.0,"gold_gain":0.0,"event_name":"Purifier","player_choice":"Purged","floor":20.0,"gold_loss":0.0,"damage_taken":0.0},{"damage_healed":0.0,"max_hp_gain":0.0,"max_hp_loss":0.0,"gold_gain":100.0,"event_name":"The Joust","player_choice":"Bet on Murderer","floor":22.0,"gold_loss":50.0,"damage_taken":0.0}],"is_beta":false,"boss_relics":[{"not_picked":["Coffee Dripper","Black Star"],"picked":"Philosopher\u0027s Stone"}],"items_purged_floors":[13],"is_endless":false,"potions_floor_spawned":[1,4,12,21],"killed_by":"Chosen and Byrds","ascension_level":20}}