{"host":"z5ogtnuuoxgup8y1","time":1611365569,"event":{"mods":["BaseMod","Better Third Choice","BetterRewards","Hermit","Hubris","Jorbs\u0027s Wanderer Trilogy","Minty Spire (QoL Compilation)","Replay The Spire","Spicy Shops","StSLib","The Cursed","The Disciple","The Hierophant","The Jungle","The Runesmith"],"gold_per_floor":[115,14,26,40,40,75,75,88,88,88,15,15,50,61,61,135,135,151,91,16,30,43,43,77,97,171,7,7,39,50,50,50,126,126,145,11,11,11,23,27,27,56,137,162,176,279,307,327,327,327],"floor_reached":51,"language":"ENG","playtime":3351,"items_purged":["Strike_P","Strike_P","Consecrate","Wallop"],"score":2230,"play_id":"9e76b802-641c-489c-85b7-c4fb5380bf7e","local_time":"20210123013249","is_ascension_mode":true,"campfire_choices":[{"data":"Strike_P","floor":7.0,"key":"PURGE"},{"floor":12,"key":"DIG"},{"data":"Conclude","floor":15,"key":"PURGE"},{"data":"SignatureMove","floor":23,"key":"SMITH"},{"data":"MentalFortress","floor":28,"key":"SMITH"},{"floor":32,"key":"REST"},{"floor":41,"key":"DIG"},{"data":"Devotion","floor":49,"key":"SMITH"}],"circlet_count":0,"master_deck":["AscendersBane","Eruption","Vigilance","Pot Of Greed","Pot Of Greed","Halt+1","SignatureMove+1","ThirdEye","MentalFortress+1","DeusExMachina","Pot Of Greed","hubris:DuctTapeCard","Crescendo","Scrawl","EmptyBody","Devotion+1","MentalFortress"],"relics":["PureWater","Replay:PocketPolymizer","OrangePellets","Grinning Jar","Replay:Multitool","Membership Card","hubris:CuriousFeather","Lee\u0027s Waffle","Ginger","hubris:BottledRain","Singing Bowl","hubris:PeanutButter","Replay:Baseball","Pet Ghost","Replay:Bottled Flurry","Snecko Eye","Darkstone Periapt","hubris:DuctTape","Calipers","Busted Crown","BargainBundle","Bag of Marbles","hubris:Icosahedron","FossilizedHelix","Bag of Preparation","hubris:Potato","Replay:WaspNest","Sundial","Replay:Wax Seal"],"acts_visited":["Exordium","TheCity","TheBeyond"],"potions_floor_usage":[13,16,24,33,50],"damage_taken":[{"damage":0.0,"enemies":"Cultist","floor":1.0,"turns":2.0},{"damage":4.0,"enemies":"2 Louse","floor":3.0,"turns":2.0},{"damage":0.0,"enemies":"Jaw Worm","floor":4.0,"turns":2.0},{"damage":25.0,"enemies":"3 Sentries","floor":6.0,"turns":8.0},{"damage":14.0,"enemies":"Red Slaver","floor":8.0,"turns":2.0},{"damage":0,"enemies":"Gremlin Nob","floor":13,"turns":2},{"damage":0,"enemies":"3 Louse","floor":14,"turns":3},{"damage":16,"enemies":"The Guardian","floor":16,"turns":10},{"damage":0,"enemies":"Chosen","floor":18,"turns":4},{"damage":9,"enemies":"2 Thieves","floor":21,"turns":2},{"damage":0,"enemies":"Snake Plant","floor":22,"turns":3},{"damage":12,"enemies":"Gremlin Leader","floor":24,"turns":3},{"damage":0,"enemies":"Centurion and Healer","floor":25,"turns":3},{"damage":9,"enemies":"Slavers","floor":29,"turns":5},{"damage":0,"enemies":"Chosen and Byrds","floor":30,"turns":4},{"damage":10,"enemies":"hubris:MusketHawk","floor":33,"turns":6},{"damage":0,"enemies":"3 Shapes","floor":35,"turns":2},{"damage":0,"enemies":"Orb Walker","floor":39,"turns":3},{"damage":0,"enemies":"Giant Head","floor":40,"turns":7},{"damage":0,"enemies":"R_Hoarder","floor":42,"turns":5},{"damage":0,"enemies":"Nemesis","floor":44,"turns":9},{"damage":0,"enemies":"Maw","floor":45,"turns":4},{"damage":0,"enemies":"R_Hoarder","floor":47,"turns":11},{"damage":0,"enemies":"3 Darklings","floor":48,"turns":3},{"damage":0,"enemies":"Awakened One","floor":50,"turns":4}],"seed_played":"-9086648614550517813","potions_obtained":[{"floor":8.0,"key":"AttackPotion"},{"floor":14,"key":"Strength Potion"},{"floor":22,"key":"Adrenaline Potion"},{"floor":25,"key":"Elixir"}],"is_trial":false,"path_per_floor":["M","$","M","M","?","E","R","M","T","R","$","R","E","M","R","B",null,"M","?","$","M","M","R","E","M","T","$","R","E","M","?","R","B",null,"M","$","?","?","M","E","R","E","T","E","M","?","E","M","R","B",null],"character_chosen":"WATCHER","items_purchased":["OrangePellets","FollowUp","Grinning Jar","Membership Card","Wallop","Conclude","Lee\u0027s Waffle","EmptyFist","Ginger","Replay:Baseball","BlessingOfTheForge","Crescendo","Scrawl","BargainBundle","Bag of Marbles","BlessingOfTheForge"],"campfire_rested":1,"item_purchase_floors":[0,0,0,0,0,0,0,2,2,11,20,27,27,36,36,36],"current_hp_per_floor":[75,75,71,71,71,46,46,32,32,54,54,54,54,56,56,40,68,70,70,70,63,63,63,53,55,55,55,55,46,48,48,74,64,81,83,83,83,83,91,93,93,95,95,97,97,79,81,83,83,83],"gold":327,"neow_bonus":"","is_daily":false,"chose_seed":false,"campfire_upgraded":3,"win_rate":0.0,"timestamp":1611365569,"path_taken":["M","$","?","M","?","E","R","?","T","R","$","R","E","M","R","BOSS","M","?","$","M","?","R","E","M","T","$","R","E","M","?","R","BOSS","M","$","?","?","M","E","R","E","T","E","M","?","E","M","R","BOSS"],"items_purchased_type":["Relic","Card","Relic","Relic","Card","Card","Relic","Card","Relic","Relic","Potion","Card","Card","Relic","Relic","Potion"],"build_version":"2020-12-22","purchased_purges":4,"victory":true,"max_hp_per_floor":[75,75,75,75,75,75,75,75,75,75,75,75,75,77,77,77,77,79,79,79,81,81,81,83,85,85,85,85,85,87,87,87,87,87,89,89,89,89,91,93,93,95,95,97,97,103,105,107,107,107],"card_choices":[{"not_picked":["PathToVictory","JustLucky"],"picked":"Halt","floor":1.0},{"not_picked":["Worship","Prostrate","Meditate"],"picked":"SKIP","floor":3.0},{"not_picked":["CrushJoints","Swivel","Meditate"],"picked":"SKIP","floor":4.0},{"not_picked":["Judgement","Replay:AtTheReady"],"picked":"SignatureMove","floor":6.0},{"not_picked":["Replay:BluntJabs","InnerPeace"],"picked":"ThirdEye","floor":8.0},{"not_picked":["Wallop","Replay:Battleflow"],"picked":"MentalFortress","floor":13},{"not_picked":["WindmillStrike","Worship","CarveReality"],"picked":"Singing Bowl","floor":14},{"not_picked":["Replay:AllIn","Wish"],"picked":"DeusExMachina","floor":16},{"not_picked":["Replay:Anticipation+1","Replay:Cycle","Evaluate"],"picked":"Singing Bowl","floor":18},{"not_picked":["Consecrate","CutThroughFate","Tantrum"],"picked":"Singing Bowl","floor":21},{"not_picked":["Tantrum","DeceiveReality"],"picked":"FlurryOfBlows","floor":22},{"not_picked":["FlurryOfBlows","WreathOfFlame","LessonLearned"],"picked":"Singing Bowl","floor":24},{"not_picked":["Evaluate","Nirvana","EmptyFist"],"picked":"Singing Bowl","floor":25},{"not_picked":["InnerPeace+1","SashWhip"],"picked":"EmptyBody","floor":29},{"not_picked":["EmptyFist","EmptyBody","Consecrate"],"picked":"Singing Bowl","floor":30},{"not_picked":["Ragnarok","Establishment"],"picked":"Devotion","floor":33},{"not_picked":["Adaptation"],"picked":"Singing Bowl","floor":35},{"not_picked":["Consecrate"],"picked":"Singing Bowl","floor":39},{"not_picked":["FollowUp"],"picked":"Singing Bowl","floor":40},{"not_picked":["Replay:AtTheReady"],"picked":"Singing Bowl","floor":42},{"not_picked":["Vengeance"],"picked":"Singing Bowl","floor":44},{"not_picked":[],"picked":"MentalFortress","floor":45},{"not_picked":["FlyingSleeves"],"picked":"Singing Bowl","floor":46},{"not_picked":["Crescendo+1"],"picked":"Singing Bowl","floor":46},{"not_picked":["JustLucky"],"picked":"Singing Bowl","floor":46},{"not_picked":["Halt+1"],"picked":"Singing Bowl","floor":47},{"not_picked":["CrushJoints+1"],"picked":"Singing Bowl","floor":48}],"player_experience":681199,"relics_obtained":[{"floor":6.0,"key":"Singing Bowl"},{"floor":9.0,"key":"hubris:PeanutButter"},{"floor":12,"key":"Pet Ghost"},{"floor":13,"key":"Replay:Bottled Flurry"},{"floor":24,"key":"Darkstone Periapt"},{"floor":26,"key":"hubris:DuctTape"},{"floor":29,"key":"Calipers"},{"floor":40,"key":"FossilizedHelix"},{"floor":41,"key":"Bag of Preparation"},{"floor":42,"key":"hubris:Potato"},{"floor":43,"key":"Replay:WaspNest"},{"floor":44,"key":"Sundial"},{"floor":47,"key":"Replay:Wax Seal"}],"event_choices":[{"cards_removed":["FollowUp"],"damage_healed":0.0,"max_hp_gain":0.0,"max_hp_loss":0.0,"gold_gain":0.0,"event_name":"WeMeetAgain","player_choice":"Gave Card","floor":5.0,"gold_loss":0.0,"damage_taken":0.0,"relics_obtained":["hubris:BottledRain"]},{"cards_removed":["Strike_P"],"damage_healed":0,"gold_gain":0,"player_choice":"Single Remove","damage_taken":0,"max_hp_gain":0,"max_hp_loss":0,"event_name":"Designer","floor":19,"gold_loss":60},{"damage_healed":0,"gold_gain":0,"player_choice":"Materialism","damage_taken":0,"max_hp_gain":0,"max_hp_loss":4,"event_name":"betterThird:BetterWriting","floor":31,"gold_loss":0}],"is_beta":false,"boss_relics":[{"not_picked":["Sozu","hubris:Backtick"],"picked":"Snecko Eye"},{"not_picked":["HolyWater","Honey Jar"],"picked":"Busted Crown"}],"items_purged_floors":[0,20,27,36],"is_endless":false,"potions_floor_spawned":[8,14,22,25,29,39,40,47,48],"ascension_level":14}}