{"host":"o6j8h35axmoodbwy","time":1611404245,"event":{"mods":["2.2 Compatiblity","BaseMod","Colored Map","Colored Powertips","MarisaÅiñ∂âJÅ@ñÇóùçπÅj","Minty Spire (QoL Compilation)","Quick Restart","Shop Mod","StSLib","SuperFastMode","Td1madao Mod","The Bug Knight"],"gold_per_floor":[19,33,208,13,24,352,352,378,455,470,47,12,23,23,23,119,119,136,30,90,40,90,90,90],"floor_reached":23,"language":"JPN","playtime":1126,"items_purged":["Doubt","Strike_R"],"score":318,"play_id":"b1bdca57-db7c-411b-81f6-c20552e61b12","local_time":"20210123211725","is_ascension_mode":true,"campfire_choices":[{"data":"Berserk","floor":7.0,"key":"SMITH"},{"floor":15.0,"key":"REST"}],"circlet_count":0,"master_deck":["AscendersBane","Strike_R","Strike_R","Strike_R","Strike_R","Defend_R","Defend_R","Defend_R","Defend_R","Bash","Pommel Strike","Whirlwind","Evolve","Flex","Berserk+1","Feed","Sever Soul","Spot Weakness","Barricade","Entrench","Shrug It Off","Writhe"],"relics":["Burning Blood","Shovel","Old Coin","Red Skull","Paper Frog","HornCleat","SsserpentHead","Cursed Key","PreservedInsect","Question Card"],"acts_visited":["Exordium","TheCity"],"potions_floor_usage":[23,23],"damage_taken":[{"damage":1.0,"enemies":"Cultist","floor":1.0,"turns":3.0},{"damage":6.0,"enemies":"2 Louse","floor":2.0,"turns":3.0},{"damage":3.0,"enemies":"Small Slimes","floor":5.0,"turns":3.0},{"damage":26.0,"enemies":"Gremlin Nob","floor":6.0,"turns":4.0},{"damage":48.0,"enemies":"Lagavulin","floor":8.0,"turns":9.0},{"damage":0.0,"enemies":"3 Louse","floor":10.0,"turns":1.0},{"damage":11.0,"enemies":"Lots of Slimes","floor":13.0,"turns":2.0},{"damage":60.0,"enemies":"Hexaghost","floor":16.0,"turns":10.0},{"damage":36.0,"enemies":"Shell Parasite","floor":18.0,"turns":5.0},{"damage":31.0,"enemies":"Chosen","floor":20.0,"turns":5.0},{"damage":15,"enemies":"Book of Stabbing","floor":23,"turns":3}],"seed_played":"5734772668750938278","potions_obtained":[{"floor":2.0,"key":"PowerPotion"},{"floor":6.0,"key":"DistilledChaos"},{"floor":8.0,"key":"Swift Potion"},{"floor":16.0,"key":"ElixirPotion"},{"floor":18.0,"key":"Ancient Potion"}],"is_trial":false,"path_per_floor":["M","M","?","$","M","E","R","E","T","M","$","?","M","?","R","B",null,"M","$","M","$","?","E"],"character_chosen":"IRONCLAD","items_purchased":["Evolve","Strength Potion","HornCleat","Spot Weakness","PreservedInsect","Shrug It Off"],"campfire_rested":1,"item_purchase_floors":[4,4,11,11,19,21],"current_hp_per_floor":[77,77,77,77,80,60,60,18,18,24,24,44,42,42,66,12,65,35,35,10,10,10,0,0],"gold":90,"neow_bonus":"ONE_RARE_RELIC","is_daily":false,"chose_seed":false,"campfire_upgraded":1,"win_rate":0.0,"timestamp":1611404245,"path_taken":["M","?","?","$","M","E","R","E","T","M","$","?","M","?","R","BOSS","M","?","?","$","?","E"],"items_purchased_type":["Card","Potion","Relic","Card","Relic","Card"],"build_version":"2020-12-22","purchased_purges":2,"victory":false,"max_hp_per_floor":[80,80,80,80,80,80,80,80,80,80,80,80,83,83,83,83,83,83,83,83,83,83,83,83],"card_choices":[{"not_picked":["Iron Wave","Armaments"],"picked":"Pommel Strike","floor":1.0},{"not_picked":["Perfected Strike","Clash"],"picked":"Whirlwind","floor":2.0},{"not_picked":["Twin Strike","Anger"],"picked":"Flex","floor":5.0},{"not_picked":["Spot Weakness","Anger"],"picked":"Berserk","floor":6.0},{"not_picked":["Dropkick","Pommel Strike"],"picked":"Feed","floor":8.0},{"not_picked":["Cleave","Dual Wield"],"picked":"Sever Soul","floor":10.0},{"not_picked":["Blood for Blood","Body Slam","Infernal Blade"],"picked":"SKIP","floor":13.0},{"not_picked":["Double Tap","Brutality"],"picked":"Barricade","floor":16.0},{"not_picked":["Dual Wield","Metallicize","Sword Boomerang"],"picked":"SKIP","floor":18.0},{"not_picked":["Bloodletting","Thunderclap"],"picked":"Entrench","floor":20.0}],"player_experience":520722,"relics_obtained":[{"floor":6.0,"key":"Old Coin"},{"floor":8.0,"key":"Red Skull"},{"floor":9.0,"key":"Paper Frog"}],"event_choices":[{"damage_healed":0.0,"max_hp_gain":0.0,"max_hp_loss":0.0,"gold_gain":175.0,"event_name":"Liars Game","player_choice":"AGREE","floor":3.0,"gold_loss":0.0,"damage_taken":0.0,"cards_obtained":["Doubt"]},{"damage_healed":20.0,"max_hp_gain":0.0,"max_hp_loss":0.0,"gold_gain":0.0,"event_name":"The Cleric","player_choice":"Healed","floor":12.0,"gold_loss":35.0,"damage_taken":0.0},{"damage_healed":0.0,"max_hp_gain":0.0,"max_hp_loss":0.0,"gold_gain":0.0,"event_name":"FaceTrader","player_choice":"Trade","floor":14.0,"gold_loss":0.0,"damage_taken":0.0,"relics_obtained":["SsserpentHead"]},{"damage_healed":0.0,"max_hp_gain":0.0,"max_hp_loss":0.0,"gold_gain":0.0,"event_name":"The Mausoleum","player_choice":"Opened","floor":22.0,"gold_loss":0.0,"damage_taken":0.0,"relics_obtained":["Question Card"],"cards_obtained":["Writhe"]}],"is_beta":false,"boss_relics":[{"not_picked":["Astrolabe","Tiny House"],"picked":"Cursed Key"}],"items_purged_floors":[4,11],"is_endless":false,"potions_floor_spawned":[2,6,8,16,18],"killed_by":"Book of Stabbing","ascension_level":12}}