{"host":"urvvf8749ekcxo1a","time":1611439681,"event":{"mods":["AchievementEnabler","Bartender","BaseMod","Better Sensory Stone","BetterRewards","Colored Powertips","Displayed Cursed Tome","Gold Saver","Grow up Mod","Hero for Fun","KinomotoSakuraMod(????)","Minty Spire (QoL Compilation)","Quick Restart","Relic Filter","Retaliation","StSLib","SuperFastMode","The Cursed","The Hierophant","The Marked","The Servant 0.9.4","TheHero","Thieving Mod","Transform Curses","UnlockEverythingMod"],"gold_per_floor":[157,157,157,225,237,267,267,301,301,319,353,353,370,295,295,398,398,417,430,430,443,443,478,478,553,553,553,564,564,577,590,590,689,689,707,725,725,625,625,654,654,679,679,698,712,587,587,640,640,640,640,640,354,385,385],"floor_reached":56,"language":"ENG","playtime":378,"items_purged":["Defend_Y","Wear_Disguise+1","Strike_Y+1","Strike_Y+1"],"score":1836,"play_id":"577acbed-38ca-4332-a42a-dd5fd08c0fc6","local_time":"20210123170801","is_ascension_mode":true,"campfire_choices":[{"data":"Consecutive_Normal_Punch","floor":7,"key":"SMITH"},{"floor":12,"key":"RECALL"},{"data":"Strike_Y","floor":15,"key":"SMITH"},{"data":"Serious_Side_Hops","floor":24,"key":"SMITH"},{"data":"Consecutive_Normal_Punch","floor":29,"key":"SMITH"},{"data":"Wear_Disguise","floor":32,"key":"SMITH"},{"data":"Oh","floor":47,"key":"SMITH"},{"floor":49,"key":"REST"},{"floor":52,"key":"REST"}],"circlet_count":0,"master_deck":["Strike_Y+1","Serious_Side_Hops+1","Consecutive_Normal_Punch+1","Oh+1","Normal_Punch+1","Hip_Strike"],"relics":["Cape"],"acts_visited":["Exordium","TheCity","TheBeyond","TheEnding"],"potions_floor_usage":[55,55,55],"damage_taken":[{"damage":0,"enemies":"Jaw Worm","floor":1,"turns":1},{"damage":0,"enemies":"Cultist","floor":3,"turns":1},{"damage":0,"enemies":"2 Louse","floor":5,"turns":1},{"damage":0,"enemies":"3 Sentries","floor":6,"turns":1},{"damage":0,"enemies":"Gremlin Nob","floor":8,"turns":1},{"damage":0,"enemies":"Large Slime","floor":10,"turns":1},{"damage":0,"enemies":"Lagavulin","floor":11,"turns":1},{"damage":0,"enemies":"3 Louse","floor":13,"turns":2},{"damage":0,"enemies":"The Guardian","floor":16,"turns":1},{"damage":0,"enemies":"2 Thieves","floor":18,"turns":1},{"damage":0,"enemies":"Shell Parasite","floor":19,"turns":1},{"damage":0,"enemies":"Snake Plant","floor":21,"turns":1},{"damage":0,"enemies":"Book of Stabbing","floor":23,"turns":1},{"damage":0,"enemies":"Shelled Parasite and Fungi","floor":28,"turns":2},{"damage":0,"enemies":"Centurion and Healer","floor":30,"turns":1},{"damage":0,"enemies":"Chosen and Byrds","floor":31,"turns":1},{"damage":0,"enemies":"Champ","floor":33,"turns":1},{"damage":0,"enemies":"Orb Walker","floor":35,"turns":1},{"damage":0,"enemies":"3 Darklings","floor":36,"turns":2},{"damage":0,"enemies":"Giant Head","floor":40,"turns":1},{"damage":0,"enemies":"Nemesis","floor":42,"turns":1},{"damage":0,"enemies":"Spire Growth","floor":44,"turns":1},{"damage":0,"enemies":"Writhing Mass","floor":45,"turns":1},{"damage":0,"enemies":"2 Orb Walkers","floor":48,"turns":1},{"damage":0,"enemies":"Awakened One","floor":50,"turns":2},{"damage":0,"enemies":"Shield and Spear","floor":54,"turns":1},{"damage":0,"enemies":"The Heart","floor":55,"turns":4}],"seed_played":"-7173434389950793073","potions_obtained":[{"floor":6,"key":"ColorlessPotion"},{"floor":8,"key":"Energy Potion"},{"floor":11,"key":"BlessingOfTheForge"}],"is_trial":false,"path_per_floor":["M","?","M","T","M","E","R","E","T","M","E","R","M","$","R","B",null,"M","M","?","M","?","E","R","?","T","?","M","R","M","M","R","B",null,"M","M","?","$","?","E","?","E","T","M","M","$","R","?","R","B",null,"R","$","E","B",null],"character_chosen":"OPM","items_purchased":["Hip_Strike"],"campfire_rested":2,"item_purchase_floors":[53],"current_hp_per_floor":[1118,1128,1138,1148,1158,1168,1178,1188,1198,1208,1218,1228,1238,1248,1258,1268,1278,1288,1298,1308,1318,1328,1338,1348,1358,1368,1378,1388,1398,1408,1418,1428,1438,1448,1458,1468,1405,1415,1425,1435,1445,1455,1465,1475,1485,1495,1505,1515,1525,1535,1545,1555,1565,1575,1585],"gold":385,"neow_bonus":"TEN_PERCENT_HP_BONUS","is_daily":false,"chose_seed":false,"campfire_upgraded":6,"win_rate":0.0,"timestamp":1611439681,"path_taken":["M","?","M","?","M","E","R","E","T","M","E","R","?","?","R","BOSS","M","?","?","M","?","E","R","?","T","?","?","R","M","M","R","BOSS","M","M","?","$","?","E","?","E","T","M","M","$","R","?","R","BOSS","R","$","E","BOSS"],"items_purchased_type":["Card"],"build_version":"2020-12-22","purchased_purges":4,"victory":true,"max_hp_per_floor":[1118,1128,1138,1148,1158,1168,1178,1188,1198,1208,1218,1228,1238,1248,1258,1268,1278,1288,1298,1308,1318,1328,1338,1348,1358,1368,1378,1388,1398,1408,1418,1428,1438,1448,1458,1468,1405,1415,1425,1435,1445,1455,1465,1475,1485,1495,1505,1515,1525,1535,1545,1555,1565,1575,1585],"card_choices":[{"not_picked":["Side_Hop","Hop","Yawn"],"picked":"SKIP","floor":1},{"not_picked":["Slap","Do_Nothing","Hop"],"picked":"SKIP","floor":3},{"not_picked":["Hop","Toss_Stone"],"picked":"Consecutive_Normal_Punch","floor":5},{"not_picked":["Ignore","Hop","Consecutive_Normal_Punch"],"picked":"SKIP","floor":6},{"not_picked":["Wear_Disguise","Do_Nothing","Consecutive_Normal_Punch"],"picked":"SKIP","floor":8},{"not_picked":["Do_Nothing","Slap","Yawn"],"picked":"SKIP","floor":10},{"not_picked":["Wear_Disguise","Ignore","Get_Hopes_Up"],"picked":"SKIP","floor":11},{"not_picked":["Normal_Punch","Consecutive_Normal_Punch","Ignore"],"picked":"SKIP","floor":13},{"not_picked":["Get_Hopes_Up","Terrifying_Presence"],"picked":"Serious_Side_Hops","floor":16},{"not_picked":["Hop","Yawn","Ignore"],"picked":"SKIP","floor":18},{"not_picked":["Toss_Stone","Wear_Disguise","Normal_Punch"],"picked":"SKIP","floor":19},{"not_picked":["Slap","Toss_Stone","Yawn"],"picked":"SKIP","floor":21},{"not_picked":["Ignore","Normal_Punch+1","Yawn"],"picked":"SKIP","floor":23},{"not_picked":["Ignore","Hop","Yawn"],"picked":"SKIP","floor":28},{"not_picked":["Consecutive_Normal_Punch","Wear_Disguise","Hip_Strike"],"picked":"SKIP","floor":30},{"not_picked":["Yawn+1","Wear_Disguise","Side_Hop"],"picked":"SKIP","floor":31},{"not_picked":["Serious_Side_Hops","Hip_Strike"],"picked":"Oh","floor":33},{"not_picked":["Slap+1","Wear_Disguise","Ignore"],"picked":"SKIP","floor":35},{"not_picked":["Wear_Disguise","Do_Nothing","Normal_Punch"],"picked":"SKIP","floor":36},{"not_picked":["Slap+1","Yawn","Wear_Disguise"],"picked":"SKIP","floor":40},{"not_picked":["Do_Nothing","Wear_Disguise","Side_Hop"],"picked":"SKIP","floor":42},{"not_picked":["Normal_Punch","Hop+1","Slap+1"],"picked":"SKIP","floor":44},{"not_picked":["Consecutive_Normal_Punch+1","Hop+1","Side_Hop+1"],"picked":"SKIP","floor":45},{"not_picked":["Toss_Stone","Slap"],"picked":"Normal_Punch+1","floor":48},{"not_picked":["Consecutive_Normal_Punch","Normal_Punch","Side_Hop+1"],"picked":"SKIP","floor":54}],"player_experience":158028,"relics_obtained":[],"event_choices":[{"damage_healed":0,"gold_gain":0,"player_choice":"Ignored","damage_taken":0,"max_hp_gain":0,"max_hp_loss":0,"event_name":"Liars Game","floor":2,"gold_loss":0},{"damage_healed":0,"gold_gain":0,"player_choice":"Simplicity","damage_taken":0,"max_hp_gain":0,"max_hp_loss":0,"event_name":"Back to Basics","floor":20,"gold_loss":0,"cards_upgraded":["Strike_Y","Strike_Y","Strike_Y","Strike_Y"]},{"damage_healed":0,"gold_gain":0,"player_choice":"Ignored","damage_taken":0,"max_hp_gain":0,"max_hp_loss":0,"event_name":"The Mausoleum","floor":22,"gold_loss":0},{"damage_healed":0,"gold_gain":0,"cards_transformed":["Strike_Y","Strike_Y"],"player_choice":"Became Test Subject","damage_taken":0,"max_hp_gain":0,"max_hp_loss":0,"event_name":"Drug Dealer","floor":27,"gold_loss":0,"cards_obtained":["Consecutive_Normal_Punch","Wear_Disguise"]},{"damage_healed":0,"gold_gain":0,"player_choice":"Max HP","damage_taken":0,"max_hp_gain":0,"max_hp_loss":73,"event_name":"Winding Halls","floor":37,"gold_loss":0},{"damage_healed":0,"gold_gain":3,"player_choice":"1","damage_taken":0,"max_hp_gain":0,"max_hp_loss":0,"event_name":"betterStone:BetterStone","floor":39,"gold_loss":0},{"damage_healed":0,"gold_gain":0,"player_choice":"Ignored","damage_taken":0,"max_hp_gain":0,"max_hp_loss":0,"event_name":"Tomb of Lord Red Mask","floor":41,"gold_loss":0},{"damage_healed":0,"gold_gain":0,"player_choice":"Fight","damage_taken":0,"max_hp_gain":0,"max_hp_loss":0,"event_name":"Mysterious Sphere","floor":48,"gold_loss":0}],"is_beta":false,"boss_relics":[{"not_picked":["Philosopher\u0027s Stone","Tiny House","Sozu"]},{"not_picked":["Silver_Glasses","SacredBark","Fusion Hammer"]}],"items_purged_floors":[14,38,46,53],"is_endless":false,"potions_floor_spawned":[6,8,11,13,21,28,30,31,36,40,54],"ascension_level":1}}