{"host":"2e3z4r48quhw80cc","time":1611392991,"event":{"mods":["BaseMod","Minty Spire (QoL Compilation)","Quick Restart","StSLib","SuperFastMode"],"gold_per_floor":[114,189,189,202,202,202,234,234,260,272,300,310,320,61,61,157,157,167,167,187,187,207,207,226,257,338,338,367,367,367,397,397,496,496,514,568,114,114,164,199,210,230,256,256,268,37,54,81,81,81],"floor_reached":51,"language":"KOR","playtime":1295,"items_purged":["Strike_B","Strike_B","Strike_B"],"score":1060,"play_id":"bc38a214-4ece-49ff-b5ae-6f222fcee6ce","local_time":"20210123180951","is_ascension_mode":true,"campfire_choices":[{"data":"Zap","floor":6.0,"key":"SMITH"},{"data":"Storm","floor":8.0,"key":"SMITH"},{"data":"Defragment","floor":15.0,"key":"SMITH"},{"data":"White Noise","floor":23.0,"key":"SMITH"},{"data":"Recycle","floor":27.0,"key":"SMITH"},{"floor":29.0,"key":"REST"},{"data":"Creative AI","floor":32.0,"key":"SMITH"},{"data":"Apotheosis","floor":49.0,"key":"SMITH"}],"circlet_count":0,"master_deck":["Strike_B+1","Defend_B","Defend_B","Defend_B","Defend_B","Zap+1","Dualcast","Storm+1","Capacitor","Recycle+1","Core Surge","Heatsinks","Static Discharge","Defragment+1","White Noise+1","Self Repair","Biased Cognition","Auto Shields+1","Barrage+1","Creative AI+1","Rainbow","Apotheosis+1","Defragment","Thunder Strike","Conserve Battery"],"relics":["Cracked Core","NeowsBlessing","Meat on the Bone","Strawberry","Regal Pillow","Vajra","Tiny Chest","Black Star","Letter Opener","PreservedInsect","DataDisk","Shuriken","Smiling Mask","Bag of Marbles","Sundial","Gambling Chip","Du-Vu Doll","Busted Crown","Torii","Anchor","Incense Burner","Orichalcum","Singing Bowl","Whetstone","Blood Vial","StoneCalendar","Lizard Tail"],"acts_visited":["Exordium","TheCity","TheBeyond"],"potions_floor_usage":[50,50,50],"damage_taken":[{"damage":0.0,"enemies":"Cultist","floor":1.0,"turns":1.0},{"damage":0.0,"enemies":"Jaw Worm","floor":4.0,"turns":1.0},{"damage":0.0,"enemies":"Gremlin Nob","floor":7.0,"turns":1.0},{"damage":0.0,"enemies":"Small Slimes","floor":10.0,"turns":2.0},{"damage":20.0,"enemies":"Lagavulin","floor":11.0,"turns":6.0},{"damage":15.0,"enemies":"Exordium Thugs","floor":12.0,"turns":4.0},{"damage":17.0,"enemies":"Looter","floor":13.0,"turns":3.0},{"damage":22.0,"enemies":"Hexaghost","floor":16.0,"turns":6.0},{"damage":17.0,"enemies":"2 Thieves","floor":18.0,"turns":2.0},{"damage":27.0,"enemies":"3 Byrds","floor":20.0,"turns":3.0},{"damage":10.0,"enemies":"Snecko","floor":22.0,"turns":3.0},{"damage":18.0,"enemies":"Chosen and Byrds","floor":24.0,"turns":4.0},{"damage":25.0,"enemies":"Gremlin Leader","floor":25.0,"turns":4.0},{"damage":39.0,"enemies":"Book of Stabbing","floor":28.0,"turns":3.0},{"damage":43.0,"enemies":"Gremlin Leader","floor":31.0,"turns":4.0},{"damage":36.0,"enemies":"Collector","floor":33.0,"turns":6.0},{"damage":0.0,"enemies":"3 Shapes","floor":35.0,"turns":3.0},{"damage":7.0,"enemies":"2 Orb Walkers","floor":36.0,"turns":3.0},{"damage":18.0,"enemies":"Mind Bloom Boss Battle","floor":39.0,"turns":4.0},{"damage":25.0,"enemies":"Giant Head","floor":40.0,"turns":6.0},{"damage":6.0,"enemies":"3 Darklings","floor":41.0,"turns":3.0},{"damage":11.0,"enemies":"Writhing Mass","floor":42.0,"turns":4.0},{"damage":8.0,"enemies":"Maw","floor":45.0,"turns":5.0},{"damage":28.0,"enemies":"Jaw Worm Horde","floor":47.0,"turns":2.0},{"damage":38.0,"enemies":"Nemesis","floor":48.0,"turns":3.0},{"damage":42,"enemies":"Donu and Deca","floor":50,"turns":6}],"seed_played":"4452837662623626916","potions_obtained":[{"floor":1.0,"key":"PowerPotion"},{"floor":4.0,"key":"SkillPotion"},{"floor":7.0,"key":"FocusPotion"},{"floor":12.0,"key":"DistilledChaos"},{"floor":18.0,"key":"BlessingOfTheForge"},{"floor":21.0,"key":"SmokeBomb"},{"floor":33.0,"key":"Block Potion"},{"floor":40.0,"key":"LiquidMemories"},{"floor":42.0,"key":"Regen Potion"},{"floor":45.0,"key":"EssenceOfSteel"},{"floor":47.0,"key":"Ancient Potion"}],"is_trial":false,"path_per_floor":["M","?","T","M","?","R","E","R","T","M","E","M","M","$","R","B",null,"M","?","M","?","M","R","M","E","T","R","E","R","T","E","R","B",null,"M","?","$","?","?","E","M","M","T","T","M","$","M","E","R","B",null],"character_chosen":"DEFECT","items_purchased":["Self Repair","Tiny Chest","Apotheosis","Anchor","Defragment","Thunder Strike","Conserve Battery"],"campfire_rested":1,"item_purchase_floors":[14,14,37,37,37,46,46],"current_hp_per_floor":[75,64,64,64,64,64,71,71,71,71,51,48,43,43,43,40,72,62,62,54,54,51,51,52,46,46,46,26,65,65,41,41,31,69,76,69,69,69,61,60,66,57,57,57,60,60,55,43,43,40],"gold":81,"neow_bonus":"THREE_ENEMY_KILL","is_daily":false,"chose_seed":false,"campfire_upgraded":7,"win_rate":0.0,"timestamp":1611392991,"path_taken":["M","?","?","?","?","R","E","R","T","M","E","M","?","?","R","BOSS","M","?","M","?","M","R","?","E","T","R","E","R","?","E","R","BOSS","M","?","$","?","?","E","M","M","T","?","M","$","M","E","R","BOSS"],"items_purchased_type":["Card","Relic","Card","Relic","Card","Card","Card"],"build_version":"2020-12-22","purchased_purges":3,"victory":true,"max_hp_per_floor":[75,75,75,75,75,75,82,82,82,82,82,82,82,82,82,82,82,82,82,82,82,82,82,82,82,82,82,82,82,82,82,82,82,82,82,82,82,78,78,80,82,84,84,84,86,86,88,90,90,90],"card_choices":[{"not_picked":["Chill","Barrage"],"picked":"Storm","floor":1.0},{"not_picked":["Gash","Leap"],"picked":"Capacitor","floor":4.0},{"not_picked":["Scrape","Doom and Gloom"],"picked":"Heatsinks","floor":7.0},{"not_picked":["Force Field","Redo"],"picked":"Static Discharge","floor":10.0},{"not_picked":["Steam","Conserve Battery"],"picked":"Defragment","floor":11.0},{"not_picked":["Turbo","Loop"],"picked":"White Noise","floor":12.0},{"not_picked":["Aggregate","Static Discharge","Streamline"],"picked":"SKIP","floor":13.0},{"not_picked":["Meteor Strike","Amplify"],"picked":"Biased Cognition","floor":16.0},{"not_picked":["Fusion","Coolheaded","Steam"],"picked":"SKIP","floor":18.0},{"not_picked":["Coolheaded","Sweeping Beam","Rebound"],"picked":"SKIP","floor":20.0},{"not_picked":["Cold Snap","Undo"],"picked":"Auto Shields+1","floor":22.0},{"not_picked":["Beam Cell","Darkness+1","Cold Snap"],"picked":"SKIP","floor":24.0},{"not_picked":["Darkness","Beam Cell+1"],"picked":"Barrage","floor":25.0},{"not_picked":["Stack","Barrage","Recycle"],"picked":"SKIP","floor":28.0},{"not_picked":["Steam","Ball Lightning"],"picked":"Creative AI","floor":31.0},{"not_picked":["Creative AI","Meteor Strike"],"picked":"Rainbow","floor":33.0},{"not_picked":["Compile Driver"],"picked":"SKIP","floor":35.0},{"not_picked":["Turbo+1"],"picked":"Singing Bowl","floor":40.0},{"not_picked":["Barrage+1"],"picked":"Singing Bowl","floor":41.0},{"not_picked":["Turbo+1"],"picked":"Singing Bowl","floor":42.0},{"not_picked":["Hologram"],"picked":"Singing Bowl","floor":45.0},{"not_picked":["Stack+1"],"picked":"Singing Bowl","floor":47.0},{"not_picked":["Doom and Gloom+1"],"picked":"Singing Bowl","floor":48.0}],"player_experience":70344,"relics_obtained":[{"floor":3.0,"key":"Meat on the Bone"},{"floor":7.0,"key":"Strawberry"},{"floor":9.0,"key":"Regal Pillow"},{"floor":11.0,"key":"Vajra"},{"floor":25.0,"key":"PreservedInsect"},{"floor":25.0,"key":"DataDisk"},{"floor":26.0,"key":"Shuriken"},{"floor":28.0,"key":"Smiling Mask"},{"floor":28.0,"key":"Bag of Marbles"},{"floor":30.0,"key":"Sundial"},{"floor":31.0,"key":"Gambling Chip"},{"floor":31.0,"key":"Du-Vu Doll"},{"floor":36.0,"key":"Torii"},{"floor":39.0,"key":"Incense Burner"},{"floor":40.0,"key":"Orichalcum"},{"floor":40.0,"key":"Singing Bowl"},{"floor":43.0,"key":"Whetstone"},{"floor":44.0,"key":"Blood Vial"},{"floor":48.0,"key":"StoneCalendar"},{"floor":48.0,"key":"Lizard Tail"}],"event_choices":[{"damage_healed":0.0,"max_hp_gain":0.0,"max_hp_loss":0.0,"gold_gain":75.0,"event_name":"World of Goop","player_choice":"Gather Gold","floor":2.0,"gold_loss":0.0,"damage_taken":11.0},{"damage_healed":0.0,"max_hp_gain":0.0,"max_hp_loss":0.0,"gold_gain":0.0,"event_name":"Match and Keep!","player_choice":"2 cards matched","floor":5.0,"gold_loss":0.0,"damage_taken":0.0,"cards_obtained":["Recycle","Core Surge"]},{"damage_healed":0.0,"max_hp_gain":0.0,"max_hp_loss":0.0,"gold_gain":0.0,"event_name":"The Mausoleum","player_choice":"Opened","floor":19.0,"gold_loss":0.0,"damage_taken":0.0,"relics_obtained":["Letter Opener"]},{"damage_healed":0.0,"max_hp_gain":0.0,"max_hp_loss":0.0,"gold_gain":0.0,"event_name":"Lab","player_choice":"Got Potions","floor":21.0,"gold_loss":0.0,"damage_taken":0.0},{"damage_healed":0.0,"max_hp_gain":0.0,"max_hp_loss":0.0,"gold_gain":0.0,"event_name":"Mysterious Sphere","player_choice":"Fight","floor":36.0,"gold_loss":0.0,"damage_taken":0.0},{"damage_healed":0.0,"max_hp_gain":0.0,"max_hp_loss":4.0,"gold_gain":0.0,"event_name":"Winding Halls","player_choice":"Max HP","floor":38.0,"gold_loss":0.0,"damage_taken":0.0},{"damage_healed":0.0,"max_hp_gain":0.0,"max_hp_loss":0.0,"gold_gain":0.0,"event_name":"MindBloom","player_choice":"Fight","floor":39.0,"gold_loss":0.0,"damage_taken":0.0}],"is_beta":false,"boss_relics":[{"not_picked":["Runic Dome","Empty Cage"],"picked":"Black Star"},{"not_picked":["Tiny House","Cursed Key"],"picked":"Busted Crown"}],"items_purged_floors":[14,37,46],"is_endless":false,"potions_floor_spawned":[1,4,7,12,18,22,25,33,35,40,42,45,47],"ascension_level":5}}