{"host":"y1oqg7uy0jc6f5mb","time":1611415920,"event":{"mods":["BaseMod","Better Altar","Better Match","Better Note","Better Sensory Stone","Better Skull","Better Third Choice","BetterRewards","Block Reminder","Colored Map","Colored Powertips","Custom Start","DeckTracker","Displayed Cursed Tome","Highlight Path","Ironclad Rager","Minty Spire (QoL Compilation)","Permanent Neow","Quick Restart","Relic Sorter","Relic Stats","Shop Mod","StSLib"],"gold_per_floor":[119,5,17,17,17,44,54,54,54,67,67,67,67,81,81,180,180,199,199,199,215,228,228,131,131,208,219,17,117,117,117,117,117,117],"floor_reached":33,"language":"ENG","playtime":1877,"items_purged":["Strike_B"],"score":295,"play_id":"a522534b-21b2-4500-9fe1-8df2364a3800","local_time":"20210123233200","is_ascension_mode":true,"campfire_choices":[{"data":"Recycle","floor":8.0,"key":"SMITH"},{"data":"Defragment","floor":12.0,"key":"SMITH"},{"data":"Go for the Eyes","floor":15.0,"key":"SMITH"},{"floor":23.0,"key":"REST"},{"floor":25.0,"key":"REST"},{"data":"Stack","floor":30.0,"key":"SMITH"},{"floor":32.0,"key":"REST"}],"circlet_count":0,"master_deck":["Defend_B","Defend_B","Defend_B","Zap","Dualcast","Stack+1","Doom and Gloom","Go for the Eyes+1","Scrape","Recycle+1","Lockon+1","Defragment+1","Genetic Algorithm","Beam Cell+1","Core Surge+1","Lockon+1","Steam+1","Undo","Loop","Hologram"],"relics":["Cracked Core","NeowsBlessing","Darkstone Periapt","Molten Egg 2","Inserter","MutagenicStrength","Bottled Lightning","Juzu Bracelet"],"acts_visited":["Exordium","TheCity"],"potions_floor_usage":[],"damage_taken":[{"damage":0.0,"enemies":"2 Louse","floor":1.0,"turns":1.0},{"damage":0.0,"enemies":"Cultist","floor":3.0,"turns":1.0},{"damage":0.0,"enemies":"Gremlin Nob","floor":6.0,"turns":1.0},{"damage":1.0,"enemies":"Jaw Worm","floor":7.0,"turns":3.0},{"damage":9.0,"enemies":"Looter","floor":10.0,"turns":4.0},{"damage":13.0,"enemies":"Gremlin Gang","floor":14.0,"turns":4.0},{"damage":5.0,"enemies":"Slime Boss","floor":16.0,"turns":6.0},{"damage":12.0,"enemies":"Shell Parasite","floor":18.0,"turns":6.0},{"damage":1.0,"enemies":"Chosen","floor":21.0,"turns":3.0},{"damage":60.0,"enemies":"Sentry and Sphere","floor":22.0,"turns":7.0},{"damage":14.0,"enemies":"Cultist and Chosen","floor":27.0,"turns":6.0},{"damage":64,"enemies":"Collector","floor":33,"turns":6}],"seed_played":"3753104224731202901","potions_obtained":[{"floor":7.0,"key":"Fire Potion"},{"floor":10.0,"key":"Strength Potion"},{"floor":16.0,"key":"Strength Potion"},{"floor":22.0,"key":"SmokeBomb"}],"is_trial":false,"path_per_floor":["M","$","M","?","$","E","M","R","T","M","?","R","?","M","R","B",null,"M","?","?","M","M","R","$","R","T","M","$","?","R","?","R","B"],"character_chosen":"DEFECT","items_purchased":["Doom and Gloom","Fruit Juice","Hologram","Juzu Bracelet"],"campfire_rested":3,"item_purchase_floors":[2,24,28,28],"current_hp_per_floor":[75,75,75,75,75,75,74,74,74,65,65,65,65,52,52,47,75,63,63,63,62,2,24,29,53,53,39,39,39,39,39,63,0,0],"gold":117,"neow_bonus":"THREE_ENEMY_KILL","is_daily":false,"chose_seed":false,"campfire_upgraded":4,"win_rate":0.0,"timestamp":1611415920,"path_taken":["M","$","M","?","$","E","?","R","T","M","?","R","?","?","R","BOSS","M","?","?","?","M","R","?","R","T","M","$","?","R","?","R","BOSS"],"items_purchased_type":["Card","Potion","Card","Relic"],"build_version":"2020-12-22","purchased_purges":1,"victory":false,"max_hp_per_floor":[75,75,75,75,75,75,75,75,75,75,75,75,75,75,75,75,75,75,75,75,75,75,75,80,80,80,80,80,80,80,80,80,80,80],"relic_stats":{"Darkstone Periapt":0,"Inserter":[14],"counters":[12,48],"Juzu Bracelet":2,"obtain_stats":[{"Darkstone Periapt":6,"Inserter":17,"NeowsBlessing":0,"MutagenicStrength":19,"Molten Egg 2":9,"Juzu Bracelet":28,"Bottled Lightning":26,"Cracked Core":0},{"Darkstone Periapt":3,"Inserter":7,"NeowsBlessing":0,"MutagenicStrength":8,"Molten Egg 2":4,"Juzu Bracelet":11,"Bottled Lightning":10,"Cracked Core":0},{"Darkstone Periapt":3,"Inserter":20,"NeowsBlessing":0,"MutagenicStrength":26,"Molten Egg 2":6,"Juzu Bracelet":42,"Bottled Lightning":36,"Cracked Core":0}]},"card_choices":[{"not_picked":["Rebound","Redo"],"picked":"Stack","floor":1.0},{"not_picked":["Steam","Redo"],"picked":"Go for the Eyes","floor":3.0},{"not_picked":["Barrage","Go for the Eyes"],"picked":"Scrape","floor":6.0},{"not_picked":["Coolheaded","White Noise"],"picked":"Recycle","floor":7.0},{"not_picked":["Fission","Steam Power"],"picked":"Lockon+1","floor":10.0},{"not_picked":["Gash+1","Conserve Battery"],"picked":"Beam Cell+1","floor":14.0},{"not_picked":["Thunder Strike+1","Machine Learning"],"picked":"Core Surge+1","floor":16.0},{"not_picked":["Compile Driver+1","Gash+1"],"picked":"Lockon+1","floor":18.0},{"not_picked":["Double Energy","Streamline+1"],"picked":"Steam+1","floor":21.0},{"not_picked":["Redo","Leap"],"picked":"Undo","floor":22.0},{"not_picked":["Rebound+1","Gash+1"],"picked":"Loop","floor":27.0}],"player_experience":152682,"relics_obtained":[{"floor":6.0,"key":"Darkstone Periapt"},{"floor":9.0,"key":"Molten Egg 2"},{"floor":26.0,"key":"Bottled Lightning"}],"event_choices":[{"cards_removed":["Strike_B"],"damage_healed":0.0,"max_hp_gain":0.0,"max_hp_loss":0.0,"gold_gain":0.0,"event_name":"Purifier","player_choice":"Purged","floor":4.0,"gold_loss":0.0,"damage_taken":0.0},{"damage_healed":0.0,"max_hp_gain":0.0,"max_hp_loss":0.0,"gold_gain":0.0,"cards_transformed":["Strike_B"],"event_name":"Living Wall","player_choice":"Change","floor":11.0,"gold_loss":0.0,"damage_taken":0.0,"cards_obtained":["Defragment"]},{"damage_healed":0.0,"max_hp_gain":0.0,"max_hp_loss":0.0,"gold_gain":0.0,"cards_transformed":["Strike_B"],"event_name":"Transmorgrifier","player_choice":"Transformed","floor":13.0,"gold_loss":0.0,"damage_taken":0.0,"cards_obtained":["Genetic Algorithm"]},{"damage_healed":0.0,"max_hp_gain":0.0,"max_hp_loss":0.0,"gold_gain":0.0,"event_name":"Drug Dealer","player_choice":"Inject Mutagens","floor":19.0,"gold_loss":0.0,"damage_taken":0.0,"relics_obtained":["MutagenicStrength"]},{"cards_removed":["Defend_B"],"damage_healed":0.0,"max_hp_gain":0.0,"max_hp_loss":0.0,"gold_gain":0.0,"event_name":"Purifier","player_choice":"Purged","floor":20.0,"gold_loss":0.0,"damage_taken":0.0},{"damage_healed":0.0,"max_hp_gain":0.0,"max_hp_loss":0.0,"gold_gain":100.0,"event_name":"Golden Shrine","player_choice":"Pray","floor":29.0,"gold_loss":0.0,"damage_taken":0.0},{"damage_healed":0.0,"max_hp_gain":0.0,"max_hp_loss":0.0,"gold_gain":0.0,"event_name":"Vampires","player_choice":"Ignored","floor":31.0,"gold_loss":0.0,"damage_taken":0.0}],"is_beta":false,"boss_relics":[{"not_picked":["Calling Bell","Empty Cage"],"picked":"Inserter"}],"items_purged_floors":[2],"is_endless":false,"potions_floor_spawned":[7,10,16,22],"killed_by":"Collector","ascension_level":2}}