{"host":"7z347kdhnquy3q4q","time":1611370538,"event":{"mods":["Act Like it!","BaseMod","Hubris","Minty Spire (QoL Compilation)","MostiFishMod","Permanent Neow","Potionbrewer","Robot Space Explorer","Spicy Shops","StSLib","The Marked","Wandering Minibosses"],"gold_per_floor":[112,112,112,40,55,80,80,80,80,80,99,110,110,125,125,227,227,237,237,237,247,28,57,57,77,77,77,87,104,135,60,60,160,160,173,173,183,201,19,19,33,33,33,33,61,61,61,76,76,76],"floor_reached":51,"language":"ENG","playtime":1658,"items_purged":["theMarked:Improvise"],"score":958,"play_id":"ad0851d9-82b7-4b6b-be24-c3e0262b36d7","local_time":"20210122205538","is_ascension_mode":true,"campfire_choices":[{"floor":7,"key":"REST"},{"floor":15,"key":"REST"},{"data":"theMarked:DispelDoubt","floor":24,"key":"SMITH"},{"data":"theMarked:MysticalArsenal","floor":27,"key":"SMITH"},{"data":"theMarked:ComboAttacks","floor":32,"key":"SMITH"},{"data":"theMarked:SoldierOfQuellstein","floor":40,"key":"SMITH"},{"data":"theMarked:ChannelForce","floor":42,"key":"SMITH"},{"data":"theMarked:TakeOffHeels","floor":44,"key":"SMITH"},{"data":"theMarked:ElementalBlade","floor":46,"key":"SMITH"},{"data":"theMarked:Indomitable","floor":49,"key":"SMITH"}],"circlet_count":0,"master_deck":["theMarked:Strike","theMarked:Strike","theMarked:Defend","theMarked:Defend","theMarked:Defend","theMarked:Defend","theMarked:SoldierOfQuellstein+1","MostiFishMod:Mottled","theMarked:EmpowerWeapon","theMarked:ChainLightning","theMarked:MysticalArsenal+1","theMarked:TakeOffHeels+1","theMarked:Indomitable+1","theMarked:EmpowerWeapon","theMarked:ComboAttacks+1","theMarked:DispelDoubt+1","theMarked:Indomitable+1","theMarked:Opportunist","theMarked:BanishingStrike+1","theMarked:Levitate","theMarked:ElementalBlade+1","theMarked:ChannelForce+1","theMarked:MysticalArsenal+1","theMarked:ComboAttacks+1","theMarked:Improvise+1","MostiFishMod:ButterFly","Writhe","theMarked:EternalStudent","wanderingMiniBosses:FinaleOfPromise"],"relics":["theMarked:ArtifactOfAir","DaveBox","RhineSuit","SynthV:TestCard","potionbrewer:BottledElixir","MostiFishMod:AdaptiveDefenses","Anchor","hubris:Icosahedron","Shuriken","Regal Pillow","ExusiaiGun","Centennial Puzzle","hubris:EmptyBottle","Lantern","Tiny Chest","Smiling Mask","Juzu Bracelet","Cursed Key","PreservedInsect","Frozen Egg 2","wanderingMiniBosses:Blackblade"],"acts_visited":["Exordium","TheCity","TheBeyond"],"potions_floor_usage":[16,28,38,50,50],"damage_taken":[{"damage":0,"enemies":"2 Louse","floor":1,"turns":1},{"damage":3,"enemies":"Jaw Worm","floor":5,"turns":2},{"damage":1,"enemies":"3 Sentries","floor":6,"turns":2},{"damage":0,"enemies":"Small Slimes","floor":11,"turns":2},{"damage":8,"enemies":"Exordium Thugs","floor":12,"turns":6},{"damage":0,"enemies":"Exordium Wildlife","floor":14,"turns":3},{"damage":6,"enemies":"Hexaghost","floor":16,"turns":7},{"damage":0,"enemies":"Chosen","floor":18,"turns":2},{"damage":0,"enemies":"3 Byrds","floor":21,"turns":2},{"damage":0,"enemies":"Book of Stabbing","floor":23,"turns":1},{"damage":0,"enemies":"Centurion and Healer","floor":25,"turns":1},{"damage":0,"enemies":"Shelled Parasite and Fungi","floor":28,"turns":1},{"damage":0,"enemies":"Cultist and Chosen","floor":29,"turns":1},{"damage":0,"enemies":"Slavers","floor":30,"turns":1},{"damage":0,"enemies":"Collector","floor":33,"turns":2},{"damage":0,"enemies":"3 Darklings","floor":35,"turns":1},{"damage":0,"enemies":"Orb Walker","floor":37,"turns":1},{"damage":0,"enemies":"Transient","floor":38,"turns":4},{"damage":0,"enemies":"Writhing Mass","floor":41,"turns":1},{"damage":0,"enemies":"Reptomancer","floor":45,"turns":1},{"damage":26,"enemies":"Jaw Worm Horde","floor":48,"turns":3},{"damage":0,"enemies":"hubris:GrandSnecko","floor":50,"turns":1}],"seed_played":"-8302343378865630131","potions_obtained":[{"floor":5,"key":"Regen Potion"},{"floor":12,"key":"potionbrewer:AcidPotion"},{"floor":16,"key":"CultistPotion"},{"floor":29,"key":"Regen Potion"},{"floor":38,"key":"Dexterity Potion"},{"floor":45,"key":"potionbrewer:EndurancePotion"}],"is_trial":false,"path_per_floor":["M","?","?","$","M","E","R","?","T","?","M","M","T","M","R","B",null,"M","?","?","M","$","E","R","M","T","R","M","M","E","?","R","B",null,"M","?","M","M","$","R","M","R","T","R","E","R","?","M","R","B",null],"character_chosen":"THE_DEFAULT","items_purchased":["MostiFishMod:AdaptiveDefenses","hubris:EmptyBottle","Lantern","MostiFishMod:ButterFly"],"campfire_rested":2,"item_purchase_floors":[4,22,22,39],"current_hp_per_floor":[49,42,39,39,36,35,56,56,56,56,56,48,48,48,70,64,70,70,70,70,70,70,70,70,70,70,70,70,70,70,70,70,70,70,70,70,70,70,70,70,70,70,70,70,70,70,73,67,67,73],"gold":76,"neow_bonus":"RANDOM_COLORLESS_2","is_daily":false,"chose_seed":false,"campfire_upgraded":8,"win_rate":0.0,"timestamp":1611370538,"path_taken":["M","?","?","$","M","E","R","?","T","?","M","?","?","M","R","BOSS","M","?","?","M","$","E","R","M","T","R","M","M","E","?","R","BOSS","M","?","M","M","$","R","M","R","T","R","E","R","?","M","R","BOSS"],"items_purchased_type":["Relic","Relic","Relic","Card"],"build_version":"2020-12-22","purchased_purges":1,"victory":true,"max_hp_per_floor":[70,70,70,70,70,70,70,70,70,70,70,70,70,70,70,70,70,70,70,70,70,70,70,70,70,70,70,70,70,70,70,70,70,70,70,70,70,70,70,70,70,70,70,70,70,70,73,73,73,73],"card_choices":[{"not_picked":["hubris:EnhanceAbility","MostiFishMod:PerfectForm"],"picked":"MostiFishMod:Mottled","floor":0},{"not_picked":["theMarked:Generate","theMarked:Frustration"],"picked":"theMarked:EmpowerWeapon","floor":1},{"not_picked":["theMarked:BanishingStrike","theMarked:AttractMetal","theMarked:SwordAndMagic","theMarked:EmpowerWeapon"],"picked":"theMarked:ChainLightning","floor":5},{"not_picked":["theMarked:Convert","theMarked:Overthink","theMarked:ResourceFulStrike","theMarked:Frustration"],"picked":"theMarked:MysticalArsenal","floor":6},{"not_picked":["theMarked:WastefulAttack","theMarked:EmpowerWeapon","theMarked:ResourceFulStrike","theMarked:ElectricStrings"],"picked":"theMarked:Indomitable","floor":11},{"not_picked":["theMarked:Improvise","theMarked:Parry","theMarked:ChainLightning","theMarked:ReduceFriction"],"picked":"theMarked:EmpowerWeapon","floor":12},{"not_picked":["theMarked:Frustration","theMarked:Parry","theMarked:Improvise","theMarked:EmpowerWeapon"],"picked":"theMarked:ComboAttacks","floor":14},{"not_picked":["theMarked:TakeOffHeels","theMarked:Levitate","theMarked:SuspiciousRaven","theMarked:MagicAdept"],"picked":"theMarked:DispelDoubt","floor":16},{"not_picked":["theMarked:PowerFlow","theMarked:Frustration+1","theMarked:Reabsorb+1","theMarked:ReduceFriction"],"picked":"theMarked:Indomitable+1","floor":18},{"not_picked":["theMarked:Parkour","theMarked:HeightenedSenses","theMarked:SwordAndMagic+1","theMarked:Generate"],"picked":"theMarked:BanishingStrike+1","floor":21},{"not_picked":["theMarked:Aftermath","theMarked:ChainLightning+1","theMarked:WastefulDefense","theMarked:BanishingStrike"],"picked":"theMarked:Levitate","floor":23},{"not_picked":["theMarked:TwofoldDefense+1","theMarked:Static+1","theMarked:ReduceFriction","theMarked:Panic"],"picked":"theMarked:ElementalBlade","floor":25},{"not_picked":["theMarked:Frustration","theMarked:TwofoldDefense","theMarked:RogueSparks","theMarked:Convert+1","theMarked:Electrify+1"],"picked":"SKIP","floor":28},{"not_picked":["theMarked:WastefulAttack","theMarked:Frustration","theMarked:Parkour","theMarked:ElectricStrings","theMarked:Improvise"],"picked":"SKIP","floor":29},{"not_picked":["theMarked:PowerFlow","theMarked:SwordAndMagic","theMarked:Overcharge","theMarked:ThrowWeapon","theMarked:HeightenedSenses"],"picked":"SKIP","floor":30},{"not_picked":["theMarked:Levitate","theMarked:Abjuration","theMarked:BindingBlade","theMarked:FavorableWinds"],"picked":"theMarked:ChannelForce","floor":33},{"not_picked":["theMarked:Reabsorb+1","theMarked:ElectricStrings+1","theMarked:WastefulDefense","theMarked:TwofoldDefense+1"],"picked":"theMarked:MysticalArsenal+1","floor":35},{"not_picked":["theMarked:ShockingTouch+1","theMarked:Parry+1","theMarked:Frustration","theMarked:Aftermath+1"],"picked":"theMarked:ComboAttacks+1","floor":37},{"not_picked":["theMarked:Parkour","theMarked:Parry","theMarked:StartUp","theMarked:Overcharge"],"picked":"theMarked:Improvise+1","floor":38},{"not_picked":["theMarked:Parry+1","theMarked:Aftermath","theMarked:TwofoldDefense","theMarked:TakeCover","theMarked:Improvise"],"picked":"SKIP","floor":41},{"not_picked":["theMarked:Defy","theMarked:SwordAndMagic","theMarked:EmpowerWeapon","theMarked:Indomitable+1"],"picked":"theMarked:EternalStudent","floor":45},{"not_picked":[],"picked":"wanderingMiniBosses:FinaleOfPromise","floor":48},{"not_picked":["theMarked:ElectricStrings+1","theMarked:BanishingStrike","theMarked:Electrocute","theMarked:ElementalBlade+1","theMarked:ResourceFulStrike+1"],"picked":"SKIP","floor":48}],"player_experience":1953158,"relics_obtained":[{"floor":1,"key":"SynthV:TestCard"},{"floor":6,"key":"Anchor"},{"floor":9,"key":"Shuriken"},{"floor":13,"key":"Regal Pillow"},{"floor":23,"key":"Tiny Chest"},{"floor":26,"key":"Smiling Mask"},{"floor":30,"key":"Juzu Bracelet"},{"floor":43,"key":"PreservedInsect"},{"floor":45,"key":"Frozen Egg 2"},{"floor":48,"key":"wanderingMiniBosses:Blackblade"}],"event_choices":[{"cards_removed":["theMarked:Strike"],"damage_healed":0,"gold_gain":0,"player_choice":"Card Removal","damage_taken":7,"max_hp_gain":0,"max_hp_loss":0,"event_name":"Golden Wing","floor":2,"gold_loss":0},{"damage_healed":0,"gold_gain":0,"player_choice":"Success","damage_taken":3,"relics_obtained":["potionbrewer:BottledElixir"],"max_hp_gain":0,"max_hp_loss":0,"event_name":"Scrap Ooze","floor":3,"gold_loss":0},{"damage_healed":0,"gold_gain":0,"player_choice":"2 cards matched","damage_taken":0,"max_hp_gain":0,"max_hp_loss":0,"event_name":"Match and Keep!","floor":10,"gold_loss":0,"cards_obtained":["theMarked:Improvise","theMarked:TakeOffHeels"]},{"damage_healed":0,"gold_gain":0,"player_choice":"Opened","damage_taken":0,"relics_obtained":["Centennial Puzzle"],"max_hp_gain":0,"max_hp_loss":0,"event_name":"The Mausoleum","floor":19,"gold_loss":0},{"damage_healed":0,"gold_gain":0,"player_choice":"Read","damage_taken":0,"max_hp_gain":0,"max_hp_loss":0,"event_name":"The Library","floor":20,"gold_loss":0,"cards_obtained":["theMarked:Opportunist"]},{"cards_removed":["theMarked:Strike"],"damage_healed":0,"gold_gain":0,"player_choice":"Gave Gold","damage_taken":0,"max_hp_gain":0,"max_hp_loss":0,"event_name":"Beggar","floor":31,"gold_loss":75},{"cards_removed":["theMarked:Strike"],"damage_healed":0,"gold_gain":0,"player_choice":"Removed Attack","damage_taken":0,"max_hp_gain":0,"max_hp_loss":0,"event_name":"Falling","floor":36,"gold_loss":0}],"is_beta":false,"boss_relics":[{"not_picked":["RhineFirstAidKit","MostiFishMod:Hod"],"picked":"ExusiaiGun"},{"not_picked":["Snecko Eye","SacredBark"],"picked":"Cursed Key"}],"items_purged_floors":[39],"is_endless":false,"potions_floor_spawned":[5,12,16,18,29,30,33,38,45,48],"ascension_level":1}}