{"host":"yvb207ks1sg3cxef","time":1611400687,"event":{"mods":["2.2 Compatiblity","BaseMod","Bestiary","Colored Powertips","Minty Spire (QoL Compilation)","Permanent Neow","Quick Restart","Relic Stats","StSLib"],"gold_per_floor":[111,129,149,32,3,3,3,3],"floor_reached":7,"language":"ENG","playtime":337,"items_purged":[],"score":82,"play_id":"8dc2e4fd-20b1-4a7f-981b-dd299cb6dbb4","local_time":"20210123164807","is_ascension_mode":true,"campfire_choices":[{"data":"Quick Slash","floor":6,"key":"SMITH"}],"circlet_count":0,"master_deck":["AscendersBane","Strike_G","Strike_G","Strike_G","Strike_G","Strike_G","Defend_G","Defend_G","Defend_G","Defend_G","Defend_G","Survivor","Neutralize+1","Backflip","Escape Plan","Dagger Spray","Quick Slash+1"],"relics":["Ring of the Snake","Peace Pipe"],"acts_visited":["Exordium"],"potions_floor_usage":[7],"damage_taken":[{"damage":1,"enemies":"Small Slimes","floor":1,"turns":5},{"damage":2,"enemies":"Cultist","floor":2,"turns":5},{"damage":0,"enemies":"Jaw Worm","floor":3,"turns":8},{"damage":62,"enemies":"Lagavulin","floor":7,"turns":12}],"seed_played":"-7642659567032943472","potions_obtained":[{"floor":1,"key":"Weak Potion"}],"is_trial":false,"path_per_floor":["M","M","M","?","$","R","E"],"character_chosen":"THE_SILENT","items_purchased":["Quick Slash"],"campfire_rested":0,"item_purchase_floors":[5],"current_hp_per_floor":[58,56,56,56,56,56,0,0],"gold":3,"neow_bonus":"UPGRADE_CARD","is_daily":false,"chose_seed":false,"campfire_upgraded":1,"win_rate":0.0,"timestamp":1611400687,"path_taken":["M","M","M","?","?","R","E"],"items_purchased_type":["Card"],"build_version":"2020-12-22","purchased_purges":0,"victory":false,"max_hp_per_floor":[66,66,66,66,66,66,66,66],"relic_stats":{"Peace Pipe":0,"counters":[4,30],"obtain_stats":[{"Peace Pipe":4,"Ring of the Snake":0},{"Peace Pipe":3,"Ring of the Snake":0},{"Peace Pipe":18,"Ring of the Snake":0}],"Ring of the Snake":[8]},"card_choices":[{"not_picked":["Setup","Escape Plan"],"picked":"Backflip","floor":1},{"not_picked":["Outmaneuver","Flying Knee"],"picked":"Escape Plan","floor":2},{"not_picked":["Outmaneuver","Catalyst"],"picked":"Dagger Spray","floor":3}],"player_experience":418283,"relics_obtained":[],"event_choices":[{"damage_healed":0,"gold_gain":0,"player_choice":"Paid Gold","damage_taken":0,"relics_obtained":["Peace Pipe"],"max_hp_gain":0,"max_hp_loss":0,"event_name":"WeMeetAgain","floor":4,"gold_loss":117}],"is_beta":false,"boss_relics":[],"items_purged_floors":[],"is_endless":false,"potions_floor_spawned":[1],"killed_by":"Lagavulin","ascension_level":20}}