{"host":"qsusua7l529r8z9k","time":1611400670,"event":{"mods":["BaseMod","Koishi","Minty Spire (QoL Compilation)","Spicy Shops","StSLib"],"gold_per_floor":[114,114,127,302,314,341,341,98,98,112,142,169,34,34,34,136,436,448,448,468,85,99,99,112,112,112,131,147,62,62,62,62,166,166,184,203,253,269,51,85,97,0,0,15,27,27,27,27,27,27],"floor_reached":51,"language":"ZHS","playtime":2722,"items_purged":["Regret","Doubt","Koishi:BasicStrike"],"score":812,"play_id":"f1be475f-f024-4f82-906c-535837ac8733","local_time":"20210123191750","is_ascension_mode":false,"campfire_choices":[{"data":"Koishi:HeartAttack","floor":15.0,"key":"SMITH"},{"data":"Purity","floor":23.0,"key":"SMITH"},{"data":"Koishi:Whimsy","floor":25.0,"key":"SMITH"},{"data":"Koishi:FleetingPhantom","floor":30.0,"key":"SMITH"},{"data":"Koishi:Heartbroken","floor":32.0,"key":"SMITH"},{"data":"Koishi:ReleaseOfTheId","floor":46,"key":"SMITH"},{"data":"Koishi:FadingMemory","floor":49,"key":"SMITH"}],"circlet_count":0,"master_deck":["Koishi:BasicStrike","Koishi:BasicDefend+1","Koishi:BasicDefend","Koishi:BasicDefend+1","Koishi:BasicDefend","Koishi:Provoke","Koishi:HauntingSlash","Koishi:HeartAttack+1","Koishi:SubterraneanRose","Koishi:FleetingPhantom+1","Koishi:Whimsy+1","Koishi:SprinkleStarAndHeart","Koishi:EmbersOfLove","Koishi:FreudianInstinct","Koishi:Heartbroken+1","CurseOfTheBell","Koishi:ReleaseOfTheId+1","Koishi:Jaunt+1","Purity+1","Koishi:ReflexRadar+1","Koishi:HeartfeltFancy","Koishi:Bloodlust","Koishi:FadingMemory+1","Koishi:Whimsy+1","Koishi:ReleaseOfTheId+1"],"relics":["Koishi:ImaginaryFriend","NeowsBlessing","Calipers","Strawberry","Du-Vu Doll","TungstenRod","War Paint","StrikeDummy","Thread and Needle","Calling Bell","Tiny Chest","Gremlin Horn","Old Coin","Bag of Preparation","Strange Spoon","The Courier","FossilizedHelix","Pear","Empty Cage","CaptainsWheel","Omamori","Akabeko","Red Mask","Koishi:AHoleWhereASisterShouldBe","Singing Bowl"],"acts_visited":["Exordium","TheCity","TheBeyond"],"potions_floor_usage":[],"damage_taken":[{"damage":0.0,"enemies":"Jaw Worm","floor":1.0,"turns":1.0},{"damage":0.0,"enemies":"Small Slimes","floor":3.0,"turns":1.0},{"damage":0.0,"enemies":"2 Louse","floor":5.0,"turns":1.0},{"damage":47.0,"enemies":"Lagavulin","floor":6.0,"turns":10.0},{"damage":4.0,"enemies":"Large Slime","floor":10.0,"turns":5.0},{"damage":0.0,"enemies":"3 Sentries","floor":12.0,"turns":10.0},{"damage":3.0,"enemies":"The Guardian","floor":16.0,"turns":10.0},{"damage":2.0,"enemies":"3 Byrds","floor":18.0,"turns":4.0},{"damage":6.0,"enemies":"2 Thieves","floor":20.0,"turns":3.0},{"damage":8.0,"enemies":"Snake Plant","floor":22.0,"turns":4.0},{"damage":5.0,"enemies":"Shelled Parasite and Fungi","floor":24.0,"turns":4.0},{"damage":5.0,"enemies":"3 Cultists","floor":27.0,"turns":5.0},{"damage":12.0,"enemies":"Chosen and Byrds","floor":28.0,"turns":9.0},{"damage":5.0,"enemies":"Automaton","floor":33.0,"turns":8.0},{"damage":8.0,"enemies":"3 Shapes","floor":35.0,"turns":3.0},{"damage":0.0,"enemies":"3 Darklings","floor":36.0,"turns":4.0},{"damage":0.0,"enemies":"Mind Bloom Boss Battle","floor":37.0,"turns":6.0},{"damage":0.0,"enemies":"Jaw Worm Horde","floor":38.0,"turns":3.0},{"damage":0.0,"enemies":"Giant Head","floor":40.0,"turns":7.0},{"damage":0,"enemies":"Maw","floor":41,"turns":7},{"damage":0,"enemies":"4 Shapes","floor":44,"turns":4},{"damage":0,"enemies":"Jaw Worm Horde","floor":45,"turns":2},{"damage":1,"enemies":"Awakened One","floor":50,"turns":9}],"seed_played":"7790145223081067714","potions_obtained":[{"floor":5.0,"key":"PowerPotion"},{"floor":27.0,"key":"SpeedPotion"},{"floor":33.0,"key":"Energy Potion"}],"is_trial":false,"path_per_floor":["M","?","M","?","M","E","?","$","T","M","?","E","$","T","R","B",null,"M","?","M","$","M","R","M","R","T","M","M","?","R","T","R","B",null,"M","M","?","M","$","E","M","?","T","M","M","R","?","T","R","B",null],"character_chosen":"KOISHI","items_purchased":["Du-Vu Doll","Koishi:Whimsy","Koishi:FreudianInstinct","Bag of Preparation","Strange Spoon","Purity","Omamori"],"campfire_rested":0,"item_purchase_floors":[8,8,13,21,21,21,39],"current_hp_per_floor":[60,60,60,60,60,21,21,21,21,18,18,18,18,18,18,18,67,67,67,61,61,53,53,49,49,49,44,32,32,32,42,42,37,77,69,69,69,69,69,69,69,69,69,69,69,69,69,69,69,68],"gold":27,"neow_bonus":"THREE_ENEMY_KILL","is_daily":false,"chose_seed":false,"campfire_upgraded":7,"win_rate":0.0,"timestamp":1611400670,"path_taken":["M","?","M","?","M","E","?","$","T","M","?","E","$","?","R","BOSS","M","?","M","$","?","R","M","R","T","M","M","?","R","?","R","BOSS","M","M","?","M","$","E","M","?","T","M","M","R","?","?","R","BOSS"],"items_purchased_type":["Relic","Card","Card","Relic","Relic","Card","Relic"],"build_version":"2020-12-22","purchased_purges":3,"victory":true,"max_hp_per_floor":[60,60,60,60,60,67,67,67,67,67,67,67,67,67,67,67,67,67,67,67,67,67,67,67,67,67,67,67,67,67,77,77,77,77,77,77,77,77,77,77,77,77,77,77,77,77,73,73,73,73],"card_choices":[{"not_picked":["Koishi:StingingMind","Koishi:Prune"],"picked":"Koishi:HeartAttack","floor":1.0},{"not_picked":["Koishi:JumpScare","Koishi:VengefulSpirit"],"picked":"Koishi:SubterraneanRose","floor":3.0},{"not_picked":["Koishi:BloodcurdlingScream","Koishi:UnansweredLove"],"picked":"Koishi:FleetingPhantom","floor":5.0},{"not_picked":["Koishi:HeartAttack","Koishi:Untouchable","Koishi:EmbryosDream"],"picked":"SKIP","floor":6.0},{"not_picked":["Koishi:Prune","Koishi:UnconsciousUprising"],"picked":"Koishi:SprinkleStarAndHeart","floor":10.0},{"not_picked":["Koishi:EmbryosDream","Koishi:ConditionedTeleport"],"picked":"Koishi:EmbersOfLove","floor":12.0},{"not_picked":["Koishi:RuptureMind","Koishi:Ego"],"picked":"Koishi:Heartbroken","floor":16.0},{"not_picked":["Koishi:PhantomStrike+1","Koishi:FleetingPhantom"],"picked":"Koishi:ReleaseOfTheId+1","floor":18.0},{"not_picked":["Koishi:PhantomStrike","Koishi:DNAsFlaw"],"picked":"Koishi:Jaunt+1","floor":20.0},{"not_picked":["Koishi:CatchAndRose","Koishi:SpiritedAway","Koishi:DreadfulBlow+1"],"picked":"SKIP","floor":22.0},{"not_picked":["Koishi:JumpScare","Koishi:PhantomBarrier+1"],"picked":"Koishi:ReflexRadar+1","floor":24.0},{"not_picked":["Koishi:DreadfulBlow","Koishi:FleetingPhantom"],"picked":"Koishi:HeartfeltFancy","floor":27.0},{"not_picked":["Koishi:UnconsciousUprising","Koishi:Catatonia+1"],"picked":"Koishi:Bloodlust","floor":28.0},{"not_picked":["Koishi:ConditionedTeleport","Koishi:ConfinedInnocent"],"picked":"Koishi:FadingMemory","floor":33.0},{"not_picked":["Koishi:SprinkleStarAndHeart+1","Koishi:BloodcurdlingScream+1","Koishi:PhilosophyOfTheDespised"],"picked":"SKIP","floor":35.0},{"not_picked":["Koishi:StingingMind+1","Koishi:FleetingPhantom"],"picked":"Koishi:Whimsy+1","floor":36.0},{"not_picked":["Koishi:CatchAndRose","Koishi:HeartAttack","Koishi:DreadfulBlow"],"picked":"SKIP","floor":38.0},{"not_picked":["Koishi:FleetingPhantom+1","Koishi:SpiritedAway+1"],"picked":"Koishi:ReleaseOfTheId","floor":40},{"not_picked":["Koishi:PhantomBarrier+1","Koishi:VengefulSpirit+1","Koishi:EmbryosDream"],"picked":"SKIP","floor":41},{"not_picked":["Koishi:Possession+1","Koishi:ParalyzingFear+1","Koishi:StrangeCloudFist"],"picked":"SKIP","floor":44},{"not_picked":["Koishi:Jaunt","Koishi:PredatoryInstincts+1","Koishi:Vanish"],"picked":"SKIP","floor":45}],"player_experience":481751,"relics_obtained":[{"floor":6.0,"key":"Strawberry"},{"floor":9.0,"key":"TungstenRod"},{"floor":12.0,"key":"StrikeDummy"},{"floor":14.0,"key":"Thread and Needle"},{"floor":17.0,"key":"Tiny Chest"},{"floor":17.0,"key":"Gremlin Horn"},{"floor":17.0,"key":"Old Coin"},{"floor":26.0,"key":"The Courier"},{"floor":31.0,"key":"Pear"},{"floor":37.0,"key":"CaptainsWheel"},{"floor":40,"key":"Akabeko"},{"floor":43,"key":"Koishi:AHoleWhereASisterShouldBe"},{"floor":48,"key":"Singing Bowl"}],"event_choices":[{"damage_healed":0.0,"max_hp_gain":0.0,"max_hp_loss":0.0,"gold_gain":0.0,"event_name":"Big Fish","player_choice":"Box","floor":2.0,"gold_loss":0.0,"damage_taken":0.0,"relics_obtained":["Calipers"],"cards_obtained":["Regret"]},{"damage_healed":0.0,"max_hp_gain":0.0,"max_hp_loss":0.0,"gold_gain":175.0,"event_name":"Liars Game","player_choice":"AGREE","floor":4.0,"gold_loss":0.0,"damage_taken":0.0,"cards_obtained":["Doubt"]},{"damage_healed":0.0,"max_hp_gain":0.0,"max_hp_loss":0.0,"gold_gain":0.0,"event_name":"Shining Light","player_choice":"Ignored","floor":7.0,"gold_loss":0.0,"damage_taken":0.0},{"damage_healed":0.0,"max_hp_gain":0.0,"max_hp_loss":0.0,"gold_gain":30.0,"event_name":"Dead Adventurer","player_choice":"Searched \u00273\u0027 times","floor":11.0,"gold_loss":0.0,"damage_taken":0.0,"relics_obtained":["War Paint"]},{"damage_healed":0.0,"max_hp_gain":0.0,"max_hp_loss":0.0,"gold_gain":0.0,"event_name":"The Woman in Blue","player_choice":"Bought 0 Potions","floor":19.0,"gold_loss":0.0,"damage_taken":0.0},{"damage_healed":0.0,"max_hp_gain":0.0,"max_hp_loss":0.0,"gold_gain":0.0,"event_name":"Addict","player_choice":"Obtained Relic","floor":29.0,"gold_loss":85.0,"damage_taken":0.0,"relics_obtained":["FossilizedHelix"]},{"damage_healed":0.0,"max_hp_gain":0.0,"max_hp_loss":0.0,"gold_gain":0.0,"event_name":"MindBloom","player_choice":"Fight","floor":37.0,"gold_loss":0.0,"damage_taken":0.0},{"damage_healed":0,"gold_gain":0,"player_choice":"Paid","damage_taken":0,"relics_obtained":["Red Mask"],"max_hp_gain":0,"max_hp_loss":0,"event_name":"Tomb of Lord Red Mask","floor":42,"gold_loss":97},{"damage_healed":0,"gold_gain":0,"player_choice":"Max HP","damage_taken":0,"max_hp_gain":0,"max_hp_loss":4,"event_name":"Winding Halls","floor":47,"gold_loss":0}],"is_beta":false,"boss_relics":[{"not_picked":["Velvet Choker","Busted Crown"],"picked":"Calling Bell"},{"not_picked":["Pandora\u0027s Box","Astrolabe"],"picked":"Empty Cage"}],"items_purged_floors":[8,13,39],"is_endless":false,"potions_floor_spawned":[5,27,33,37,40,44,45],"ascension_level":0}}