{"host":"j07c9owmfahsj8nv","time":1611409851,"event":{"mods":["AchievementEnabler","BaseMod","Custom Start","Minty Spire (QoL Compilation)","Remove Card Discount Mod","Replay The Spire","StSLib"],"gold_per_floor":[118,192,192,94,269,300,330,361,441,471,499,516,541,541,541,640,640,659,396,318,318,44,76,101,133,133,164,164,195,215,118,118,215,215,231,231,254,26,26,54,80,114,140,173,218,236,261,169,222,222],"floor_reached":51,"language":"ZHS","playtime":2972,"items_purged":["Defend_P+1","Strike_P+1","Defend_P+1","Strike_P+1","Doubt","Strike_P+1","Defend_P+1","Delirium","Vigilance+1","SashWhip+1"],"score":1492,"play_id":"70d4e2c0-aad1-45e8-ae40-072dcc68f8eb","local_time":"20210123215051","daily_mods":["Flight","DeadlyEvents","Elite Swarm"],"is_ascension_mode":false,"campfire_choices":[{"floor":15.0,"key":"REST"},{"floor":32.0,"key":"REST"}],"circlet_count":0,"master_deck":["Eruption+1","FollowUp+1","ClearTheMind+1","Brilliance+1","Scrawl+1","DeusExMachina+1","EmptyFist+1","FlurryOfBlows+1","Consecrate+1","Adaptation+1","Crescendo+1","CutThroughFate+1","Prostrate+1","RitualDagger+1","Replay:LoomingThreat+1","Blasphemy+1","Halt+1","TalkToTheHand+1","ReplayTheSpireMod:Private Reserves+1","Eruption+1","Deep Breath+1","Vault+1","FlurryOfBlows+1","Sanctity+1","Sadistic Nature+1"],"relics":["PureWater","replay:Trail_Library","Frozen Egg 2","Toxic Egg 2","Molten Egg 2","Quantum Egg","Empty Cage","War Paint","Whetstone","Guide Book","Membership Card","Replay:Wax Seal","HandDrill","Yang","Happy Flower","Tiny Chest","Garlic","Question Card","Unceasing Top","Replay:Rubber Ducky","Bird Faced Urn","Fusion Hammer","ReplayFunnel","Lantern","ClockworkSouvenir","ReplayTheSpireMod:CursedCoin","MealTicket","Replay:Bottled Steam","TheAbacus","Eternal Feather","ReplayTheSpireMod:TigerMarble","Snack Pack","Prayer Wheel","Potion Belt","Gremlin Horn","Orichalcum","Ancient Tea Set","CloakClasp","Vajra","SlaversCollar","Akabeko","Replay:Purple Gloves","Melange","Pantograph","Dream Catcher","Kunai","Pet Ghost","Chameleon Ring","Bronze Scales","Blue Candle"],"acts_visited":["Exordium","TheCity","TheBeyond"],"potions_floor_usage":[50,50,50],"damage_taken":[{"damage":2.0,"enemies":"Small Slimes","floor":1.0,"turns":3.0},{"damage":0.0,"enemies":"Gremlin Nob","floor":6.0,"turns":2.0},{"damage":0.0,"enemies":"Replay:BlueRogue","floor":7.0,"turns":3.0},{"damage":0.0,"enemies":"Lagavulin","floor":8.0,"turns":3.0},{"damage":0.0,"enemies":"Replay:BlueRogue","floor":10.0,"turns":1.0},{"damage":6.0,"enemies":"3 Sentries","floor":11.0,"turns":7.0},{"damage":0.0,"enemies":"2 Louse","floor":12.0,"turns":1.0},{"damage":16.0,"enemies":"Fading Forest","floor":16.0,"turns":11.0},{"damage":0.0,"enemies":"3 Byrds","floor":18.0,"turns":3.0},{"damage":0.0,"enemies":"Slavers","floor":23.0,"turns":1.0},{"damage":0.0,"enemies":"Replay:Snechameleon","floor":24.0,"turns":1.0},{"damage":0.0,"enemies":"Slavers","floor":25.0,"turns":2.0},{"damage":0.0,"enemies":"Book of Stabbing","floor":27.0,"turns":1.0},{"damage":0.0,"enemies":"Replay:Snechameleon","floor":29.0,"turns":2.0},{"damage":0.0,"enemies":"Spheric Guardian","floor":30.0,"turns":1.0},{"damage":0.0,"enemies":"Automaton","floor":33.0,"turns":2.0},{"damage":3.0,"enemies":"3 Shapes","floor":35.0,"turns":1.0},{"damage":0,"enemies":"Giant Head","floor":40,"turns":1},{"damage":0,"enemies":"Nemesis","floor":41,"turns":1},{"damage":0,"enemies":"R_Hoarder","floor":42,"turns":4},{"damage":0,"enemies":"Giant Head","floor":44,"turns":3},{"damage":0,"enemies":"Orb Walker","floor":46,"turns":1},{"damage":0,"enemies":"R_Hoarder","floor":47,"turns":4},{"damage":18,"enemies":"Donu and Deca","floor":50,"turns":4}],"seed_played":"-7257208294972232442","potions_obtained":[{"floor":6.0,"key":"PowerPotion"},{"floor":12.0,"key":"Fire Potion"},{"floor":16.0,"key":"Elixir"},{"floor":24.0,"key":"Swift Potion"},{"floor":25.0,"key":"DuplicationPotion"},{"floor":29.0,"key":"Elixir"},{"floor":30.0,"key":"PowerPotion"},{"floor":40,"key":"Fire Potion"},{"floor":44,"key":"PowerPotion"},{"floor":47,"key":"ColorlessPotion"}],"is_trial":true,"path_per_floor":["M","?","?","$","?","E","E","E","T","E","E","M","T","T","R","B",null,"M","$","$","?","$","E","E","E","T","E","T","E","M","$","R","B",null,"M","?","T","$","?","E","E","E","T","E","T","M","E","$","R","B",null],"character_chosen":"WATCHER","items_purchased":["ClearTheMind+1","HandDrill","Crescendo+1","ReplayFunnel","Lantern","ClockworkSouvenir","CutThroughFate+1","Prostrate+1","ReplayTheSpireMod:CursedCoin","MealTicket","Replay:Bottled Steam","TheAbacus","Eternal Feather","ReplayTheSpireMod:TigerMarble","TalkToTheHand+1","Vajra","Replay:Purple Gloves","Melange","Sadistic Nature+1"],"campfire_rested":2,"item_purchase_floors":[4,4,19,19,19,19,19,20,20,20,20,22,22,22,31,31,38,38,48],"current_hp_per_floor":[70,70,56,56,56,56,56,56,56,56,50,50,50,50,71,72,72,72,72,72,66,72,72,72,72,72,72,72,72,72,72,72,72,72,72,72,72,72,72,72,72,72,72,72,72,72,72,72,72,56],"gold":222,"neow_bonus":"","is_daily":false,"chose_seed":false,"campfire_upgraded":0,"win_rate":0.0,"timestamp":1611409851,"path_taken":["M","?","?","$","?","E","E","?","T","?","E","?","?","?","R","BOSS","M","$","$","?","?","E","E","?","T","E","?","E","?","?","R","BOSS","M","?","?","$","?","E","E","?","T","?","?","?","?","$","R","BOSS"],"items_purchased_type":["Card","Relic","Card","Relic","Relic","Relic","Card","Card","Relic","Relic","Relic","Relic","Relic","Relic","Card","Relic","Relic","Relic","Card"],"build_version":"2020-12-22","purchased_purges":10,"victory":true,"max_hp_per_floor":[72,72,72,72,72,72,72,72,72,72,72,72,72,72,72,72,72,72,72,72,72,72,72,72,72,72,72,72,72,72,72,72,72,72,72,72,72,72,72,72,72,72,72,72,72,72,72,72,72,72],"card_choices":[{"not_picked":["ClearTheMind+1","BowlingBash+1"],"picked":"FollowUp+1","floor":1.0},{"not_picked":["Alpha+1","Judgement+1"],"picked":"Brilliance+1","floor":6.0},{"not_picked":["DevaForm+1","Wish+1","Judgement+1"],"picked":"SKIP","floor":7.0},{"not_picked":["Replay:AllIn+1","Vault+1"],"picked":"Scrawl+1","floor":8.0},{"not_picked":["Brilliance+1","Judgement+1"],"picked":"DeusExMachina+1","floor":10.0},{"not_picked":["Brilliance+1","SpiritShield+1","ConjureBlade+1","Alpha+1"],"picked":"SKIP","floor":11.0},{"not_picked":["Replay:BluntJabs+1","CutThroughFate+1","WindmillStrike+1"],"picked":"EmptyFist+1","floor":12.0},{"not_picked":["Swivel+1","Conclude+1","Sanctity+1","EmptyBody+1"],"picked":"SKIP","floor":18.0},{"not_picked":["Omniscience+1","Scrawl+1","LessonLearned+1"],"picked":"Replay:LoomingThreat+1","floor":23.0},{"not_picked":["DevaForm+1","Brilliance+1","SpiritShield+1"],"picked":"Blasphemy+1","floor":24.0},{"not_picked":["LessonLearned+1","DeusExMachina+1","Alpha+1","DevaForm+1"],"picked":"SKIP","floor":25.0},{"not_picked":["Wish+1","Replay:AllIn+1","DeusExMachina+1","Judgement+1"],"picked":"SKIP","floor":27.0},{"not_picked":["Establishment+1","Scrawl+1","ConjureBlade+1","Judgement+1"],"picked":"SKIP","floor":29.0},{"not_picked":["BattleHymn+1","Crescendo+1","SignatureMove+1"],"picked":"SashWhip+1","floor":30.0},{"not_picked":["PathToVictory+1","Evaluate+1","EmptyFist+1"],"picked":"Halt+1","floor":30.0},{"not_picked":["PathToVictory+1","BowlingBash+1","Replay:ManipulateFuture+1","Halt+1"],"picked":"SKIP","floor":35.0},{"not_picked":["Crescendo+1","CutThroughFate+1","Replay:DivineShield+1","CarveReality+1"],"picked":"SKIP","floor":35.0},{"not_picked":["Midas Touch+1","Forethought+1","ReplayUltimateDefense+1"],"picked":"ReplayTheSpireMod:Private Reserves+1","floor":36.0},{"not_picked":["Ragnarok+1","ConjureBlade+1","Establishment+1"],"picked":"Vault+1","floor":40},{"not_picked":["Ragnarok+1","ConjureBlade+1","Wish+1","Alpha+1"],"picked":"SKIP","floor":41},{"not_picked":["Judgement+1","SpiritShield+1","Ragnarok+1","Brilliance+1"],"picked":"SKIP","floor":42},{"not_picked":["Establishment+1","Blasphemy+1","LessonLearned+1","Wish+1"],"picked":"SKIP","floor":44},{"not_picked":["ClearTheMind+1","Consecrate+1","FlyingSleeves+1"],"picked":"FlurryOfBlows+1","floor":46},{"not_picked":["MentalFortress+1","TalkToTheHand+1","Conclude+1"],"picked":"Sanctity+1","floor":46},{"not_picked":["Omniscience+1","Ragnarok+1","Judgement+1","Wish+1"],"picked":"SKIP","floor":47}],"player_experience":30982,"relics_obtained":[{"floor":6.0,"key":"Yang"},{"floor":7.0,"key":"Happy Flower"},{"floor":8.0,"key":"Tiny Chest"},{"floor":9.0,"key":"Garlic"},{"floor":10.0,"key":"Question Card"},{"floor":11.0,"key":"Unceasing Top"},{"floor":13.0,"key":"Replay:Rubber Ducky"},{"floor":14.0,"key":"Bird Faced Urn"},{"floor":23.0,"key":"Snack Pack"},{"floor":24.0,"key":"Prayer Wheel"},{"floor":25.0,"key":"Potion Belt"},{"floor":26.0,"key":"Gremlin Horn"},{"floor":27.0,"key":"Orichalcum"},{"floor":28.0,"key":"Ancient Tea Set"},{"floor":29.0,"key":"CloakClasp"},{"floor":37.0,"key":"Akabeko"},{"floor":40,"key":"Pantograph"},{"floor":41,"key":"Dream Catcher"},{"floor":42,"key":"Kunai"},{"floor":43,"key":"Pet Ghost"},{"floor":44,"key":"Chameleon Ring"},{"floor":45,"key":"Bronze Scales"},{"floor":47,"key":"Blue Candle"}],"event_choices":[{"damage_healed":0.0,"max_hp_gain":0.0,"max_hp_loss":0.0,"gold_gain":74.0,"event_name":"Golden Wing","player_choice":"Gained Gold","floor":2.0,"gold_loss":0.0,"damage_taken":0.0},{"damage_healed":0.0,"max_hp_gain":0.0,"max_hp_loss":0.0,"gold_gain":0.0,"event_name":"Shining Light","player_choice":"Entered Light","floor":3.0,"gold_loss":0.0,"damage_taken":14.0,"cards_upgraded":["Vigilance","Eruption"]},{"damage_healed":0.0,"max_hp_gain":0.0,"max_hp_loss":0.0,"gold_gain":175.0,"event_name":"Liars Game","player_choice":"AGREE","floor":5.0,"gold_loss":0.0,"damage_taken":0.0,"cards_obtained":["Doubt"]},{"damage_healed":0.0,"max_hp_gain":0.0,"max_hp_loss":0.0,"gold_gain":0.0,"event_name":"Nest","player_choice":"Joined the Cult","floor":21.0,"gold_loss":0.0,"damage_taken":6.0,"cards_obtained":["RitualDagger"]},{"damage_healed":0.0,"max_hp_gain":0.0,"max_hp_loss":0.0,"gold_gain":0.0,"event_name":"SensoryStone","player_choice":"Memory 1","floor":36.0,"gold_loss":0.0,"damage_taken":0.0},{"damage_healed":0,"gold_gain":0,"player_choice":"2 cards matched","damage_taken":0,"max_hp_gain":0,"max_hp_loss":0,"event_name":"Match and Keep!","floor":39,"gold_loss":0,"cards_obtained":["Eruption","Deep Breath"]}],"is_beta":false,"boss_relics":[{"not_picked":["Painkiller Herb","Replay:Bronze Core"],"picked":"Fusion Hammer"},{"not_picked":["Philosopher\u0027s Stone","VioletLotus"],"picked":"SlaversCollar"}],"items_purged_floors":[4,4,4,4,19,19,19,20,31,48],"is_endless":false,"potions_floor_spawned":[6,12,16,24,25,29,30,40,44,47],"ascension_level":0}}