{"host":"q3lif1jtip1s8oen","time":1611373191,"event":{"mods":["2.2 Compatiblity","BaseMod","Better Note","Marisa????????","Minty Spire (QoL Compilation)","READ ME - Guardian Mod","Rare Cards Sparkle","StSLib","The Cursed","The Jungle","The Runesmith","The Servant 0.9.4"],"gold_per_floor":[110,128,128,145,161,161,194,194,220,232,232],"floor_reached":10,"language":"ENG","playtime":826,"items_purged":[],"score":78,"play_id":"f672d272-e7e8-47c1-96cd-df14f977d28d","local_time":"20210122193951","is_ascension_mode":true,"campfire_choices":[{"data":"RefractionSpark","floor":6,"key":"SMITH"},{"data":"AbsoluteMagnitude","floor":8,"key":"SMITH"}],"circlet_count":0,"master_deck":["Strike_MRS","Strike_MRS","Strike_MRS","Strike_MRS","Defend_MRS","Defend_MRS","Defend_MRS","Defend_MRS","MasterSpark+1","UpSweep","PulseMagic","NonDirectionalLaser","RefractionSpark+1","ChargeUpSpray","AbsoluteMagnitude+1"],"relics":["MiniHakkero","Regal Pillow","MawBank"],"acts_visited":["Exordium"],"potions_floor_usage":[7,7],"damage_taken":[{"damage":0.0,"enemies":"Cultist","floor":1.0,"turns":3.0},{"damage":2.0,"enemies":"Jaw Worm","floor":2.0,"turns":3.0},{"damage":7,"enemies":"2 Louse","floor":4,"turns":2},{"damage":15,"enemies":"2 Fungi Beasts","floor":5,"turns":3},{"damage":35,"enemies":"Lagavulin","floor":7,"turns":6},{"damage":26,"enemies":"Gremlin Nob","floor":10,"turns":3}],"seed_played":"6435458225748978646","potions_obtained":[{"floor":4,"key":"FearPotion"},{"floor":5,"key":"Strength Potion"}],"is_trial":false,"path_per_floor":["M","M","?","M","M","R","E","R","T","E"],"character_chosen":"MARISA","items_purchased":[],"campfire_rested":0,"item_purchase_floors":[],"current_hp_per_floor":[75,73,78,71,56,56,21,21,21,0,0],"gold":232,"neow_bonus":"UPGRADE_CARD","is_daily":false,"chose_seed":false,"campfire_upgraded":2,"win_rate":0.0,"timestamp":1611373191,"path_taken":["M","M","?","M","M","R","E","R","T","E"],"items_purchased_type":[],"build_version":"2020-12-22","purchased_purges":0,"victory":false,"max_hp_per_floor":[75,75,80,80,80,80,80,80,80,80,80],"card_choices":[{"not_picked":["IllusionStar","6A"],"picked":"PulseMagic","floor":1.0},{"not_picked":["PowerUp","SporeBomb"],"picked":"NonDirectionalLaser","floor":2.0},{"not_picked":["DoubleSpark","MysteriousBeam"],"picked":"RefractionSpark","floor":4},{"not_picked":["GalacticHalo","Orbital"],"picked":"ChargeUpSpray","floor":5},{"not_picked":["AsteroidBelt","GalacticHalo"],"picked":"AbsoluteMagnitude","floor":7}],"player_experience":826694,"relics_obtained":[{"floor":7,"key":"Regal Pillow"},{"floor":9,"key":"MawBank"}],"event_choices":[{"damage_healed":0,"gold_gain":0,"player_choice":"Donut","damage_taken":0,"max_hp_gain":5,"max_hp_loss":0,"event_name":"Big Fish","floor":3,"gold_loss":0}],"is_beta":false,"boss_relics":[],"items_purged_floors":[],"is_endless":false,"potions_floor_spawned":[4,5],"killed_by":"Gremlin Nob","ascension_level":3}}