{"host":"8v536rckjlpi3bq3","time":1611414310,"event":{"mods":["ATMod(阿瑾Mod)","Act Like it!","Aspiration","BaseMod","Colored Powertips","Conspire","Dota2Spire","Gensokyo","Hallownest","HololiveMod","Jedi Mod","KomeijiMod","Lobotomy","LobotomyExtend","Marisa（F雨　魔理沙）","Minty Spire (QoL Compilation)","MostiFishMod","Relic Stats","Replay The Spire","RumiaBox-露米娅的神秘盒子","Spicy Shops","StSLib","TestMod","The Blackbeard","The Hierophant","The Jungle","WarShipGirlsR/战舰少女R mod","Youmu（魂魄妖梦）","vexMod","【功能Mod】混沌之环修复补丁","【功能Mod】聪明的最终Boss","【角色mod】十八桐人","【遗物卡牌】REMEMod","篝火指南"],"gold_per_floor":[112,112,41,41,108,148,178,128,128,152,84,84,136,136,136,471,471,508,411,411,411,411,468,599,599,599,599,271,271,370,155,155,291,291,291,291,60,111,11,108,26,26,26,26,106,106,106,198,198,375,375,375],"floor_reached":51,"language":"ZHS","playtime":2344,"items_purged":["Clumsy"],"score":1334,"play_id":"65446f2d-664e-44c0-87a4-b2b528fd7aec","local_time":"20210123230510","daily_mods":["Vintage","Colorless Cards","Heirloom","Time Dilation","Flight"],"is_ascension_mode":false,"campfire_choices":[{"data":"After Image","floor":15,"key":"SMITH"},{"data":"AT_FamilyPortrait","floor":22,"key":"SMITH"},{"data":"MostiFishMod:MusicBox","floor":25,"key":"SMITH"},{"data":"conspire:Banana","floor":27,"key":"SMITH"},{"floor":32,"key":"DIG"},{"data":"testmod-DisillusionmentEcho","floor":46,"key":"SMITH"},{"data":"testmod-DisillusionmentEcho+1","floor":49,"key":"SMITH"}],"circlet_count":0,"master_deck":["Strike_MRS","Strike_MRS","Strike_MRS","Strike_MRS","Defend_MRS","Defend_MRS","Defend_MRS","Defend_MRS","MasterSpark+1","UpSweep","After Image+1","AT_FamilyPortrait+1","Gensokyo:CrescentMoonSlash","Enlightenment","PowerUp","DoubleSpark","conspire:SpireCoStock","testmod-BackupPower","WitchOfGreed","OortCloud","6A+1","AsteroidBelt","MostiFishMod:MusicBox+1","Doubt","WitchOfGreed","PowerUp","GasGiant","FairyDestructionRay","MysteriousBeam+1","conspire:Banana+1","MostiFishMod:TheLastGuard+1","GalacticHalo","MasterSpark","PowerUp+1","jedi:cleanse","CasketOfStar","MostiFishMod:BrokenBlackCloak","testmod-DisillusionmentEcho+2","testmod-EternalityOfKhronos","Gensokyo:TarnishedGold","Gensokyo:Shovel","ReplayTheSpireMod:Brewmster","AT_EmpoweredMortalDraw","REME_WheelOfFate","testmod-Reverberation+1"],"relics":["MiniHakkero","jedi:maincommand","DaveBox","replay:Trail_Library","REME_ComplimentaryCards","testmod-TestBox","AT_ATBox","Civilization","testmod-DeterminationOfClimber","BionicSphere","conspire:InfiniteJournal","SynthV:TestCard","Gensokyo:NagashiBinaDoll","Juzu Bracelet","hierophant:DonationBoxRelic","LetterFromLob","Replay:Bandana","AT_ChloranthyRing","jedi:heavyjacket","Aincard","Gensokyo:MarisaPhilosophersStone","Transparent","AT_MibuBalloonWealth","testmod-Charity","aspiration:Nostalgia","MusicBox","Hololive_LightStick","AT_ArchangelStaff","jedi:arcanewood","Blue Doll","Tiny Chest","Replay:Wax Seal","Simple Rune","Membership Card","SimpleLauncher","Whetstone","testmod-HarvestTotem","vexMod:GildedClover","Potion Belt","vexMod:Cooldron","Baka2","White Beast Statue","AT_TimeSand","Frozen Egg 2","Replay:Baseball","Ice Cream","Smiling Mask","ChiXiaoBlade"],"acts_visited":["Gensokyo:Gensokyo","TheCity","Gensokyo:Gensokyoest"],"potions_floor_usage":[6,13,16,50,50,50,50,50,50,50],"damage_taken":[{"damage":0,"enemies":"Gensokyo:2_Kodama","floor":1,"turns":1},{"damage":0,"enemies":"Gensokyo:Mamizou","floor":6,"turns":4},{"damage":0,"enemies":"Gensokyo:Aya","floor":7,"turns":1},{"damage":0,"enemies":"Gensokyo:Aya","floor":13,"turns":3},{"damage":0,"enemies":"Gensokyo:Reimu","floor":16,"turns":2},{"damage":13,"enemies":"3 Byrds","floor":18,"turns":1},{"damage":0,"enemies":"REME_1_Revenger","floor":23,"turns":1},{"damage":0,"enemies":"Gremlin Leader","floor":24,"turns":1},{"damage":0,"enemies":"conspire:MysteriousRune","floor":33,"turns":2},{"damage":17,"enemies":"Gensokyo:Doremy","floor":40,"turns":1},{"damage":67,"enemies":"Gensokyo:Marisa","floor":45,"turns":2},{"damage":28,"enemies":"Gensokyo:Doremy","floor":48,"turns":1},{"damage":60,"enemies":"Gensokyo:Shinki","floor":50,"turns":3}],"seed_played":"-7995344561471404745","potions_obtained":[{"floor":1,"key":"Languid Potion"},{"floor":5,"key":"Swift Potion"},{"floor":7,"key":"BottledSpark"},{"floor":13,"key":"Weak Potion"},{"floor":16,"key":"BottledSpark"},{"floor":24,"key":"Strength Potion"},{"floor":45,"key":"EntropicBrew"},{"floor":48,"key":"EntropicBrew"},{"floor":50,"key":"EntropicBrew"},{"floor":50,"key":"EntropicBrew"}],"is_trial":true,"path_per_floor":["M","?","COS","?","?","E","E","?","T","T","$","?","?","?","R","B",null,"M","$","?","?","R","E","E","R","T","R","$","?","?","$","R","B",null,"M","?","$","T","$","E","COS","?","T","$","E","R","T","E","R","B",null],"character_chosen":"MARISA","items_purchased":["OortCloud","jedi:command_shop","jedi:command_shop","jedi:command_common","jedi:command_common","jedi:command_common","jedi:command_common","WitchOfGreed","PowerUp","GasGiant","ExcitationPotion","MostiFishMod:TheLastGuard+1","GalacticHalo","jedi:command_shop","PowerUp+1","jedi:cleanse","jedi:command_shop","MostiFishMod:BrokenBlackCloak","jedi:command_shop","jedi:command_shop"],"campfire_rested":0,"item_purchase_floors":[11,19,19,19,19,19,19,19,19,19,19,28,28,28,31,31,31,37,37,39],"current_hp_per_floor":[77,66,66,66,66,76,83,83,83,83,83,84,89,89,89,94,94,99,99,99,99,99,126,169,169,169,169,169,169,170,170,170,215,430,430,430,430,432,432,510,510,510,510,510,558,558,558,602,602,723,723,723],"gold":375,"neow_bonus":"","is_daily":false,"chose_seed":false,"campfire_upgraded":6,"win_rate":0.0,"timestamp":1611414310,"path_taken":["M","?","COS","?","?","E","E","?","T","?","$","?","?","?","R","BOSS","M","$","?","?","?","E","E","R","T","R","$","?","?","$","R","BOSS","M","?","$","?","$","E","COS","?","T","?","E","?","?","E","R","BOSS"],"items_purchased_type":["Card","Relic","Relic","Relic","Relic","Relic","Relic","Card","Card","Card","Potion","Card","Card","Relic","Card","Card","Relic","Card","Relic","Relic"],"build_version":"2020-12-22","purchased_purges":1,"victory":false,"max_hp_per_floor":[77,77,77,77,77,80,84,84,84,84,84,84,89,89,89,94,94,99,99,99,99,99,126,169,169,169,169,169,169,170,170,170,215,430,430,430,430,432,432,510,510,510,510,510,558,558,558,602,602,723,723,723],"relic_stats":{"counters":[13,23],"Tiny Chest":2,"Juzu Bracelet":4,"Whetstone":["MasterSpark","6A"],"Smiling Mask":0,"obtain_stats":[{"Ice Cream":48,"AT_ATBox":0,"AT_MibuBalloonWealth":18,"jedi:command_rare":0,"AT_TimeSand":43,"Whetstone":32,"AT_ArchangelStaff":19,"Baka2":40,"Replay:Wax Seal":24,"replay:Trail_Library":0,"MusicBox":19,"testmod-TestBox":0,"aspiration:Nostalgia":19,"testmod-HarvestTotem":34,"jedi:heavyjacket":9,"vexMod:Cooldron":39,"Replay:Baseball":47,"Transparent":17,"BionicSphere":0,"hierophant:DonationBoxRelic":6,"ChiXiaoBlade":51,"Simple Rune":26,"MiniHakkero":0,"jedi:maincommand":0,"DaveBox":0,"Blue Doll":19,"Gensokyo:NagashiBinaDoll":4,"Juzu Bracelet":5,"jedi:command_boss":17,"Smiling Mask":50,"testmod-Charity":19,"conspire:InfiniteJournal":1,"Civilization":0,"Replay:Bandana":7,"Gensokyo:MarisaPhilosophersStone":13,"Tiny Chest":23,"testmod-DeterminationOfClimber":0,"SimpleLauncher":31,"AT_ChloranthyRing":7,"Potion Belt":38,"jedi:command_common":5,"jedi:command_uncommon":6,"vexMod:GildedClover":37,"Aincard":10,"Baka":1,"Frozen Egg 2":45,"White Beast Statue":40,"Hololive_LightStick":19,"SynthV:TestCard":1,"LetterFromLob":6,"Membership Card":28,"jedi:command_shop":19,"jedi:arcanewood":19,"REME_ComplimentaryCards":0},{"Ice Cream":12,"AT_ATBox":0,"AT_MibuBalloonWealth":6,"jedi:command_rare":0,"AT_TimeSand":10,"Whetstone":8,"AT_ArchangelStaff":6,"Baka2":10,"Replay:Wax Seal":8,"replay:Trail_Library":0,"MusicBox":6,"testmod-TestBox":0,"aspiration:Nostalgia":6,"testmod-HarvestTotem":9,"jedi:heavyjacket":3,"vexMod:Cooldron":9,"Replay:Baseball":11,"Transparent":5,"BionicSphere":0,"hierophant:DonationBoxRelic":2,"ChiXiaoBlade":13,"Simple Rune":8,"MiniHakkero":0,"jedi:maincommand":0,"DaveBox":0,"Blue Doll":6,"Gensokyo:NagashiBinaDoll":1,"Juzu Bracelet":1,"jedi:command_boss":5,"Smiling Mask":13,"testmod-Charity":6,"conspire:InfiniteJournal":1,"Civilization":0,"Replay:Bandana":3,"Gensokyo:MarisaPhilosophersStone":4,"Tiny Chest":7,"testmod-DeterminationOfClimber":0,"SimpleLauncher":8,"AT_ChloranthyRing":3,"Potion Belt":9,"jedi:command_common":1,"jedi:command_uncommon":2,"vexMod:GildedClover":9,"Aincard":3,"Baka":1,"Frozen Egg 2":11,"White Beast Statue":10,"Hololive_LightStick":6,"SynthV:TestCard":1,"LetterFromLob":2,"Membership Card":8,"jedi:command_shop":6,"jedi:arcanewood":6,"REME_ComplimentaryCards":0},{"Ice Cream":20,"AT_ATBox":0,"AT_MibuBalloonWealth":12,"jedi:command_rare":0,"AT_TimeSand":17,"Whetstone":14,"AT_ArchangelStaff":12,"Baka2":17,"Replay:Wax Seal":14,"replay:Trail_Library":0,"MusicBox":12,"testmod-TestBox":0,"aspiration:Nostalgia":12,"testmod-HarvestTotem":16,"jedi:heavyjacket":6,"vexMod:Cooldron":16,"Replay:Baseball":19,"Transparent":11,"BionicSphere":0,"hierophant:DonationBoxRelic":5,"ChiXiaoBlade":23,"Simple Rune":14,"MiniHakkero":0,"jedi:maincommand":0,"DaveBox":0,"Blue Doll":12,"Gensokyo:NagashiBinaDoll":1,"Juzu Bracelet":1,"jedi:command_boss":11,"Smiling Mask":21,"testmod-Charity":12,"conspire:InfiniteJournal":1,"Civilization":0,"Replay:Bandana":6,"Gensokyo:MarisaPhilosophersStone":9,"Tiny Chest":13,"testmod-DeterminationOfClimber":0,"SimpleLauncher":14,"AT_ChloranthyRing":6,"Potion Belt":16,"jedi:command_common":1,"jedi:command_uncommon":5,"vexMod:GildedClover":16,"Aincard":6,"Baka":1,"Frozen Egg 2":19,"White Beast Statue":17,"Hololive_LightStick":12,"SynthV:TestCard":1,"LetterFromLob":5,"Membership Card":14,"jedi:command_shop":12,"jedi:arcanewood":12,"REME_ComplimentaryCards":0}]},"card_choices":[{"not_picked":["MysteriousBeam","LuminesStrike","testmod-PerfectCombo","DoubleSpark"],"picked":"Enlightenment","floor":5},{"not_picked":["UnstableBomb","WitchOfGreed","OneTimeOff","AsteroidBelt"],"picked":"PowerUp","floor":5},{"not_picked":["UnstableBomb","ManaConvection","Jack Of All Trades","testmod-RabbitOfFibonacci"],"picked":"DoubleSpark","floor":6},{"not_picked":["PowerUp","LuminesStrike","MilkyWay","ShootTheMoon"],"picked":"MachineGunSpark","floor":7},{"not_picked":["Replay:Sssssssssshield","WitchLeyline","ManaConvection","DoubleSpark"],"picked":"AsteroidBelt","floor":13},{"not_picked":["REME_EyeOfCthun","Transmutation","testmod-TaurusBlackCat","testmod-CardIndex"],"picked":"MostiFishMod:MusicBox","floor":16},{"not_picked":["PowerUp","Acceleration","testmod-Superconductor","vexMod:EmailVexCard+1"],"picked":"FairyDestructionRay","floor":23},{"not_picked":["testmod-RabbitOfFibonacci","GasGiant+1","Swift Strike","SporeBomb"],"picked":"MysteriousBeam+1","floor":24},{"not_picked":["jedi:cleanse","JA","jedi:RedIncense","REME_HeartOfCthun"],"picked":"CasketOfStar","floor":33},{"not_picked":["AT_BreakingExtremeWeapon","REME_BattleFury","ManaRampage","BigCrunch"],"picked":"testmod-EternalityOfKhronos","floor":40},{"not_picked":["testmod-AutoReboundSystem+1","testmod-ShutDown+1","REME_HeartOfCthun","testmod-TaurusBlackCat+1"],"picked":"AT_EmpoweredMortalDraw","floor":45},{"not_picked":["REME_BuildACard","testmod-Librarian","testmod-Dream","MostiFishMod:JungleRules"],"picked":"testmod-Reverberation+1","floor":48}],"player_experience":262757,"relics_obtained":[{"floor":1,"key":"jedi:command_rare"},{"floor":1,"key":"Baka"},{"floor":1,"key":"SynthV:TestCard"},{"floor":5,"key":"jedi:command_common"},{"floor":6,"key":"jedi:command_uncommon"},{"floor":6,"key":"LetterFromLob"},{"floor":7,"key":"jedi:command_common"},{"floor":9,"key":"jedi:command_uncommon"},{"floor":10,"key":"jedi:command_common"},{"floor":13,"key":"Gensokyo:MarisaPhilosophersStone"},{"floor":18,"key":"jedi:command_common"},{"floor":23,"key":"jedi:command_common"},{"floor":24,"key":"jedi:command_common"},{"floor":26,"key":"jedi:command_common"},{"floor":32,"key":"jedi:command_common"},{"floor":38,"key":"jedi:command_common"},{"floor":40,"key":"Baka2"},{"floor":40,"key":"jedi:command_uncommon"},{"floor":43,"key":"jedi:command_uncommon"},{"floor":45,"key":"jedi:command_uncommon"},{"floor":47,"key":"jedi:command_common"},{"floor":48,"key":"jedi:command_rare"}],"event_choices":[{"damage_healed":0,"gold_gain":0,"player_choice":"Invest 1","damage_taken":0,"max_hp_gain":0,"max_hp_loss":0,"event_name":"conspire:Investor","floor":8,"gold_loss":0},{"damage_healed":0,"gold_gain":0,"player_choice":"1 cards matched","damage_taken":0,"max_hp_gain":0,"max_hp_loss":0,"event_name":"Match and Keep!","floor":29,"gold_loss":0,"cards_obtained":["MasterSpark"]},{"damage_healed":0,"gold_gain":100,"player_choice":"Pray","damage_taken":0,"max_hp_gain":0,"max_hp_loss":0,"event_name":"Golden Shrine","floor":30,"gold_loss":0}],"is_beta":false,"boss_relics":[{"not_picked":["jedi:command_boss","jedi:command_boss"],"picked":"jedi:command_boss"},{"not_picked":["jedi:command_boss","jedi:command_boss"],"picked":"jedi:command_boss"},{"not_picked":["jedi:command_boss","jedi:command_boss"],"picked":"jedi:command_boss"}],"items_purged_floors":[19],"is_endless":true,"potions_floor_spawned":[1,7,24,33,45,48,50],"ascension_level":0}}