{"host":"opg65mucj6ra7dr1","time":1611406101,"event":{"mods":["BaseMod","DeckTracker","Keyboard Shortcuts","Minty Spire (QoL Compilation)","Permanent Neow","Quick Restart","everything is the same but u backflip on backflip"],"gold_per_floor":[114,289,289,289,299,334,67,93,93,93,105,124,143,157,157,259,259,273,372,383,383,403,434,434,468,468,493,443,443,470,303,303,303,303],"floor_reached":33,"language":"KOR","playtime":692,"items_purged":["Doubt","Strike_G"],"score":592,"play_id":"92caf8d4-9e28-47af-8d9d-7b17df85939f","local_time":"20210123214821","is_ascension_mode":true,"campfire_choices":[{"data":"Catalyst","floor":10.0,"key":"SMITH"},{"data":"Crippling Poison","floor":15.0,"key":"SMITH"},{"data":"Calculated Gamble","floor":24.0,"key":"SMITH"},{"floor":29.0,"key":"REST"},{"floor":32.0,"key":"REST"}],"circlet_count":0,"master_deck":["Strike_G","Strike_G","Strike_G","Strike_G","Defend_G","Defend_G","Defend_G","Defend_G","Defend_G","Survivor","Neutralize","Leg Sweep","All Out Attack","Catalyst+1","Deadly Poison","Poisoned Stab","Bane","Crippling Poison+1","Acrobatics","Poisoned Stab","Night Terror","Calculated Gamble+1","Prepared+1","Tactician","Deflect+1","Noxious Fumes+1","Blur","Poisoned Stab+1","Footwork"],"relics":["Ring of the Snake","NeowsBlessing","Gambling Chip","Orichalcum","TwistedFunnel","Centennial Puzzle","Dead Branch","Runic Pyramid","MutagenicStrength","Potion Belt","Prayer Wheel","Pantograph","Anchor","Letter Opener"],"acts_visited":["Exordium","TheCity"],"potions_floor_usage":[33],"damage_taken":[{"damage":0.0,"enemies":"Jaw Worm","floor":1.0,"turns":1.0},{"damage":0.0,"enemies":"2 Louse","floor":5.0,"turns":1.0},{"damage":0.0,"enemies":"Lagavulin","floor":6.0,"turns":1.0},{"damage":13.0,"enemies":"Gremlin Nob","floor":8.0,"turns":4.0},{"damage":0.0,"enemies":"Cultist","floor":11.0,"turns":2.0},{"damage":0.0,"enemies":"Gremlin Gang","floor":12.0,"turns":2.0},{"damage":0.0,"enemies":"3 Louse","floor":13.0,"turns":1.0},{"damage":4.0,"enemies":"Large Slime","floor":14.0,"turns":4.0},{"damage":0.0,"enemies":"The Guardian","floor":16.0,"turns":6.0},{"damage":0.0,"enemies":"Spheric Guardian","floor":18.0,"turns":2.0},{"damage":12.0,"enemies":"2 Thieves","floor":20.0,"turns":2.0},{"damage":0.0,"enemies":"Snake Plant","floor":22.0,"turns":2.0},{"damage":25.0,"enemies":"Gremlin Leader","floor":23.0,"turns":5.0},{"damage":19.0,"enemies":"Book of Stabbing","floor":25.0,"turns":5.0},{"damage":9.0,"enemies":"Slavers","floor":27.0,"turns":4.0},{"damage":14.0,"enemies":"Gremlin Leader","floor":30.0,"turns":4.0},{"damage":63,"enemies":"Collector","floor":33,"turns":7}],"seed_played":"-2088086538502146397","potions_obtained":[{"floor":1.0,"key":"SkillPotion"},{"floor":6.0,"key":"ColorlessPotion"},{"floor":8.0,"key":"GhostInAJar"},{"floor":11.0,"key":"Block Potion"},{"floor":20.0,"key":"ColorlessPotion"},{"floor":23.0,"key":"Regen Potion"},{"floor":27.0,"key":"SneckoOil"}],"is_trial":false,"path_per_floor":["M","?","?","?","M","E","$","E","T","R","M","M","M","M","R","B",null,"M","?","M","?","M","E","R","E","T","E","?","R","E","$","R","B"],"character_chosen":"THE_SILENT","items_purchased":["TwistedFunnel","Deadly Poison","Footwork"],"campfire_rested":2,"item_purchase_floors":[7,7,31],"current_hp_per_floor":[63,63,60,65,65,65,65,52,52,52,52,52,52,48,48,48,68,68,68,56,56,56,31,31,27,27,18,18,40,26,26,48,10,10],"gold":303,"neow_bonus":"THREE_ENEMY_KILL","is_daily":false,"chose_seed":false,"campfire_upgraded":3,"win_rate":0.0,"timestamp":1611406101,"path_taken":["M","?","?","?","?","E","$","E","T","R","M","M","?","?","R","BOSS","M","?","M","?","M","E","R","E","T","E","?","R","E","$","R","BOSS"],"items_purchased_type":["Relic","Card","Card"],"build_version":"2020-12-22","purchased_purges":2,"victory":false,"max_hp_per_floor":[70,70,70,75,75,75,75,75,75,75,75,75,75,75,75,75,75,75,75,75,75,75,75,75,75,75,75,75,75,75,75,75,75,75],"card_choices":[{"not_picked":["Skewer","Outmaneuver"],"picked":"Leg Sweep","floor":1.0},{"not_picked":["Underhanded Strike","Prepared"],"picked":"All Out Attack","floor":5.0},{"not_picked":["Skewer","Malaise"],"picked":"Catalyst","floor":6.0},{"not_picked":["Dodge and Roll","Outmaneuver"],"picked":"Poisoned Stab","floor":8.0},{"not_picked":["Outmaneuver","Cloak And Dagger"],"picked":"Bane","floor":11.0},{"not_picked":["Blur","Prepared"],"picked":"Crippling Poison","floor":12.0},{"not_picked":["Flying Knee","Skewer"],"picked":"Acrobatics","floor":13.0},{"not_picked":["Cloak And Dagger","Dodge and Roll"],"picked":"Poisoned Stab","floor":14.0},{"not_picked":["Tools of the Trade","Doppelganger"],"picked":"Night Terror","floor":16.0},{"not_picked":["Skewer","Sucker Punch"],"picked":"Calculated Gamble","floor":18.0},{"not_picked":["Slice","Outmaneuver"],"picked":"Prepared+1","floor":20.0},{"not_picked":["Dodge and Roll+1","Poisoned Stab"],"picked":"Tactician","floor":22.0},{"not_picked":["Phantasmal Killer","Expertise"],"picked":"Deflect+1","floor":23.0},{"not_picked":["Deflect+1","Endless Agony"],"picked":"Noxious Fumes+1","floor":25.0},{"not_picked":["Poisoned Stab","Deflect"],"picked":"Blur","floor":27.0},{"not_picked":["Venomology","Setup"],"picked":"Poisoned Stab+1","floor":30.0}],"player_experience":150556,"relics_obtained":[{"floor":6.0,"key":"Orichalcum"},{"floor":8.0,"key":"Centennial Puzzle"},{"floor":9.0,"key":"Dead Branch"},{"floor":23.0,"key":"Potion Belt"},{"floor":25.0,"key":"Prayer Wheel"},{"floor":26.0,"key":"Pantograph"},{"floor":27.0,"key":"Anchor"},{"floor":30.0,"key":"Letter Opener"}],"event_choices":[{"damage_healed":0.0,"max_hp_gain":0.0,"max_hp_loss":0.0,"gold_gain":175.0,"event_name":"Liars Game","player_choice":"AGREE","floor":2.0,"gold_loss":0.0,"damage_taken":0.0,"cards_obtained":["Doubt"]},{"damage_healed":0.0,"max_hp_gain":0.0,"max_hp_loss":0.0,"gold_gain":0.0,"event_name":"Scrap Ooze","player_choice":"Success","floor":3.0,"gold_loss":0.0,"damage_taken":3.0,"relics_obtained":["Gambling Chip"]},{"damage_healed":0.0,"max_hp_gain":5.0,"max_hp_loss":0.0,"gold_gain":0.0,"event_name":"Big Fish","player_choice":"Donut","floor":4.0,"gold_loss":0.0,"damage_taken":0.0},{"damage_healed":0.0,"max_hp_gain":0.0,"max_hp_loss":0.0,"gold_gain":99.0,"event_name":"Nest","player_choice":"Stole From Cult","floor":19.0,"gold_loss":0.0,"damage_taken":0.0},{"damage_healed":0.0,"max_hp_gain":0.0,"max_hp_loss":0.0,"gold_gain":0.0,"event_name":"Drug Dealer","player_choice":"Inject Mutagens","floor":21.0,"gold_loss":0.0,"damage_taken":0.0,"relics_obtained":["MutagenicStrength"]},{"damage_healed":0.0,"max_hp_gain":0.0,"max_hp_loss":0.0,"gold_gain":0.0,"event_name":"The Joust","player_choice":"Bet on Owner","floor":28.0,"gold_loss":50.0,"damage_taken":0.0}],"is_beta":false,"boss_relics":[{"not_picked":["Pandora\u0027s Box","Philosopher\u0027s Stone"],"picked":"Runic Pyramid"}],"items_purged_floors":[7,31],"is_endless":false,"potions_floor_spawned":[1,6,8,11,12,20,23,27],"killed_by":"Collector","ascension_level":9}}