{"host":"uv5ws9rdk87e8i5k","time":1611370612,"event":{"mods":["AchievementEnabler","BaseMod","Colored Map","Minty Spire (QoL Compilation)","StSLib","SuperFastMode"],"gold_per_floor":[136,136,169,94,148,218,253,253,323,360,15,68,86,144,144,242,292,330,245,260,300,318,318,318,318],"floor_reached":24,"language":"ENG","playtime":657,"items_purged":["Writhe","Strike_G"],"score":356,"play_id":"4a5b47d6-61b3-40a5-9b83-14b11e2d6b7e","local_time":"20210122205652","is_ascension_mode":true,"campfire_choices":[{"data":"HandOfGreed","floor":8.0,"key":"SMITH"},{"floor":15.0,"key":"REST"},{"data":"Corpse Explosion","floor":23,"key":"SMITH"}],"circlet_count":0,"master_deck":["Strike_G+1","Strike_G","Strike_G","Strike_G","Defend_G","Defend_G","Defend_G","Defend_G","Defend_G","Survivor","Neutralize","HandOfGreed+1","Bouncing Flask","Dash","Deadly Poison","Backflip","Bouncing Flask","PiercingWail","Corpse Explosion+1","Prepared","Bouncing Flask","Die Die Die","Backstab"],"relics":["Ring of the Snake","Turnip","Letter Opener","PreservedInsect","Dream Catcher","Singing Bowl","Tiny House","Snake Skull"],"acts_visited":["Exordium","TheCity"],"potions_floor_usage":[22,24],"damage_taken":[{"damage":13.0,"enemies":"Jaw Worm","floor":1.0,"turns":7.0},{"damage":0.0,"enemies":"Small Slimes","floor":3.0,"turns":7.0},{"damage":2.0,"enemies":"2 Louse","floor":5.0,"turns":4.0},{"damage":32.0,"enemies":"3 Sentries","floor":6.0,"turns":9.0},{"damage":1.0,"enemies":"2 Fungi Beasts","floor":7.0,"turns":3.0},{"damage":0.0,"enemies":"Blue Slaver","floor":10.0,"turns":5.0},{"damage":0.0,"enemies":"Gremlin Nob","floor":12.0,"turns":3.0},{"damage":0.0,"enemies":"3 Louse","floor":13.0,"turns":2.0},{"damage":15.0,"enemies":"Lagavulin","floor":14.0,"turns":5.0},{"damage":16.0,"enemies":"Hexaghost","floor":16.0,"turns":7.0},{"damage":6.0,"enemies":"2 Thieves","floor":18.0,"turns":2.0},{"damage":6.0,"enemies":"Spheric Guardian","floor":20.0,"turns":3.0},{"damage":16.0,"enemies":"Cultist and Chosen","floor":21.0,"turns":6.0},{"damage":9,"enemies":"Chosen and Byrds","floor":22,"turns":4},{"damage":26,"enemies":"Sentry and Sphere","floor":24,"turns":4}],"seed_played":"2149951010965179762","potions_obtained":[{"floor":3.0,"key":"CultistPotion"},{"floor":5.0,"key":"SpeedPotion"},{"floor":10.0,"key":"Poison Potion"},{"floor":12.0,"key":"CultistPotion"},{"floor":17.0,"key":"LiquidMemories"},{"floor":18.0,"key":"Dexterity Potion"},{"floor":20.0,"key":"LiquidMemories"},{"floor":21.0,"key":"SpeedPotion"}],"is_trial":false,"path_per_floor":["M","?","M","$","M","E","M","R","T","M","$","E","M","E","R","B",null,"M","?","M","M","M","R","M"],"character_chosen":"THE_SILENT","items_purchased":["PreservedInsect","PiercingWail","PowerPotion"],"campfire_rested":1,"item_purchase_floors":[11,11,11],"current_hp_per_floor":[50,70,70,70,68,36,35,35,35,35,35,35,35,20,43,27,68,64,64,58,44,37,37,11,11],"gold":318,"neow_bonus":"RANDOM_COLORLESS_2","is_daily":false,"chose_seed":false,"campfire_upgraded":2,"win_rate":0.0,"timestamp":1611370612,"path_taken":["M","?","M","$","M","E","M","R","T","M","$","E","M","E","R","BOSS","M","?","M","M","M","R","M"],"items_purchased_type":["Relic","Card","Potion"],"build_version":"2020-12-22","purchased_purges":2,"victory":false,"max_hp_per_floor":[70,70,70,70,70,70,70,70,70,70,70,70,70,70,72,72,79,81,81,81,83,85,85,85,85],"card_choices":[{"not_picked":["Thinking Ahead","Secret Technique"],"picked":"HandOfGreed","floor":0.0},{"not_picked":["Cloak And Dagger","Concentrate"],"picked":"Bouncing Flask","floor":1.0},{"not_picked":["Choke","PiercingWail"],"picked":"Dash","floor":3.0},{"not_picked":["Cloak And Dagger","Dodge and Roll"],"picked":"Deadly Poison","floor":5.0},{"not_picked":["Dagger Spray","Storm of Steel","Reflex"],"picked":"SKIP","floor":6.0},{"not_picked":["Dagger Throw","Quick Slash"],"picked":"Backflip","floor":7.0},{"not_picked":["Dagger Throw","Blade Dance"],"picked":"Bouncing Flask","floor":10.0},{"not_picked":["Prepared","Blur"],"picked":"Corpse Explosion","floor":12.0},{"not_picked":["Deflect","Underhanded Strike"],"picked":"Prepared","floor":13.0},{"not_picked":["Catalyst","PiercingWail"],"picked":"Bouncing Flask","floor":14.0},{"not_picked":["Caltrops","Slice","Eviscerate"],"picked":"Singing Bowl","floor":15.0},{"not_picked":["Unload","Storm of Steel"],"picked":"Die Die Die","floor":16.0},{"not_picked":["Sucker Punch","Dagger Throw","Concentrate"],"picked":"Singing Bowl","floor":17.0},{"not_picked":["Quick Slash","Sucker Punch+1","Deflect"],"picked":"Singing Bowl","floor":18.0},{"not_picked":["Backflip","Acrobatics"],"picked":"Backstab","floor":20.0},{"not_picked":["Dagger Throw","Underhanded Strike","Calculated Gamble"],"picked":"Singing Bowl","floor":21.0},{"not_picked":["Dash","Reflex+1","Acrobatics"],"picked":"Singing Bowl","floor":22}],"player_experience":170096,"relics_obtained":[{"floor":6.0,"key":"Turnip"},{"floor":9.0,"key":"Letter Opener"},{"floor":12.0,"key":"Dream Catcher"},{"floor":14.0,"key":"Singing Bowl"}],"event_choices":[{"damage_healed":23.0,"max_hp_gain":0.0,"max_hp_loss":0.0,"gold_gain":0.0,"event_name":"Big Fish","player_choice":"Banana","floor":2.0,"gold_loss":0.0,"damage_taken":0.0},{"damage_healed":0.0,"max_hp_gain":0.0,"max_hp_loss":0.0,"gold_gain":0.0,"event_name":"Addict","player_choice":"Obtained Relic","floor":19.0,"gold_loss":85.0,"damage_taken":0.0,"relics_obtained":["Snake Skull"]}],"is_beta":false,"boss_relics":[{"not_picked":["HoveringKite","Busted Crown"],"picked":"Tiny House"}],"items_purged_floors":[4,11],"is_endless":false,"potions_floor_spawned":[3,5,10,12,18,20,21],"killed_by":"Sentry and Sphere","ascension_level":7}}