{"host":"Rich","time":1611373314,"event":{"mods":["AchievementEnabler","BaseMod","Highlight Path","Minty Spire (QoL Compilation)","Relic Stats"],"gold_per_floor":[116,116,31,51,1,30,45,45,70,98,98,98,112,112,112,191,191,211,226,501,501,501],"floor_reached":21,"language":"ENG","playtime":417,"items_purged":[],"score":424,"play_id":"9ba39652-700d-41bc-b273-8ebf0b2ff77f","local_time":"20210122224154","is_ascension_mode":true,"campfire_choices":[{"data":"Rampage","floor":8,"key":"SMITH"},{"data":"Fire Breathing","floor":11,"key":"SMITH"},{"data":"Feel No Pain","floor":15,"key":"SMITH"}],"circlet_count":0,"master_deck":["AscendersBane","Strike_R+1","Strike_R","Strike_R","Defend_R+1","Defend_R","Defend_R","Defend_R","Bash","Rampage+1","Fire Breathing+1","Feel No Pain+1","Twin Strike","Feel No Pain","Wild Strike","Shrug It Off","Parasite","Barricade","Whirlwind","Body Slam","Regret"],"relics":["Burning Blood","NeowsBlessing","FaceOfCleric","Bronze Scales","Ancient Tea Set","Matryoshka","Empty Cage"],"acts_visited":["Exordium","TheCity"],"potions_floor_usage":[7,10,19],"damage_taken":[{"damage":0,"enemies":"Jaw Worm","floor":1,"turns":1},{"damage":0,"enemies":"Cultist","floor":4,"turns":1},{"damage":0,"enemies":"Lagavulin","floor":6,"turns":1},{"damage":1,"enemies":"2 Louse","floor":7,"turns":2},{"damage":32,"enemies":"Gremlin Nob","floor":10,"turns":4},{"damage":10,"enemies":"Blue Slaver","floor":13,"turns":4},{"damage":26,"enemies":"Slime Boss","floor":16,"turns":6},{"damage":43,"enemies":"Spheric Guardian","floor":18,"turns":7},{"damage":27,"enemies":"2 Thieves","floor":19,"turns":4},{"damage":3,"enemies":"Snake Plant","floor":21,"turns":2}],"seed_played":"828385631322919471","potions_obtained":[{"floor":1,"key":"Energy Potion"},{"floor":4,"key":"Fire Potion"},{"floor":6,"key":"HeartOfIron"},{"floor":13,"key":"GamblersBrew"},{"floor":19,"key":"Strength Potion"}],"is_trial":false,"path_per_floor":["M","?","$","M","$","E","M","R","T","E","R","?","M","?","R","B",null,"M","M","?","M"],"character_chosen":"IRONCLAD","items_purchased":["Fire Breathing","Twin Strike"],"campfire_rested":0,"item_purchase_floors":[3,5],"current_hp_per_floor":[74,74,74,76,76,77,78,78,78,53,53,29,26,46,46,27,68,32,12,12,9,9],"gold":501,"neow_bonus":"THREE_ENEMY_KILL","is_daily":false,"chose_seed":false,"campfire_upgraded":3,"win_rate":0.0,"timestamp":1611373314,"path_taken":["M","?","$","M","$","E","?","R","T","E","R","?","M","?","R","BOSS","M","M","?","?"],"items_purchased_type":["Card","Card"],"build_version":"2020-12-18","purchased_purges":0,"victory":false,"max_hp_per_floor":[75,75,75,76,76,77,78,78,78,79,79,79,80,80,80,81,81,82,83,83,83,83],"relic_stats":{"FaceOfCleric":8,"counters":[10,32],"Bronze Scales":[34],"obtain_stats":[{"Matryoshka":10,"NeowsBlessing":0,"FaceOfCleric":2,"Bronze Scales":6,"Ancient Tea Set":9,"Empty Cage":17,"Burning Blood":0},{"Matryoshka":5,"NeowsBlessing":0,"FaceOfCleric":1,"Bronze Scales":3,"Ancient Tea Set":4,"Empty Cage":7,"Burning Blood":0},{"Matryoshka":9,"NeowsBlessing":0,"FaceOfCleric":1,"Bronze Scales":3,"Ancient Tea Set":5,"Empty Cage":19,"Burning Blood":0}],"Burning Blood":38},"card_choices":[{"not_picked":["Searing Blow","Carnage"],"picked":"Rampage","floor":1},{"not_picked":["Perfected Strike","Heavy Blade"],"picked":"Feel No Pain","floor":4},{"not_picked":["Hemokinesis","Sentinel"],"picked":"Feel No Pain","floor":6},{"not_picked":["Clash","Anger"],"picked":"Wild Strike","floor":7},{"not_picked":["Flex","Anger"],"picked":"Shrug It Off","floor":10},{"not_picked":["Body Slam","Evolve","Iron Wave"],"picked":"SKIP","floor":13},{"not_picked":["Exhume","Brutality"],"picked":"Barricade","floor":16},{"not_picked":["Warcry","Armaments"],"picked":"Whirlwind","floor":18},{"not_picked":["Havoc","True Grit"],"picked":"Body Slam","floor":19}],"player_experience":2009459,"relics_obtained":[{"floor":6,"key":"Bronze Scales"},{"floor":9,"key":"Ancient Tea Set"},{"floor":10,"key":"Matryoshka"}],"event_choices":[{"damage_healed":0,"gold_gain":0,"player_choice":"Trade","damage_taken":0,"relics_obtained":["FaceOfCleric"],"max_hp_gain":0,"max_hp_loss":0,"event_name":"FaceTrader","floor":2,"gold_loss":0},{"damage_healed":0,"gold_gain":0,"player_choice":"Entered Light","damage_taken":24,"max_hp_gain":0,"max_hp_loss":0,"event_name":"Shining Light","floor":12,"gold_loss":0,"cards_upgraded":["Strike_R","Defend_R"]},{"damage_healed":20,"gold_gain":0,"player_choice":"Healed and dodged fight","damage_taken":0,"max_hp_gain":0,"max_hp_loss":0,"event_name":"Mushrooms","floor":14,"gold_loss":0,"cards_obtained":["Parasite"]},{"damage_healed":0,"gold_gain":275,"player_choice":"Desecrate","damage_taken":0,"max_hp_gain":0,"max_hp_loss":0,"event_name":"Golden Shrine","floor":20,"gold_loss":0,"cards_obtained":["Regret"]}],"is_beta":true,"boss_relics":[{"not_picked":["Ectoplasm","Runic Dome"],"picked":"Empty Cage"}],"items_purged_floors":[],"is_endless":false,"potions_floor_spawned":[1,4,6,13,19],"killed_by":"Snake Plant","ascension_level":20}}