{"host":"08t08ld674si40tv","time":1611370589,"event":{"mods":["AchievementEnabler","BaseMod","Colored Map","Minty Spire (QoL Compilation)","StSLib","SuperFastMode"],"gold_per_floor":[114,39,39,39,39,39,69,79,105,120,137,137,150,168,168,245,245,256,256,266,266,266,266,316,316,316,58,86,1,1,11,11,84,84,101,111,111,111],"floor_reached":37,"language":"KOR","playtime":1282,"items_purged":["Strike_B","Thunder Strike"],"score":735,"play_id":"4b31081a-8c06-47e9-ba39-37990b6b4699","local_time":"20210123115629","is_ascension_mode":true,"campfire_choices":[{"floor":6.0,"key":"REST"},{"data":"Defragment","floor":12.0,"key":"SMITH"},{"floor":15.0,"key":"REST"},{"data":"Creative AI","floor":23.0,"key":"SMITH"},{"data":"Loop","floor":25.0,"key":"SMITH"},{"floor":30.0,"key":"REST"},{"data":"Zap","floor":32.0,"key":"SMITH"}],"circlet_count":0,"master_deck":["AscendersBane","Zap+1","Dualcast","Seek","Loop+1","BootSequence","Sweeping Beam","Hologram","Defragment+1","Cold Snap","Creative AI+1","Biased Cognition","Glacier","Leap","FTL","Loop+1","Aggregate+1","Self Repair","Chill","Reboot"],"relics":["Cracked Core","PreservedInsect","Omamori","Strawberry","Pandora\u0027s Box","Nilry\u0027s Codex","Lantern","Turnip","Sozu"],"acts_visited":["Exordium","TheCity","TheBeyond"],"potions_floor_usage":[35],"damage_taken":[{"damage":7.0,"enemies":"Jaw Worm","floor":1.0,"turns":4.0},{"damage":8.0,"enemies":"Gremlin Nob","floor":7.0,"turns":3.0},{"damage":3.0,"enemies":"Small Slimes","floor":8.0,"turns":3.0},{"damage":0.0,"enemies":"2 Louse","floor":10.0,"turns":3.0},{"damage":1.0,"enemies":"Looter","floor":11.0,"turns":4.0},{"damage":13.0,"enemies":"Blue Slaver","floor":13.0,"turns":3.0},{"damage":5.0,"enemies":"3 Louse","floor":14.0,"turns":4.0},{"damage":30.0,"enemies":"The Guardian","floor":16.0,"turns":11.0},{"damage":0.0,"enemies":"3 Byrds","floor":18.0,"turns":5.0},{"damage":1.0,"enemies":"Chosen","floor":20.0,"turns":6.0},{"damage":33.0,"enemies":"Gremlin Leader","floor":28.0,"turns":6.0},{"damage":7.0,"enemies":"Shelled Parasite and Fungi","floor":31.0,"turns":25.0},{"damage":13.0,"enemies":"Automaton","floor":33.0,"turns":9.0},{"damage":8,"enemies":"3 Darklings","floor":35,"turns":6},{"damage":32,"enemies":"3 Shapes","floor":36,"turns":7},{"damage":26,"enemies":"2 Orb Walkers","floor":37,"turns":4}],"seed_played":"-4059796073799334999","potions_obtained":[{"floor":7.0,"key":"DistilledChaos"},{"floor":10.0,"key":"FocusPotion"},{"floor":13.0,"key":"SteroidPotion"},{"floor":16.0,"key":"Fire Potion"},{"floor":28.0,"key":"Weak Potion"},{"floor":33.0,"key":"SpeedPotion"}],"is_trial":false,"path_per_floor":["M","$","?","?","?","R","E","M","T","M","M","R","M","M","R","B",null,"M","?","M","?","?","R","?","R","T","$","E","$","R","M","R","B",null,"M","M","?"],"character_chosen":"DEFECT","items_purchased":["Lantern","Chill"],"campfire_rested":3,"item_purchase_floors":[27,29],"current_hp_per_floor":[57,57,39,32,11,32,24,21,28,28,27,27,14,9,32,2,59,59,59,58,58,37,37,37,37,37,37,11,11,34,34,34,21,64,63,38,12,12],"gold":111,"neow_bonus":"ONE_RANDOM_RARE_CARD","is_daily":false,"chose_seed":false,"campfire_upgraded":4,"win_rate":0.0,"timestamp":1611370589,"path_taken":["M","$","?","?","?","R","E","M","T","M","M","R","M","M","R","BOSS","M","?","M","?","?","R","?","R","T","$","E","$","R","M","R","BOSS","M","?","?"],"items_purchased_type":["Relic","Card"],"build_version":"2020-12-22","purchased_purges":2,"victory":false,"max_hp_per_floor":[71,71,71,71,71,71,71,71,78,78,78,78,78,78,78,78,78,78,78,78,78,78,78,78,78,78,78,78,78,78,78,78,78,78,78,78,78,78],"card_choices":[{"not_picked":["Go for the Eyes","Rebound"],"picked":"Loop","floor":1.0},{"not_picked":["Hello World","Recycle"],"picked":"BootSequence","floor":7.0},{"not_picked":["Compile Driver","Steam"],"picked":"Sweeping Beam","floor":8.0},{"not_picked":["Barrage","Gash"],"picked":"Hologram","floor":10.0},{"not_picked":["Go for the Eyes","Reinforced Body"],"picked":"Defragment","floor":11.0},{"not_picked":["Rip and Tear","Ball Lightning"],"picked":"Cold Snap","floor":13.0},{"not_picked":["Stack","Gash"],"picked":"Creative AI","floor":14.0},{"not_picked":["All For One","Fission"],"picked":"Biased Cognition","floor":16.0},{"not_picked":["FTL","Gash+1","Aggregate+1"],"picked":"SKIP","floor":18.0},{"not_picked":["FTL","Gash+1"],"picked":"Aggregate+1","floor":18.0},{"not_picked":["Ball Lightning","Stack+1"],"picked":"Self Repair","floor":20.0},{"not_picked":["Go for the Eyes","Steam","Self Repair"],"picked":"SKIP","floor":28.0},{"not_picked":["Rebound","Streamline+1","Lockon"],"picked":"SKIP","floor":31.0},{"not_picked":["Creative AI","Amplify"],"picked":"Reboot","floor":33.0},{"not_picked":["Cold Snap","Gash","Lockon"],"picked":"SKIP","floor":35},{"not_picked":["Static Discharge+1","Streamline+1","Beam Cell"],"picked":"SKIP","floor":36}],"player_experience":253570,"relics_obtained":[{"floor":7.0,"key":"Omamori"},{"floor":9.0,"key":"Strawberry"},{"floor":22.0,"key":"Nilry\u0027s Codex"},{"floor":28.0,"key":"Turnip"}],"event_choices":[{"damage_healed":0.0,"max_hp_gain":0.0,"max_hp_loss":0.0,"gold_gain":0.0,"event_name":"Scrap Ooze","player_choice":"Success","floor":3.0,"gold_loss":0.0,"damage_taken":18.0,"relics_obtained":["PreservedInsect"]},{"cards_removed":["Strike_B"],"damage_healed":0.0,"max_hp_gain":0.0,"max_hp_loss":0.0,"gold_gain":0.0,"event_name":"Golden Wing","player_choice":"Card Removal","floor":4.0,"gold_loss":0.0,"damage_taken":7.0},{"damage_healed":0.0,"max_hp_gain":0.0,"max_hp_loss":0.0,"gold_gain":0.0,"event_name":"Shining Light","player_choice":"Entered Light","floor":5.0,"gold_loss":0.0,"damage_taken":21.0,"cards_upgraded":["Loop","Defend_B"]},{"cards_removed":["All For One"],"damage_healed":0.0,"max_hp_gain":0.0,"max_hp_loss":0.0,"gold_gain":0.0,"event_name":"Back to Basics","player_choice":"Elegance","floor":19.0,"gold_loss":0.0,"damage_taken":0.0},{"damage_healed":0.0,"max_hp_gain":0.0,"max_hp_loss":0.0,"gold_gain":0.0,"event_name":"Ghosts","player_choice":"Ignored","floor":21.0,"gold_loss":0.0,"damage_taken":0.0},{"damage_healed":0.0,"max_hp_gain":0.0,"max_hp_loss":0.0,"gold_gain":0.0,"event_name":"Cursed Tome","player_choice":"Obtained Book","floor":22.0,"gold_loss":0.0,"damage_taken":21.0},{"damage_healed":0.0,"max_hp_gain":0.0,"max_hp_loss":0.0,"gold_gain":50.0,"event_name":"Golden Shrine","player_choice":"Pray","floor":24.0,"gold_loss":0.0,"damage_taken":0.0},{"damage_healed":0,"gold_gain":0,"player_choice":"Fight","damage_taken":0,"max_hp_gain":0,"max_hp_loss":0,"event_name":"Mysterious Sphere","floor":37,"gold_loss":0}],"is_beta":false,"boss_relics":[{"not_picked":["SlaversCollar","Snecko Eye"],"picked":"Pandora\u0027s Box"},{"not_picked":["Philosopher\u0027s Stone","Velvet Choker"],"picked":"Sozu"}],"items_purged_floors":[2,27],"is_endless":false,"potions_floor_spawned":[7,10,13,16,28,33,36],"killed_by":"2 Orb Walkers","ascension_level":18}}