{"host":"zk71suw73lg2r165","time":1611371967,"event":{"mods":["BaseMod","Colored Map","Minty Spire (QoL Compilation)","Permanent Neow","Relic Stats","StSLib"],"gold_per_floor":[367,381,381,381,59,59,73,92,92,92,242,276,276,301,301,377,377,396,311,311,311,65,90,109,109,109,109,128,128,155,174,174,252,252,272,287,287,305,88,88,108,139,139,155,155,172,172,227,227,227,227],"floor_reached":50,"language":"ENG","playtime":2281,"items_purged":["Doubt"],"score":1065,"play_id":"f689a722-7c10-40a2-a123-a5e6abe29b29","local_time":"20210122221927","is_ascension_mode":true,"campfire_choices":[{"data":"Blade Dance","floor":6.0,"key":"SMITH"},{"data":"Accuracy","floor":10.0,"key":"SMITH"},{"floor":13.0,"key":"REST"},{"data":"After Image","floor":15.0,"key":"SMITH"},{"floor":25.0,"key":"REST"},{"floor":27.0,"key":"RECALL"},{"floor":32.0,"key":"REST"},{"floor":40,"key":"REST"},{"floor":49,"key":"REST"}],"circlet_count":0,"master_deck":["AscendersBane","Defend_G","Defend_G","Defend_G","Defend_G","Defend_G","Survivor","Neutralize+1","Slice","Quick Slash","Blade Dance+1","Accuracy+1","Dagger Spray","Infinite Blades","Crippling Poison","After Image+1","Storm of Steel","Blur","PiercingWail","Bite","Bite","Dash","Prepared+1","Venomology","Backflip+1","Choke","Blade Dance","Dagger Throw","Phantasmal Killer","Magnetism+1","Master of Strategy+1","Thinking Ahead+1","Leg Sweep+1","Caltrops","Accuracy","Infinite Blades+1","PiercingWail","Parasite","Burst","Well Laid Plans","Deadly Poison+1","Dodge and Roll+1","Panacea"],"relics":["Ring of the Snake","Mummified Hand","Prayer Wheel","Incense Burner","Fusion Hammer","Ninja Scroll","Oddly Smooth Stone","Medical Kit","Matryoshka","MealTicket","Meat on the Bone","Ornamental Fan","Astrolabe","TwistedFunnel","Blue Candle","Juzu Bracelet","Torii","PreservedInsect"],"acts_visited":["Exordium","TheCity","TheBeyond"],"potions_floor_usage":[35,36,38,41,41,42,42,46,50],"damage_taken":[{"damage":1.0,"enemies":"Small Slimes","floor":1.0,"turns":6.0},{"damage":2.0,"enemies":"2 Louse","floor":2.0,"turns":5.0},{"damage":0.0,"enemies":"Jaw Worm","floor":7.0,"turns":3.0},{"damage":3.0,"enemies":"Lots of Slimes","floor":8.0,"turns":3.0},{"damage":30.0,"enemies":"Gremlin Nob","floor":12.0,"turns":4.0},{"damage":12.0,"enemies":"Lagavulin","floor":14.0,"turns":4.0},{"damage":20.0,"enemies":"Hexaghost","floor":16.0,"turns":10.0},{"damage":10.0,"enemies":"3 Byrds","floor":18.0,"turns":5.0},{"damage":31.0,"enemies":"Book of Stabbing","floor":23.0,"turns":6.0},{"damage":12.0,"enemies":"Shell Parasite","floor":24.0,"turns":3.0},{"damage":22.0,"enemies":"Snake Plant","floor":28.0,"turns":6.0},{"damage":7.0,"enemies":"Cultist and Chosen","floor":29.0,"turns":3.0},{"damage":8.0,"enemies":"Slavers","floor":30.0,"turns":7.0},{"damage":3.0,"enemies":"3 Cultists","floor":31.0,"turns":4.0},{"damage":47.0,"enemies":"Automaton","floor":33.0,"turns":12.0},{"damage":0,"enemies":"3 Darklings","floor":35,"turns":4},{"damage":0,"enemies":"Orb Walker","floor":36,"turns":2},{"damage":32,"enemies":"3 Darklings","floor":38,"turns":4},{"damage":0,"enemies":"Writhing Mass","floor":41,"turns":4},{"damage":17,"enemies":"Giant Head","floor":42,"turns":6},{"damage":37,"enemies":"Transient","floor":44,"turns":6},{"damage":0,"enemies":"4 Shapes","floor":46,"turns":5},{"damage":80,"enemies":"Awakened One","floor":50,"turns":12}],"seed_played":"-4994979085638971157","potions_obtained":[{"floor":12.0,"key":"BlessingOfTheForge"},{"floor":14.0,"key":"Weak Potion"},{"floor":18.0,"key":"LiquidBronze"},{"floor":33,"key":"AttackPotion"},{"floor":41,"key":"PowerPotion"},{"floor":44,"key":"Strength Potion"}],"is_trial":false,"path_per_floor":["M","M","?","?","$","R","M","M","T","R","?","E","R","E","R","B",null,"M","?","?","?","$","E","M","R","T","R","M","M","E","M","R","B",null,"M","M","?","M","$","R","M","E","T","M","?","M","T","T","R","B"],"character_chosen":"THE_SILENT","items_purchased":["Blade Dance","Accuracy","Dagger Spray","Blood Vial","Medical Kit","TwistedFunnel","BlessingOfTheForge"],"campfire_rested":5,"item_purchase_floors":[5,5,5,5,22,39,39],"current_hp_per_floor":[58,56,49,49,49,49,51,50,50,50,50,22,41,31,31,13,53,45,45,45,45,45,26,20,39,39,39,33,44,48,51,66,41,60,62,62,62,44,59,66,66,52,52,31,31,45,45,45,64,0,0],"gold":227,"neow_bonus":"TWO_FIFTY_GOLD","is_daily":false,"chose_seed":false,"campfire_upgraded":3,"win_rate":0.0,"timestamp":1611371967,"path_taken":["M","M","?","?","$","R","M","M","T","R","?","E","R","E","R","BOSS","M","?","?","?","$","E","M","R","T","R","?","M","E","?","R","BOSS","BOSS","M","?","?","M","$","R","M","E","T","M","?","M","?","?","R","BOSS"],"items_purchased_type":["Card","Card","Card","Relic","Relic","Relic","Potion"],"build_version":"2020-12-22","purchased_purges":1,"victory":false,"max_hp_per_floor":[66,66,66,66,66,66,66,66,66,66,66,66,66,66,66,66,66,66,66,66,66,66,66,66,66,66,66,66,66,66,66,66,66,66,66,66,66,66,66,66,66,66,66,66,66,66,66,66,66,66,66],"relic_stats":{"Torii":2,"counters":[23,124],"Astrolabe":["Magnetism","Master of Strategy","Thinking Ahead"],"Blue Candle":[2],"PreservedInsect":0,"Juzu Bracelet":1,"Medical Kit":[2],"Mummified Hand":[92],"Ornamental Fan":[268],"Prayer Wheel":10,"MealTicket":15,"obtain_stats":[{"TwistedFunnel":39,"Torii":47,"Astrolabe":34,"Blue Candle":42,"Oddly Smooth Stone":20,"PreservedInsect":48,"Incense Burner":14,"Juzu Bracelet":43,"Medical Kit":22,"Blood Vial":5,"Matryoshka":23,"Mummified Hand":9,"Ninja Scroll":19,"Ornamental Fan":30,"Prayer Wheel":12,"MealTicket":26,"Fusion Hammer":17,"Ring of the Snake":0,"Meat on the Bone":26},{"TwistedFunnel":18,"Torii":22,"Astrolabe":15,"Blue Candle":20,"Oddly Smooth Stone":8,"PreservedInsect":22,"Incense Burner":6,"Juzu Bracelet":20,"Medical Kit":8,"Blood Vial":2,"Matryoshka":9,"Mummified Hand":4,"Ninja Scroll":8,"Ornamental Fan":13,"Prayer Wheel":5,"MealTicket":10,"Fusion Hammer":7,"Ring of the Snake":0,"Meat on the Bone":10},{"TwistedFunnel":91,"Torii":112,"Astrolabe":81,"Blue Candle":101,"Oddly Smooth Stone":40,"PreservedInsect":112,"Incense Burner":25,"Juzu Bracelet":101,"Medical Kit":40,"Blood Vial":11,"Matryoshka":46,"Mummified Hand":17,"Ninja Scroll":40,"Ornamental Fan":65,"Prayer Wheel":21,"MealTicket":49,"Fusion Hammer":35,"Ring of the Snake":0,"Meat on the Bone":49}],"Ring of the Snake":[46],"Meat on the Bone":72},"card_choices":[{"not_picked":["Underhanded Strike","Sucker Punch"],"picked":"Slice","floor":1.0},{"not_picked":["Underhanded Strike","Dodge and Roll"],"picked":"Quick Slash","floor":2.0},{"not_picked":["Slice","Sucker Punch","Bane"],"picked":"SKIP","floor":7.0},{"not_picked":["Concentrate","Skewer"],"picked":"Infinite Blades","floor":8.0},{"not_picked":["Quick Slash","Heel Hook"],"picked":"Crippling Poison","floor":12.0},{"not_picked":["Prepared","Dagger Spray"],"picked":"After Image","floor":14.0},{"not_picked":["Night Terror","Adrenaline"],"picked":"Storm of Steel","floor":16.0},{"not_picked":["Acrobatics","Infinite Blades"],"picked":"Blur","floor":18.0},{"not_picked":["Underhanded Strike","Dagger Spray"],"picked":"PiercingWail","floor":18.0},{"not_picked":["Well Laid Plans","Noxious Fumes"],"picked":"Dash","floor":23.0},{"not_picked":["Dagger Throw","Expertise"],"picked":"Prepared+1","floor":24.0},{"not_picked":["Flying Knee","Calculated Gamble"],"picked":"Venomology","floor":24.0},{"not_picked":["Bouncing Flask","Cloak And Dagger"],"picked":"Backflip+1","floor":28.0},{"not_picked":["Prepared","PiercingWail","Concentrate"],"picked":"SKIP","floor":28.0},{"not_picked":["Eviscerate","Flying Knee"],"picked":"Choke","floor":30.0},{"not_picked":["Backflip","PiercingWail"],"picked":"Blade Dance","floor":31.0},{"not_picked":["Quick Slash","Catalyst"],"picked":"Dagger Throw","floor":31.0},{"not_picked":["Grand Finale","Corpse Explosion"],"picked":"Phantasmal Killer","floor":33},{"not_picked":["Predator","Bane"],"picked":"Leg Sweep+1","floor":35},{"not_picked":["Dodge and Roll","Dagger Throw","Choke"],"picked":"SKIP","floor":35},{"not_picked":["Endless Agony","PiercingWail"],"picked":"Caltrops","floor":36},{"not_picked":["PiercingWail","Quick Slash"],"picked":"Accuracy","floor":36},{"not_picked":["Backstab","Flechettes+1"],"picked":"Infinite Blades+1","floor":38},{"not_picked":["Riddle With Holes","Dash+1"],"picked":"PiercingWail","floor":38},{"not_picked":["Underhanded Strike","Backflip"],"picked":"Burst","floor":41},{"not_picked":["Tactician","Backstab"],"picked":"Well Laid Plans","floor":41},{"not_picked":["All Out Attack","Cloak And Dagger"],"picked":"Deadly Poison+1","floor":42},{"not_picked":["Deflect","Flechettes"],"picked":"Dodge and Roll+1","floor":44},{"not_picked":["Cloak And Dagger","Outmaneuver","Catalyst+1"],"picked":"SKIP","floor":44},{"not_picked":["Forethought","PanicButton"],"picked":"Panacea","floor":45},{"not_picked":["Cloak And Dagger","Poisoned Stab","Caltrops"],"picked":"SKIP","floor":46},{"not_picked":["Outmaneuver","Backflip","Dagger Throw"],"picked":"SKIP","floor":46}],"player_experience":1349389,"relics_obtained":[{"floor":9.0,"key":"Mummified Hand"},{"floor":12.0,"key":"Prayer Wheel"},{"floor":14.0,"key":"Incense Burner"},{"floor":23.0,"key":"Matryoshka"},{"floor":26.0,"key":"MealTicket"},{"floor":26.0,"key":"Meat on the Bone"},{"floor":30.0,"key":"Ornamental Fan"},{"floor":42,"key":"Blue Candle"},{"floor":43,"key":"Juzu Bracelet"},{"floor":47,"key":"Torii"},{"floor":48,"key":"PreservedInsect"}],"event_choices":[{"cards_removed":["Regret"],"damage_healed":0.0,"max_hp_gain":0.0,"max_hp_loss":0.0,"gold_gain":0.0,"event_name":"Golden Wing","player_choice":"Card Removal","floor":3.0,"gold_loss":0.0,"damage_taken":7.0},{"damage_healed":0.0,"max_hp_gain":0.0,"max_hp_loss":0.0,"gold_gain":0.0,"event_name":"Living Wall","player_choice":"Grow","floor":4.0,"gold_loss":0.0,"damage_taken":0.0,"cards_upgraded":["Neutralize"]},{"damage_healed":0.0,"max_hp_gain":0.0,"max_hp_loss":0.0,"gold_gain":150.0,"event_name":"Liars Game","player_choice":"AGREE","floor":11.0,"gold_loss":0.0,"damage_taken":0.0,"cards_obtained":["Doubt"]},{"damage_healed":0.0,"max_hp_gain":0.0,"max_hp_loss":0.0,"gold_gain":0.0,"event_name":"Addict","player_choice":"Obtained Relic","floor":19.0,"gold_loss":85.0,"damage_taken":0.0,"relics_obtained":["Ninja Scroll"]},{"damage_healed":0.0,"max_hp_gain":0.0,"max_hp_loss":0.0,"gold_gain":0.0,"event_name":"The Mausoleum","player_choice":"Opened","floor":20.0,"gold_loss":0.0,"damage_taken":0.0,"relics_obtained":["Oddly Smooth Stone"],"cards_obtained":["Writhe"]},{"damage_healed":0.0,"max_hp_gain":0.0,"max_hp_loss":0.0,"gold_gain":0.0,"event_name":"Vampires","player_choice":"Became a vampire (Vial)","floor":21.0,"relics_lost":["Blood Vial"],"gold_loss":0.0,"damage_taken":0.0,"cards_obtained":["Bite","Bite","Bite","Bite","Bite"]},{"cards_removed":["Writhe"],"damage_healed":0,"gold_gain":0,"player_choice":"Removed Curses","damage_taken":0,"max_hp_gain":0,"max_hp_loss":0,"event_name":"Fountain of Cleansing","floor":37,"gold_loss":0},{"damage_healed":0,"gold_gain":0,"player_choice":"Memory 1","damage_taken":0,"max_hp_gain":0,"max_hp_loss":0,"event_name":"SensoryStone","floor":45,"gold_loss":0}],"is_beta":false,"boss_relics":[{"not_picked":["Tiny House","Black Star"],"picked":"Fusion Hammer"},{"not_picked":["Runic Dome","HoveringKite"],"picked":"Astrolabe"}],"items_purged_floors":[22],"is_endless":false,"potions_floor_spawned":[12,14,18,29,33,41,44,46],"killed_by":"Awakened One","ascension_level":20}}