{"host":"49c2zf0lajbcs427","time":1611389345,"event":{"mods":["AchievementEnabler","BaseMod","Colored Map","Colored Powertips","Highlight Path","Key Reminder","Minty Spire (QoL Compilation)","Relic Stats","StSLib"],"gold_per_floor":[111,111,129,304,33,61,61,96,96,96,96,128,143,143,143,241,241,259,259,278,288,388,414,414,447,447,301,330,363,68,78,78,175,175,194,194,208,259,272,303,154,170,170,201,226,251,92,105,105,105,105,105,29,60,60],"floor_reached":56,"language":"ENG","playtime":5296,"items_purged":["Doubt"],"score":1784,"play_id":"238de9b3-299c-4eb4-948e-818612d4866e","local_time":"20210123210905","is_ascension_mode":true,"campfire_choices":[{"data":"Biased Cognition","floor":7,"key":"SMITH"},{"floor":10,"key":"REST"},{"data":"Capacitor","floor":15,"key":"SMITH"},{"data":"Seek","floor":24,"key":"SMITH"},{"data":"Buffer","floor":32,"key":"SMITH"},{"floor":49,"key":"RECALL"},{"floor":52,"key":"REST"}],"circlet_count":0,"master_deck":["Defend_B","Defend_B","Defend_B","Defend_B","Zap","Dualcast","Reinforced Body+1","Echo Form","Biased Cognition+1","Capacitor+1","Seek+1","Bite","Bite","Bite","Bite","Bite","Cold Snap","Skim","Buffer+1","Echo Form","Sunder","Recycle","Buffer","Defragment","Amplify","Hologram+1","Core Surge","Loop","Glacier+1"],"relics":["Runic Dome","Whetstone","MealTicket","White Beast Statue","Singing Bowl","Bronze Scales","Snecko Eye","Regal Pillow","Dead Branch","WingedGreaves","Bag of Preparation","Toy Ornithopter","DollysMirror","Fusion Hammer","Bird Faced Urn","Symbiotic Virus","Runic Capacitor","Incense Burner","Vajra","DataDisk","Eternal Feather"],"acts_visited":["Exordium","TheCity","TheBeyond","TheEnding"],"potions_floor_usage":[8,12,16,16,16,23,23,28,28,33,39,55,55,55,55,55],"damage_taken":[{"damage":1,"enemies":"Cultist","floor":1,"turns":4},{"damage":0,"enemies":"Jaw Worm","floor":3,"turns":4},{"damage":10,"enemies":"Lagavulin","floor":6,"turns":6},{"damage":16,"enemies":"Gremlin Nob","floor":8,"turns":4},{"damage":6,"enemies":"3 Sentries","floor":12,"turns":5},{"damage":0,"enemies":"2 Louse","floor":13,"turns":2},{"damage":39,"enemies":"The Guardian","floor":16,"turns":11},{"damage":25,"enemies":"Shell Parasite","floor":18,"turns":5},{"damage":10,"enemies":"Spheric Guardian","floor":20,"turns":6},{"damage":22,"enemies":"Centurion and Healer","floor":21,"turns":5},{"damage":0,"enemies":"Gremlin Leader","floor":23,"turns":5},{"damage":43,"enemies":"Book of Stabbing","floor":25,"turns":7},{"damage":18,"enemies":"Slavers","floor":28,"turns":7},{"damage":34,"enemies":"Book of Stabbing","floor":29,"turns":6},{"damage":0,"enemies":"Snake Plant","floor":31,"turns":3},{"damage":16,"enemies":"Champ","floor":33,"turns":9},{"damage":11,"enemies":"3 Shapes","floor":35,"turns":8},{"damage":0,"enemies":"Orb Walker","floor":37,"turns":4},{"damage":37,"enemies":"2 Orb Walkers","floor":38,"turns":5},{"damage":0,"enemies":"Sphere and 2 Shapes","floor":39,"turns":5},{"damage":50,"enemies":"Nemesis","floor":40,"turns":7},{"damage":23,"enemies":"3 Darklings","floor":42,"turns":7},{"damage":0,"enemies":"Reptomancer","floor":44,"turns":7},{"damage":13,"enemies":"Writhing Mass","floor":48,"turns":5},{"damage":0,"enemies":"Time Eater","floor":50,"turns":8},{"damage":26,"enemies":"Shield and Spear","floor":54,"turns":7},{"damage":35,"enemies":"The Heart","floor":55,"turns":7}],"seed_played":"397229339994289269","potions_obtained":[{"floor":1,"key":"PowerPotion"},{"floor":8,"key":"PowerPotion"},{"floor":11,"key":"Explosive Potion"},{"floor":11,"key":"LiquidMemories"},{"floor":12,"key":"DistilledChaos"},{"floor":16,"key":"EssenceOfDarkness"},{"floor":18,"key":"SkillPotion"},{"floor":20,"key":"GamblersBrew"},{"floor":21,"key":"SkillPotion"},{"floor":23,"key":"BlessingOfTheForge"},{"floor":25,"key":"BlessingOfTheForge"},{"floor":28,"key":"Weak Potion"},{"floor":29,"key":"FearPotion"},{"floor":33,"key":"BlessingOfTheForge"},{"floor":35,"key":"FocusPotion"},{"floor":37,"key":"EssenceOfSteel"},{"floor":39,"key":"BlessingOfTheForge"},{"floor":40,"key":"DuplicationPotion"},{"floor":42,"key":"EntropicBrew"}],"is_trial":false,"path_per_floor":["M","?","M","?","$","E","R","E","T","R","?","E","M","?","R","B",null,"M","?","M","M","?","E","R","E","T","$","E","E","$","M","R","B",null,"M","?","M","?","M","E","$","M","T","E","T","T","$","M","R","B",null,"R","$","E","B",null],"character_chosen":"DEFECT","items_purchased":["Echo Form","Ball Lightning","Bag of Preparation","DollysMirror","Sunder","Recycle","Runic Capacitor","Core Surge","Loop"],"campfire_rested":2,"item_purchase_floors":[5,5,27,30,30,30,41,47,53],"current_hp_per_floor":[67,52,52,52,52,42,42,26,26,48,48,44,44,44,44,5,59,36,36,48,52,52,59,59,36,36,51,61,43,58,63,63,63,63,58,58,66,42,69,30,45,71,71,71,71,71,71,66,66,73,73,73,73,73,63],"gold":60,"neow_bonus":"BOSS_RELIC","is_daily":false,"chose_seed":false,"campfire_upgraded":4,"win_rate":0.0,"timestamp":1611389345,"path_taken":["M","?","M","?","$","E","R","E","T","R","?","E","?","?","R","BOSS","M","?","M","M","?","E","R","E","T","$","E","E","$","M","R","BOSS","M","?","M","?","M","E","$","M","T","E","?","?","$","?","R","BOSS","R","$","E","BOSS"],"items_purchased_type":["Card","Card","Relic","Relic","Card","Card","Relic","Card","Card"],"build_version":"2020-12-22","purchased_purges":1,"victory":true,"max_hp_per_floor":[75,75,75,75,75,75,75,75,75,75,75,77,77,77,77,77,77,79,55,57,57,57,59,59,59,59,59,61,61,61,63,63,63,63,65,65,67,67,69,69,69,71,71,71,71,71,71,73,73,73,73,73,73,73,73],"relic_stats":{"Regal Pillow":0,"Singing Bowl":22,"counters":[27,159],"Dead Branch":[55],"Eternal Feather":0,"Bag of Preparation":[30],"Whetstone":["Ball Lightning","Strike_B"],"Bronze Scales":[522],"Bird Faced Urn":[82],"Snecko Eye":[209,239,216,209],"MealTicket":45,"obtain_stats":[{"Regal Pillow":23,"Singing Bowl":12,"Dead Branch":25,"Vajra":45,"Eternal Feather":54,"Bag of Preparation":27,"Runic Capacitor":41,"Incense Burner":44,"Whetstone":6,"White Beast Statue":9,"keyreminder:keyreminder":28,"Runic Dome":0,"DataDisk":46,"DollysMirror":30,"Bronze Scales":14,"Bird Faced Urn":38,"Snecko Eye":17,"MealTicket":8,"WingedGreaves":26,"Fusion Hammer":34,"Cracked Core":0,"Symbiotic Virus":40,"Toy Ornithopter":29},{"Regal Pillow":11,"Singing Bowl":5,"Dead Branch":12,"Vajra":23,"Eternal Feather":26,"Bag of Preparation":12,"Runic Capacitor":21,"Incense Burner":23,"Whetstone":3,"White Beast Statue":4,"keyreminder:keyreminder":13,"Runic Dome":0,"DataDisk":23,"DollysMirror":14,"Bronze Scales":6,"Bird Faced Urn":19,"Snecko Eye":7,"MealTicket":4,"WingedGreaves":12,"Fusion Hammer":16,"Cracked Core":0,"Symbiotic Virus":21,"Toy Ornithopter":14},{"Regal Pillow":57,"Singing Bowl":23,"Dead Branch":64,"Vajra":132,"Eternal Feather":152,"Bag of Preparation":64,"Runic Capacitor":118,"Incense Burner":132,"Whetstone":14,"White Beast Statue":18,"keyreminder:keyreminder":71,"Runic Dome":0,"DataDisk":132,"DollysMirror":77,"Bronze Scales":25,"Bird Faced Urn":106,"Snecko Eye":36,"MealTicket":18,"WingedGreaves":64,"Fusion Hammer":89,"Cracked Core":0,"Symbiotic Virus":118,"Toy Ornithopter":77}],"Toy Ornithopter":10},"card_choices":[{"not_picked":["Tempest","Leap"],"picked":"Reinforced Body","floor":1},{"not_picked":["Reinforced Body","Conserve Battery","Redo"],"picked":"SKIP","floor":3},{"not_picked":["FTL","Leap"],"picked":"Biased Cognition","floor":6},{"not_picked":["Scrape","Blizzard","Leap"],"picked":"SKIP","floor":8},{"not_picked":["Beam Cell","Ball Lightning","Barrage"],"picked":"Singing Bowl","floor":12},{"not_picked":["Turbo","Go for the Eyes"],"picked":"Capacitor","floor":13},{"not_picked":["Amplify","Machine Learning"],"picked":"Seek","floor":16},{"not_picked":["Conserve Battery","Barrage","Leap"],"picked":"Singing Bowl","floor":18},{"not_picked":["Gash","Steam","Reinforced Body"],"picked":"Singing Bowl","floor":20},{"not_picked":["Streamline","Ball Lightning"],"picked":"Cold Snap","floor":21},{"not_picked":["Tempest+1","Heatsinks","Sweeping Beam"],"picked":"Singing Bowl","floor":23},{"not_picked":["Rip and Tear","Stack"],"picked":"Skim","floor":25},{"not_picked":["Barrage+1","Gash","Go for the Eyes"],"picked":"Singing Bowl","floor":28},{"not_picked":["Steam","Turbo"],"picked":"Buffer","floor":29},{"not_picked":["Ball Lightning","Gash","Conserve Battery+1"],"picked":"Singing Bowl","floor":31},{"not_picked":["Seek","Reboot"],"picked":"Buffer","floor":33},{"not_picked":["Redo","Go for the Eyes","BootSequence+1"],"picked":"Singing Bowl","floor":35},{"not_picked":["Beam Cell","Scrape","Steam"],"picked":"Singing Bowl","floor":37},{"not_picked":["Streamline+1","Double Energy+1"],"picked":"Defragment","floor":38},{"not_picked":["Turbo","Cold Snap+1","Redo+1"],"picked":"Singing Bowl","floor":39},{"not_picked":["Ball Lightning+1","Barrage+1"],"picked":"Amplify","floor":40},{"not_picked":["Coolheaded+1","Cold Snap+1","Rebound+1"],"picked":"Singing Bowl","floor":42},{"not_picked":["Genetic Algorithm+1","Loop+1"],"picked":"Hologram+1","floor":44},{"not_picked":["Hyperbeam","Self Repair+1","Hologram"],"picked":"Singing Bowl","floor":48},{"not_picked":["Undo","Barrage"],"picked":"Glacier+1","floor":54}],"player_experience":2352341,"relics_obtained":[{"floor":6,"key":"Whetstone"},{"floor":8,"key":"MealTicket"},{"floor":9,"key":"White Beast Statue"},{"floor":12,"key":"Singing Bowl"},{"floor":23,"key":"Regal Pillow"},{"floor":25,"key":"Dead Branch"},{"floor":26,"key":"WingedGreaves"},{"floor":29,"key":"Toy Ornithopter"},{"floor":38,"key":"Bird Faced Urn"},{"floor":40,"key":"Symbiotic Virus"},{"floor":44,"key":"Incense Burner"},{"floor":45,"key":"Vajra"},{"floor":46,"key":"DataDisk"},{"floor":54,"key":"Eternal Feather"}],"event_choices":[{"damage_healed":0,"gold_gain":0,"player_choice":"Entered Light","damage_taken":15,"max_hp_gain":0,"max_hp_loss":0,"event_name":"Shining Light","floor":2,"gold_loss":0,"cards_upgraded":["Strike_B","Reinforced Body"]},{"damage_healed":0,"gold_gain":175,"player_choice":"AGREE","damage_taken":0,"max_hp_gain":0,"max_hp_loss":0,"event_name":"Liars Game","floor":4,"gold_loss":0,"cards_obtained":["Doubt"]},{"damage_healed":0,"gold_gain":0,"player_choice":"Got Potions","damage_taken":0,"max_hp_gain":0,"max_hp_loss":0,"event_name":"Lab","floor":11,"gold_loss":0},{"cards_removed":["Ball Lightning"],"damage_healed":0,"gold_gain":0,"player_choice":"Gave Card","damage_taken":0,"relics_obtained":["Bronze Scales"],"max_hp_gain":0,"max_hp_loss":0,"event_name":"WeMeetAgain","floor":14,"gold_loss":0},{"damage_healed":0,"gold_gain":0,"player_choice":"Became a vampire","damage_taken":0,"max_hp_gain":0,"max_hp_loss":24,"event_name":"Vampires","floor":19,"gold_loss":0,"cards_obtained":["Bite","Bite","Bite","Bite","Bite"]},{"damage_healed":0,"gold_gain":100,"player_choice":"Pray","damage_taken":0,"max_hp_gain":0,"max_hp_loss":0,"event_name":"Golden Shrine","floor":22,"gold_loss":0},{"damage_healed":0,"gold_gain":0,"player_choice":"Ignored","damage_taken":0,"max_hp_gain":0,"max_hp_loss":0,"event_name":"Tomb of Lord Red Mask","floor":36,"gold_loss":0},{"damage_healed":0,"gold_gain":0,"player_choice":"Fight","damage_taken":0,"max_hp_gain":0,"max_hp_loss":0,"event_name":"Mysterious Sphere","floor":38,"gold_loss":0}],"is_beta":false,"boss_relics":[{"not_picked":["Tiny House","SacredBark"],"picked":"Snecko Eye"},{"not_picked":["Runic Pyramid","Pandora\u0027s Box"],"picked":"Fusion Hammer"}],"items_purged_floors":[5],"is_endless":false,"potions_floor_spawned":[1,8,12,13,16,18,20,21,23,25,28,29,31,33,35,37,38,39,40,42,44,48,54],"ascension_level":7}}