{"host":"3yynf0dn84873kbr","time":1611415091,"event":{"mods":["Act Like it!","BaseMod","CapriCore","ChefMod","Minty Spire (QoL Compilation)","SIMod","StSLib","[IsaacMod]ÒÔÈö¼âËþ"],"gold_per_floor":[115,126,146,146,166,166,186,186,210,210,220,245,260,280,280,384,384,396,321,321],"floor_reached":19,"language":"ZHS","playtime":1769,"items_purged":[],"score":163,"play_id":"c79dedb7-7040-4266-823d-34eeb2032435","local_time":"20210123231811","is_ascension_mode":false,"campfire_choices":[{"data":"FriendshipIsMagic","floor":6,"key":"SMITH"},{"data":"Magictrain","floor":8,"key":"SMITH"},{"data":"CheerUp","floor":10,"key":"SMITH"},{"data":"FarmExpert","floor":15,"key":"SMITH"}],"circlet_count":0,"master_deck":["Strike_AJ","Strike_TS","Strike_RR","Strike_RD","Defend_TS","Defend_PP","Defend_FS+1","Defend_AJ+1","ConcertedEfforts","HarmonyShield","Magic","DynamicVision","Magictrain+1","CheerUp+1","ThunderCloud","AllByMyself","Return_To_Past","FriendshipIsMagic+1","BatchProduction","BehindTheScene","Magic_Beam","Honesty","RashStunts","Anxiousness","FarmExpert+1","FriendOfNature","Harmanyblast","FriendOfNature+1","RushToSky+1"],"relics":["The_element_of_harmony","HushsDoor","Leech","War Paint","HowToJump","SlaversCollar"],"acts_visited":["Exordium","TheCity"],"potions_floor_usage":[16,16,16],"damage_taken":[{"damage":0,"enemies":"Cultist","floor":1,"turns":3},{"damage":7,"enemies":"2 Louse","floor":2,"turns":2},{"damage":0,"enemies":"Jaw Worm","floor":3,"turns":1},{"damage":13,"enemies":"Exordium Wildlife","floor":5,"turns":5},{"damage":5,"enemies":"Lots of Slimes","floor":7,"turns":3},{"damage":10,"enemies":"Exordium Thugs","floor":11,"turns":3},{"damage":12,"enemies":"Exordium Wildlife","floor":13,"turns":5},{"damage":13,"enemies":"Red Slaver","floor":14,"turns":3},{"damage":11,"enemies":"The Guardian","floor":16,"turns":11},{"damage":51,"enemies":"Chosen","floor":18,"turns":10},{"damage":41,"enemies":"2 Thieves","floor":19,"turns":3}],"seed_played":"-3987084954294514414","potions_obtained":[{"floor":0,"key":"Strength Potion"},{"floor":0,"key":"Dexterity Potion"},{"floor":0,"key":"SmokeBomb"},{"floor":1,"key":"SkillPotion"}],"is_trial":false,"path_per_floor":["M","M","M","?","M","R","M","R","T","R","M","T","M","M","R","B",null,"M","M"],"character_chosen":"TWI_CLASS","items_purchased":[],"campfire_rested":0,"item_purchase_floors":[],"current_hp_per_floor":[82,76,76,76,67,67,64,64,64,64,56,56,49,38,38,39,82,33,0,0],"gold":321,"neow_bonus":"THREE_SMALL_POTIONS","is_daily":false,"chose_seed":false,"campfire_upgraded":4,"win_rate":0.0,"timestamp":1611415091,"path_taken":["M","?","M","?","M","R","M","R","T","R","M","?","M","M","R","BOSS","M","M"],"items_purchased_type":[],"build_version":"2020-12-22","purchased_purges":0,"victory":false,"max_hp_per_floor":[82,82,82,82,82,82,82,82,82,82,82,82,82,82,82,82,82,82,82,82],"card_choices":[{"not_picked":[],"picked":"ChaosCard","floor":0},{"not_picked":["HideCarefully"],"picked":"Magic","floor":0},{"not_picked":["Dear_Princess"],"picked":"DynamicVision","floor":1},{"not_picked":["FollowTherRainbow"],"picked":"Magictrain","floor":1},{"not_picked":["PartyAlone"],"picked":"CheerUp","floor":2},{"not_picked":["AppleFever"],"picked":"ThunderCloud","floor":2},{"not_picked":["Perfectionism"],"picked":"AllByMyself","floor":3},{"not_picked":["HideCarefully"],"picked":"Return_To_Past","floor":3},{"not_picked":["PartyTime"],"picked":"FriendshipIsMagic","floor":5},{"not_picked":["RunningOfTheLeaves"],"picked":"BatchProduction","floor":5},{"not_picked":["Louder"],"picked":"BehindTheScene","floor":7},{"not_picked":["Winterwrapup"],"picked":"Magic_Beam","floor":7},{"not_picked":["FarmExpert"],"picked":"Honesty","floor":11},{"not_picked":["Louder"],"picked":"RashStunts","floor":11},{"not_picked":["HideCarefully"],"picked":"Anxiousness","floor":13},{"not_picked":["KillingWithKindness"],"picked":"FarmExpert","floor":13},{"not_picked":["SwiftKick"],"picked":"FriendOfNature","floor":14},{"not_picked":["Magictrain","DynamicVision"],"picked":"SKIP","floor":14},{"not_picked":["CowboySkills"],"picked":"Harmanyblast","floor":16},{"not_picked":["CleanLibrary+1"],"picked":"FriendOfNature+1","floor":18},{"not_picked":["BigDeal"],"picked":"RushToSky+1","floor":18}],"player_experience":119668,"relics_obtained":[{"floor":9,"key":"War Paint"},{"floor":12,"key":"HowToJump"}],"event_choices":[],"is_beta":false,"boss_relics":[{"not_picked":["Velvet Choker","Astrolabe"],"picked":"SlaversCollar"},{"not_picked":[]}],"items_purged_floors":[],"is_endless":false,"potions_floor_spawned":[1,3,7,11],"killed_by":"2 Thieves","ascension_level":0}}