{"host":"6jrnojxwearbrjzo","time":1611408809,"event":{"mods":["BaseMod","Conspire","Downfall","Highlight Path","Marisa（F雨　魔理沙）","Minty Spire (QoL Compilation)","MostiFishMod","Quick Restart","Random Character Button","Shop Mod","Spicy Shops","StSLib","The Construct","The Servant 0.9.4","Yuyuko","[功能]功能增强和修复MOD","vexMod"],"gold_per_floor":[118,3,3,3,3,32,32,57,57,108,108,136,136,2,2,98,98,116,116,11,11,11,37,37,68,94,128,54,54,54,54,54,154,154,168,90,90,90,444,444,544,578,604,604,604,579,579,579,579,579],"floor_reached":51,"language":"ZHS","playtime":1387,"items_purged":["Strike_P","conspire:GhostlyStrike","conspire:GhostlyDefend","Omniscience","conspire:GhostlyDefend","Eruption","conspire:GhostlyStrike","conspire:GhostlyStrike","Consecrate","Halt"],"score":1271,"play_id":"c17e4be0-d03d-4de4-9def-0a9abad02843","local_time":"20210123213329","is_ascension_mode":true,"campfire_choices":[{"floor":7,"key":"REST"},{"data":"SandsOfTime","floor":11,"key":"SMITH"},{"data":"TalkToTheHand","floor":13,"key":"SMITH"},{"floor":15,"key":"REST"},{"data":"Study","floor":24,"key":"SMITH"},{"floor":32,"key":"RECALL"},{"data":"Wallop","floor":40,"key":"SMITH"},{"data":"MostiFishMod:Minus+1","floor":44,"key":"SMITH"},{"data":"Madness","floor":49,"key":"SMITH"}],"circlet_count":0,"master_deck":["Eruption+1","Study+1","CutThroughFate+1","SandsOfTime+1","TalkToTheHand+1","MostiFishMod:Kaleido+1","Necronomicurse","MostiFishMod:FlowState+1","Wallop+1","Adaptation","MostiFishMod:Minus+2","Secret Weapon+1","Madness+1","Madness"],"relics":["PureWater","DaveBox","BrkXgEgg","SynthV:TestCard","Juzu Bracelet","Potion Belt","Medical Kit","TeardropLocket","Bronze Scales","HornCleat","Dream Catcher","Sling","Regal Pillow","Toy Ornithopter","Jackal-EndForJourney","Vajra","Civilization","SynthV","Necronomicon","Bag of Marbles","vexMod:HeadHunter","vexMod:MemoryStick","Anchor","Omamori","vexMod:PaidLearning","sneckomod:BabySnecko","ChiXiaoBlade","Oddly Smooth Stone","MostiFishMod:AdaptiveDefenses","Old Coin","vexMod:BarristanHead","Bag of Preparation"],"acts_visited":["Exordium","TheCity","TheBeyond"],"potions_floor_usage":[6,12,16,16,23,25,25],"damage_taken":[{"damage":24,"enemies":"Jaw Worm","floor":1,"turns":2},{"damage":0,"enemies":"Lagavulin","floor":6,"turns":2},{"damage":0,"enemies":"Gremlin Nob","floor":8,"turns":2},{"damage":10,"enemies":"3 Sentries","floor":12,"turns":2},{"damage":6,"enemies":"Slime Boss","floor":16,"turns":5},{"damage":0,"enemies":"3 Byrds","floor":18,"turns":2},{"damage":8,"enemies":"Slavers","floor":23,"turns":2},{"damage":0,"enemies":"Book of Stabbing","floor":25,"turns":2},{"damage":0,"enemies":"Slavers","floor":27,"turns":2},{"damage":0,"enemies":"Champ","floor":33,"turns":2},{"damage":0,"enemies":"3 Shapes","floor":35,"turns":1},{"damage":0,"enemies":"2 Orb Walkers","floor":39,"turns":1},{"damage":0,"enemies":"Giant Head","floor":42,"turns":1},{"damage":0,"enemies":"conspire:OrnateMirror","floor":50,"turns":2}],"seed_played":"801627914667201896","potions_obtained":[{"floor":1,"key":"Fire Potion"},{"floor":6,"key":"champ:CounterPotion"},{"floor":8,"key":"FairyPotion"},{"floor":8,"key":"champ:CounterPotion"},{"floor":12,"key":"StancePotion"},{"floor":12,"key":"SpeedPotion"},{"floor":16,"key":"SkillPotion"},{"floor":16,"key":"SteroidPotion"},{"floor":16,"key":"champ:CounterPotion"},{"floor":18,"key":"EntropicBrew"},{"floor":23,"key":"Energy Potion"},{"floor":25,"key":"Strength Potion"},{"floor":25,"key":"SkillPotion"},{"floor":27,"key":"StancePotion"},{"floor":27,"key":"StancePotion"}],"is_trial":false,"path_per_floor":["M","$","?","?","?","E","R","E","T","?","R","E","R","$","R","B",null,"M","?","$","?","?","E","R","E","T","E","$","?","$","?","R","B",null,"M","$","?","?","?","R","?","E","T","R","?","?","?","?","R","B",null],"character_chosen":"WATCHER","items_purchased":["SandsOfTime","Juzu Bracelet","Potion Belt","Medical Kit","Sling","MostiFishMod:Kaleido+1","Regal Pillow","Toy Ornithopter","Vajra","Civilization","SynthV","Omamori","vexMod:PaidLearning","Oddly Smooth Stone","MostiFishMod:AdaptiveDefenses","Wallop","Adaptation"],"campfire_rested":2,"item_purchase_floors":[2,2,2,2,14,14,14,14,20,20,20,28,28,36,36,36,36],"current_hp_per_floor":[27,27,27,27,27,27,48,48,48,48,48,38,38,38,72,66,72,72,72,72,56,56,56,56,70,70,75,75,75,75,75,75,80,89,94,94,94,94,99,99,99,104,104,104,104,104,104,91,91,96],"gold":579,"neow_bonus":"TRANSFORM_TWO_CARDS","is_daily":false,"chose_seed":false,"campfire_upgraded":6,"win_rate":0.0,"timestamp":1611408809,"path_taken":["M","$","?","?","?","E","R","E","T","?","R","E","R","$","R","BOSS","M","?","$","?","?","E","R","E","T","E","$","?","$","?","R","BOSS","M","$","?","?","?","R","?","E","T","R","?","?","?","?","R","BOSS"],"items_purchased_type":["Card","Relic","Relic","Relic","Relic","Card","Relic","Relic","Relic","Relic","Relic","Relic","Relic","Relic","Relic","Card","Card"],"build_version":"2020-12-22","purchased_purges":10,"victory":true,"max_hp_per_floor":[72,72,72,72,72,72,72,72,72,72,72,72,72,72,72,72,72,72,72,72,72,72,75,75,79,79,84,84,84,84,84,84,89,89,94,94,94,94,99,99,99,104,104,104,104,104,104,104,104,109],"card_choices":[{"not_picked":["Crescendo","Consecrate"],"picked":"CutThroughFate","floor":1},{"not_picked":["Conclude","Worship","Crescendo","CrushJoints","BowlingBash"],"picked":"SKIP","floor":6},{"not_picked":["Tantrum","Worship","SandsOfTime","EmptyFist"],"picked":"Consecrate","floor":8},{"not_picked":["Sanctity","Vault+1","SashWhip","WheelKick"],"picked":"TalkToTheHand","floor":12},{"not_picked":["BattleHymn","PathToVictory","Consecrate","ThirdEye"],"picked":"Halt","floor":15},{"not_picked":["Perseverance+1","SashWhip","Evaluate","Crescendo","PathToVictory"],"picked":"SKIP","floor":18},{"not_picked":["SashWhip","MostiFishMod:Pointsdynamics+1","FollowUp+1","CarveReality","Study"],"picked":"SKIP","floor":23},{"not_picked":["Indignation","Vault+1","Consecrate","LikeWater+1"],"picked":"MostiFishMod:FlowState+1","floor":25},{"not_picked":["Devotion","Blasphemy","MostiFishMod:Pointsdynamics"],"picked":"SKIP","floor":27},{"not_picked":["CrushJoints","Swivel+1","Indignation","WheelKick","EmptyBody"],"picked":"SKIP","floor":27},{"not_picked":["MostiFishMod:Speedup","Worship+1","PathToVictory","ForeignInfluence+1","Indignation"],"picked":"SKIP","floor":35},{"not_picked":["LessonLearned","MostiFishMod:StarOceanP"],"picked":"MostiFishMod:Minus","floor":42},{"not_picked":["Wireheading","MostiFishMod:FlowState+1","Evaluate+1","Nirvana","FlyingSleeves"],"picked":"SKIP","floor":42},{"not_picked":["HandOfGreedExtend","Forethought","Jack Of All Trades","Deep Breath"],"picked":"Secret Weapon+1","floor":45}],"player_experience":103197,"relics_obtained":[{"floor":1,"key":"SynthV:TestCard"},{"floor":6,"key":"TeardropLocket"},{"floor":8,"key":"Bronze Scales"},{"floor":9,"key":"HornCleat"},{"floor":12,"key":"Dream Catcher"},{"floor":21,"key":"Necronomicon"},{"floor":23,"key":"Bag of Marbles"},{"floor":25,"key":"vexMod:HeadHunter"},{"floor":26,"key":"vexMod:MemoryStick"},{"floor":27,"key":"Anchor"},{"floor":39,"key":"Old Coin"},{"floor":42,"key":"vexMod:BarristanHead"},{"floor":43,"key":"Bag of Preparation"}],"event_choices":[{"damage_healed":0,"gold_gain":0,"player_choice":"Agree","damage_taken":0,"max_hp_gain":0,"max_hp_loss":0,"event_name":"conspire:LoneGhost","floor":3,"gold_loss":0},{"damage_healed":0,"gold_gain":0,"player_choice":"Fled","damage_taken":0,"max_hp_gain":0,"max_hp_loss":0,"event_name":"Scrap Ooze","floor":4,"gold_loss":0},{"damage_healed":0,"gold_gain":0,"player_choice":"Grow","damage_taken":0,"max_hp_gain":0,"max_hp_loss":0,"event_name":"Living Wall","floor":5,"gold_loss":0,"cards_upgraded":["Eruption"]},{"damage_healed":0,"gold_gain":51,"player_choice":"Gained Gold","damage_taken":0,"max_hp_gain":0,"max_hp_loss":0,"event_name":"Golden Wing","floor":10,"gold_loss":0},{"damage_healed":0,"gold_gain":0,"player_choice":"Ignored","damage_taken":0,"max_hp_gain":0,"max_hp_loss":0,"event_name":"Vampires","floor":19,"gold_loss":0},{"damage_healed":0,"gold_gain":0,"player_choice":"Obtained Book","damage_taken":16,"max_hp_gain":0,"max_hp_loss":0,"event_name":"Cursed Tome","floor":21,"gold_loss":0},{"damage_healed":0,"gold_gain":0,"player_choice":"Ignored","damage_taken":0,"max_hp_gain":0,"max_hp_loss":0,"event_name":"N\u0027loth","floor":22,"gold_loss":0},{"damage_healed":0,"gold_gain":0,"player_choice":"Ignored","damage_taken":0,"max_hp_gain":0,"max_hp_loss":0,"event_name":"Ghosts","floor":31,"gold_loss":0},{"damage_healed":0,"gold_gain":0,"player_choice":"Leave","damage_taken":0,"max_hp_gain":0,"max_hp_loss":0,"event_name":"conspire:Investor","floor":38,"gold_loss":0},{"damage_healed":0,"gold_gain":0,"player_choice":"Fight","damage_taken":0,"max_hp_gain":0,"max_hp_loss":0,"event_name":"Mysterious Sphere","floor":39,"gold_loss":0},{"damage_healed":0,"gold_gain":100,"player_choice":"Pray","damage_taken":0,"max_hp_gain":0,"max_hp_loss":0,"event_name":"Golden Shrine","floor":41,"gold_loss":0},{"damage_healed":0,"gold_gain":0,"player_choice":"Memory 1","damage_taken":0,"max_hp_gain":0,"max_hp_loss":0,"event_name":"SensoryStone","floor":45,"gold_loss":0},{"cards_removed":["Vigilance"],"damage_healed":0,"gold_gain":0,"player_choice":"Removed Skill","damage_taken":0,"max_hp_gain":0,"max_hp_loss":0,"event_name":"Falling","floor":47,"gold_loss":0},{"damage_healed":0,"gold_gain":0,"player_choice":"Embrace Madness","damage_taken":13,"max_hp_gain":0,"max_hp_loss":0,"event_name":"Winding Halls","floor":48,"gold_loss":0,"cards_obtained":["Madness","Madness"]}],"is_beta":false,"boss_relics":[{"not_picked":["Astrolabe","bronze:MakeshiftBattery"],"picked":"Jackal-EndForJourney"},{"not_picked":["RhineCircuit","Runic Dome"],"picked":"ChiXiaoBlade"}],"items_purged_floors":[2,14,20,20,20,28,28,28,36,36],"is_endless":false,"potions_floor_spawned":[1,6,8,8,12,12,16,16,16,18,23,25,25,25,27,27,33,42,42,42],"ascension_level":3}}