{"host":"u5p72gjg7qm9i6r4","time":1611445592,"event":{"mods":["AchievementEnabler","BaseMod","Curses Come First","Highlight Path","Minty Spire (QoL Compilation)","Rare Cards Sparkle","StSLib"],"gold_per_floor":[109,121,121,141,159,159,190,190,190,222,222,242,268,280,280,384,434,450,484,484,484,501,527,537,537,537,569,569,589,604,629,629,733,733,743,743,758,770,992,992,1024,1034,1034,1050,1100,587,587,111,111,111],"floor_reached":51,"language":"ENG","playtime":3572,"items_purged":["Writhe","Parasite"],"score":1117,"play_id":"a6e402b9-d71a-4c7e-9dea-56f331d165cb","local_time":"20210123174632","is_ascension_mode":true,"campfire_choices":[{"data":"Footwork","floor":6.0,"key":"SMITH"},{"data":"Neutralize","floor":8.0,"key":"SMITH"},{"floor":11.0,"key":"REST"},{"data":"Survivor","floor":15.0,"key":"SMITH"},{"data":"Noxious Fumes","floor":25.0,"key":"SMITH"},{"floor":28,"key":"REST"},{"floor":32,"key":"REST"},{"floor":40,"key":"REST"},{"floor":47,"key":"REST"},{"data":"Footwork","floor":49,"key":"SMITH"}],"circlet_count":0,"master_deck":["Strike_G","Strike_G+1","Strike_G","Strike_G","Strike_G","Defend_G","Defend_G","Defend_G+1","Defend_G","Defend_G","Survivor+1","Neutralize+1","Sucker Punch","Footwork+1","Dagger Spray+1","Terror","Dagger Spray","Backflip+1","Backflip+1","Cloak And Dagger+1","Blur+1","Adrenaline+1","Leg Sweep+1","Leg Sweep+1","Noxious Fumes+1","Backflip+1","Noxious Fumes+1","PiercingWail+1","Bullet Time+1","Acrobatics+1","Footwork+1","Footwork+1","PiercingWail+1","PiercingWail+1","Cloak And Dagger+1","Blade Dance+1","Blur+1"],"relics":["Cursed Key","Dream Catcher","The Courier","Toxic Egg 2","PreservedInsect","Tiny House","Red Mask","Vajra","Blue Candle","Sozu","Omamori","Kunai","Gambling Chip","Pear","Medical Kit","Nunchaku","Whetstone","Lantern","Oddly Smooth Stone"],"acts_visited":["Exordium","TheCity","TheBeyond"],"potions_floor_usage":[31,50,50],"damage_taken":[{"damage":2.0,"enemies":"Jaw Worm","floor":1.0,"turns":4.0},{"damage":1.0,"enemies":"Small Slimes","floor":2.0,"turns":3.0},{"damage":0.0,"enemies":"2 Louse","floor":4.0,"turns":3.0},{"damage":0.0,"enemies":"Blue Slaver","floor":5.0,"turns":4.0},{"damage":3.0,"enemies":"3 Sentries","floor":7.0,"turns":7.0},{"damage":16.0,"enemies":"Gremlin Nob","floor":10.0,"turns":4.0},{"damage":4.0,"enemies":"3 Louse","floor":12.0,"turns":3.0},{"damage":13.0,"enemies":"Lagavulin","floor":13.0,"turns":7.0},{"damage":0.0,"enemies":"2 Fungi Beasts","floor":14.0,"turns":3.0},{"damage":23.0,"enemies":"The Guardian","floor":16.0,"turns":14.0},{"damage":0.0,"enemies":"3 Byrds","floor":18.0,"turns":6.0},{"damage":9.0,"enemies":"Masked Bandits","floor":19.0,"turns":5.0},{"damage":1.0,"enemies":"2 Thieves","floor":22.0,"turns":5.0},{"damage":2.0,"enemies":"Gremlin Leader","floor":23.0,"turns":5.0},{"damage":4.0,"enemies":"Snake Plant","floor":24.0,"turns":5.0},{"damage":13.0,"enemies":"Book of Stabbing","floor":27.0,"turns":6.0},{"damage":0,"enemies":"Centurion and Healer","floor":29,"turns":8},{"damage":26,"enemies":"Cultist and Chosen","floor":30,"turns":8},{"damage":0,"enemies":"Slavers","floor":31,"turns":5},{"damage":45,"enemies":"Collector","floor":33,"turns":10},{"damage":46,"enemies":"3 Darklings","floor":35,"turns":7},{"damage":1,"enemies":"Orb Walker","floor":37,"turns":5},{"damage":12,"enemies":"Jaw Worm Horde","floor":38,"turns":5},{"damage":3,"enemies":"Giant Head","floor":41,"turns":10},{"damage":2,"enemies":"Maw","floor":42,"turns":9},{"damage":0,"enemies":"4 Shapes","floor":44,"turns":6},{"damage":2,"enemies":"Mind Bloom Boss Battle","floor":45,"turns":10},{"damage":0,"enemies":"Awakened One","floor":50,"turns":12}],"seed_played":"9078787922034309443","potions_obtained":[{"floor":4.0,"key":"Explosive Potion"},{"floor":5.0,"key":"LiquidBronze"},{"floor":7.0,"key":"LiquidMemories"},{"floor":10.0,"key":"CultistPotion"},{"floor":17.0,"key":"DistilledChaos"},{"floor":19.0,"key":"BlessingOfTheForge"},{"floor":23.0,"key":"SneckoOil"},{"floor":24.0,"key":"Energy Potion"},{"floor":31,"key":"FairyPotion"}],"is_trial":false,"path_per_floor":["M","M","?","M","M","R","E","R","T","E","R","M","E","M","R","B",null,"M","?","?","T","M","E","M","R","T","E","R","M","M","E","R","B",null,"M","?","M","M","?","R","E","M","T","M","?","$","R","$","R","B",null],"character_chosen":"THE_SILENT","items_purchased":["Pear","Medical Kit","Nunchaku","Whetstone","Lantern","Oddly Smooth Stone","Blur+1"],"campfire_rested":5,"item_purchase_floors":[46,46,46,48,48,48,48],"current_hp_per_floor":[61,60,65,65,65,65,62,62,62,46,68,64,51,51,51,28,68,68,59,59,59,58,56,52,52,52,39,63,63,37,37,61,16,64,18,38,37,25,25,49,46,44,44,44,42,52,79,79,79,79],"gold":111,"neow_bonus":"BOSS_RELIC","is_daily":false,"chose_seed":false,"campfire_upgraded":5,"win_rate":0.0,"timestamp":1611445592,"path_taken":["M","M","?","M","M","R","E","R","T","E","R","M","E","M","R","BOSS","M","?","?","?","M","E","M","R","T","E","R","M","M","E","R","BOSS","M","?","M","M","?","R","E","M","T","M","?","$","R","$","R","BOSS"],"items_purchased_type":["Relic","Relic","Relic","Relic","Relic","Relic","Card"],"build_version":"2020-12-22","purchased_purges":2,"victory":true,"max_hp_per_floor":[70,70,75,75,75,75,75,75,75,75,75,75,75,75,75,75,80,80,80,80,80,80,80,80,80,80,80,80,80,80,80,80,80,80,80,80,80,80,80,80,80,80,80,80,80,90,90,87,87,87],"card_choices":[{"not_picked":["Deflect","Deadly Poison"],"picked":"Sucker Punch","floor":1.0},{"not_picked":["Catalyst","Flechettes"],"picked":"Footwork","floor":2.0},{"not_picked":["Prepared","Sucker Punch"],"picked":"Dagger Spray","floor":4.0},{"not_picked":["Cloak And Dagger","Dagger Throw"],"picked":"Terror","floor":5.0},{"not_picked":["All Out Attack","Backstab"],"picked":"Dagger Spray","floor":7.0},{"not_picked":["Unload","Dodge and Roll+1"],"picked":"Backflip+1","floor":10.0},{"not_picked":["Bane","Tools of the Trade"],"picked":"Backflip+1","floor":11.0},{"not_picked":["Distraction+1","Deadly Poison+1"],"picked":"Cloak And Dagger+1","floor":12.0},{"not_picked":["Deflect+1","Unload","Underhanded Strike"],"picked":"SKIP","floor":13.0},{"not_picked":["Backstab","Outmaneuver+1"],"picked":"Blur+1","floor":14.0},{"not_picked":["Wraith Form v2","Die Die Die"],"picked":"Adrenaline+1","floor":16.0},{"not_picked":["Sucker Punch","Dagger Throw","Slice+1"],"picked":"SKIP","floor":18.0},{"not_picked":["Prepared+1","Blade Dance+1"],"picked":"Leg Sweep+1","floor":22.0},{"not_picked":["Flechettes","Caltrops"],"picked":"Leg Sweep+1","floor":23.0},{"not_picked":["Glass Knife","Blade Dance+1"],"picked":"Noxious Fumes","floor":24.0},{"not_picked":["Underhanded Strike","Tools of the Trade","All Out Attack"],"picked":"SKIP","floor":27},{"not_picked":["Acrobatics+1","Dodge and Roll+1"],"picked":"Backflip+1","floor":28},{"not_picked":["Setup+1","Escape Plan+1","Backflip+1"],"picked":"SKIP","floor":29},{"not_picked":["Outmaneuver+1","Accuracy+1"],"picked":"Noxious Fumes+1","floor":30},{"not_picked":["Blade Dance+1","Heel Hook"],"picked":"PiercingWail+1","floor":31},{"not_picked":["Adrenaline+1","Tools of the Trade"],"picked":"Bullet Time+1","floor":33},{"not_picked":["Underhanded Strike+1","Poisoned Stab"],"picked":"Acrobatics+1","floor":35},{"not_picked":["Dodge and Roll+1","Bane"],"picked":"Footwork","floor":37},{"not_picked":["Bouncing Flask+1","Leg Sweep+1"],"picked":"Footwork+1","floor":38},{"not_picked":["Underhanded Strike+1","Slice"],"picked":"PiercingWail+1","floor":40},{"not_picked":["Well Laid Plans+1","Backflip+1","Underhanded Strike"],"picked":"SKIP","floor":41},{"not_picked":["Sucker Punch","Underhanded Strike","Backstab"],"picked":"SKIP","floor":42},{"not_picked":["Escape Plan+1","Tactician+1"],"picked":"PiercingWail+1","floor":44},{"not_picked":["Slice+1","PiercingWail+1"],"picked":"Cloak And Dagger+1","floor":45},{"not_picked":["Storm of Steel+1","Infinite Blades+1"],"picked":"Blade Dance+1","floor":47}],"player_experience":135469,"relics_obtained":[{"floor":7.0,"key":"Dream Catcher"},{"floor":9.0,"key":"The Courier"},{"floor":10.0,"key":"Toxic Egg 2"},{"floor":13.0,"key":"PreservedInsect"},{"floor":19.0,"key":"Red Mask"},{"floor":23.0,"key":"Vajra"},{"floor":31,"key":"Blue Candle"},{"floor":41,"key":"Omamori"},{"floor":43,"key":"Kunai"},{"floor":45,"key":"Gambling Chip"}],"event_choices":[{"damage_healed":0.0,"max_hp_gain":5.0,"max_hp_loss":0.0,"gold_gain":0.0,"event_name":"Big Fish","player_choice":"Donut","floor":3.0,"gold_loss":0.0,"damage_taken":0.0},{"damage_healed":0.0,"max_hp_gain":0.0,"max_hp_loss":0.0,"gold_gain":0.0,"event_name":"Masked Bandits","player_choice":"Fought Bandits","floor":19.0,"gold_loss":0.0,"damage_taken":0.0},{"damage_healed":0.0,"max_hp_gain":0.0,"max_hp_loss":0.0,"gold_gain":0.0,"event_name":"Ghosts","player_choice":"Ignored","floor":20.0,"gold_loss":0.0,"damage_taken":0.0},{"damage_healed":20,"gold_gain":0,"player_choice":"Writhe","damage_taken":0,"max_hp_gain":0,"max_hp_loss":0,"event_name":"Winding Halls","floor":36,"gold_loss":0,"cards_obtained":["Writhe"]},{"damage_healed":0,"gold_gain":222,"player_choice":"Wore Mask","damage_taken":0,"max_hp_gain":0,"max_hp_loss":0,"event_name":"Tomb of Lord Red Mask","floor":39,"gold_loss":0},{"damage_healed":0,"gold_gain":0,"player_choice":"Fight","damage_taken":0,"max_hp_gain":0,"max_hp_loss":0,"event_name":"MindBloom","floor":45,"gold_loss":0}],"is_beta":false,"boss_relics":[{"not_picked":["Astrolabe","Ectoplasm"],"picked":"Tiny House"},{"not_picked":["Runic Dome","Snecko Eye"],"picked":"Sozu"}],"items_purged_floors":[46,48],"is_endless":false,"potions_floor_spawned":[4,5,7,10,19,23,24,29,30,31,38,41,42,44],"ascension_level":6}}