{"host":"j4g6ia6asvpyu2b0","time":1611419392,"event":{"mods":["BaseMod","Colored Map","Minty Spire (QoL Compilation)","Permanent Neow","Quick Restart","Relic Stats","StSLib","Unceasing Turn Reminder"],"gold_per_floor":[117,136,149,162,162,193,193,224,250,250,250,120,120,150,150,226,226,226,226,226,226,226,226,226,226,226,226,226,226,226,226,226,226,226],"floor_reached":33,"language":"ENG","playtime":700,"items_purged":[],"score":666,"play_id":"3db1e18e-86cf-4442-bade-4dce831fbe5e","local_time":"20210123092952","is_ascension_mode":true,"campfire_choices":[{"data":"Perfected Strike","floor":7.0,"key":"SMITH"},{"floor":11.0,"key":"REST"},{"data":"Juggernaut","floor":13.0,"key":"SMITH"},{"data":"Metallicize","floor":15.0,"key":"SMITH"},{"floor":23.0,"key":"REST"},{"floor":29.0,"key":"REST"},{"data":"Demon Form","floor":32,"key":"SMITH"}],"circlet_count":0,"master_deck":["AscendersBane","Strike_R","Strike_R","Strike_R","Strike_R+1","Strike_R","Defend_R+1","Defend_R+1","Defend_R","Defend_R","Bash+1","Headbutt","Pommel Strike+1","Infernal Blade","Metallicize","Perfected Strike+1","Juggernaut+1","Metallicize+1","Flame Barrier","Anger","Demon Form+1","Whirlwind","Cleave+1","Disarm","Necronomicurse","Demon Form","Shockwave","Headbutt","Perfected Strike"],"relics":["Runic Dome","Ornamental Fan","Whetstone","Bronze Scales","Self Forming Clay","Odd Mushroom","Ectoplasm","Necronomicon","War Paint","Anchor","Calipers"],"acts_visited":["Exordium","TheCity"],"potions_floor_usage":[30,33],"damage_taken":[{"damage":0.0,"enemies":"Jaw Worm","floor":1.0,"turns":3.0},{"damage":0.0,"enemies":"Small Slimes","floor":2.0,"turns":3.0},{"damage":0.0,"enemies":"2 Louse","floor":3.0,"turns":2.0},{"damage":8.0,"enemies":"Blue Slaver","floor":4.0,"turns":3.0},{"damage":19.0,"enemies":"Lagavulin","floor":6.0,"turns":4.0},{"damage":32.0,"enemies":"Gremlin Nob","floor":8.0,"turns":4.0},{"damage":11.0,"enemies":"The Mushroom Lair","floor":14.0,"turns":4.0},{"damage":0.0,"enemies":"Slime Boss","floor":16.0,"turns":6.0},{"damage":0.0,"enemies":"Spheric Guardian","floor":18.0,"turns":3.0},{"damage":0.0,"enemies":"Shell Parasite","floor":19.0,"turns":4.0},{"damage":17.0,"enemies":"Sentry and Sphere","floor":20.0,"turns":4.0},{"damage":21.0,"enemies":"Slavers","floor":24.0,"turns":2.0},{"damage":18.0,"enemies":"Snecko","floor":25.0,"turns":3.0},{"damage":4.0,"enemies":"Centurion and Healer","floor":27.0,"turns":2.0},{"damage":0.0,"enemies":"Chosen and Byrds","floor":28.0,"turns":4.0},{"damage":2,"enemies":"Gremlin Leader","floor":30,"turns":3},{"damage":63,"enemies":"Automaton","floor":33,"turns":6}],"seed_played":"4368429258360253110","potions_obtained":[{"floor":2.0,"key":"DistilledChaos"},{"floor":3.0,"key":"Ancient Potion"},{"floor":4.0,"key":"Fruit Juice"},{"floor":14.0,"key":"FairyPotion"},{"floor":18.0,"key":"SkillPotion"},{"floor":19.0,"key":"LiquidMemories"},{"floor":20.0,"key":"SkillPotion"},{"floor":28.0,"key":"AttackPotion"}],"is_trial":false,"path_per_floor":["M","M","M","M","?","E","R","E","T","T","R","$","R","?","R","B",null,"M","M","M","?","?","R","E","M","T","M","M","R","E","?","R","B"],"character_chosen":"IRONCLAD","items_purchased":["Metallicize","Flame Barrier"],"campfire_rested":3,"item_purchase_floors":[12,12],"current_hp_per_floor":[68,68,68,65,65,46,46,14,14,14,38,38,38,27,27,27,67,67,67,50,29,29,53,32,14,14,10,10,34,32,32,32,0,0],"gold":226,"neow_bonus":"BOSS_RELIC","is_daily":false,"chose_seed":false,"campfire_upgraded":4,"win_rate":0.0,"timestamp":1611419392,"path_taken":["M","M","M","M","?","E","R","E","T","?","R","$","R","?","R","BOSS","M","M","M","?","?","R","E","M","T","M","M","R","E","?","R","BOSS"],"items_purchased_type":["Card","Card"],"build_version":"2020-12-22","purchased_purges":0,"victory":false,"max_hp_per_floor":[75,75,75,80,80,80,80,80,80,80,80,80,80,80,80,80,80,80,80,80,80,80,80,80,80,80,80,80,80,80,80,80,80,80],"relic_stats":{"counters":[17,60],"Ornamental Fan":[52],"Self Forming Clay":[36],"Bronze Scales":[79],"Ectoplasm":172,"Necronomicon":[13],"Whetstone":["Pommel Strike","Strike_R"],"War Paint":["Defend_R","Defend_R"],"obtain_stats":[{"Runic Dome":0,"Anchor":26,"Calipers":30,"Ornamental Fan":6,"Self Forming Clay":10,"Bronze Scales":9,"Ectoplasm":17,"Necronomicon":21,"Whetstone":8,"Odd Mushroom":14,"War Paint":24,"Burning Blood":0},{"Runic Dome":0,"Anchor":13,"Calipers":16,"Ornamental Fan":5,"Self Forming Clay":6,"Bronze Scales":6,"Ectoplasm":8,"Necronomicon":11,"Whetstone":6,"Odd Mushroom":7,"War Paint":12,"Burning Blood":0},{"Runic Dome":0,"Anchor":45,"Calipers":54,"Ornamental Fan":15,"Self Forming Clay":19,"Bronze Scales":19,"Ectoplasm":29,"Necronomicon":40,"Whetstone":19,"Odd Mushroom":23,"War Paint":42,"Burning Blood":0}]},"card_choices":[{"not_picked":["Heavy Blade","Second Wind"],"picked":"Headbutt","floor":1.0},{"not_picked":["Warcry","Cleave"],"picked":"Pommel Strike","floor":2.0},{"not_picked":["Clash","Sword Boomerang"],"picked":"Infernal Blade","floor":3.0},{"not_picked":["Headbutt","Seeing Red"],"picked":"Metallicize","floor":4.0},{"not_picked":["Reckless Charge","Rupture"],"picked":"Perfected Strike","floor":6.0},{"not_picked":["Fire Breathing","Reckless Charge"],"picked":"Juggernaut","floor":8.0},{"not_picked":["True Grit","Twin Strike"],"picked":"Anger","floor":14.0},{"not_picked":["Exhume","Double Tap"],"picked":"Demon Form","floor":16.0},{"not_picked":["Rampage+1","Sword Boomerang"],"picked":"Whirlwind","floor":18.0},{"not_picked":["Twin Strike","Headbutt"],"picked":"Cleave+1","floor":19.0},{"not_picked":["Sever Soul","Warcry"],"picked":"Disarm","floor":20.0},{"not_picked":["Havoc","Wild Strike+1"],"picked":"Demon Form","floor":24.0},{"not_picked":["Bloodletting","Pommel Strike"],"picked":"Shockwave","floor":25.0},{"not_picked":["Rupture+1","Iron Wave","Armaments"],"picked":"SKIP","floor":27.0},{"not_picked":["Searing Blow+1","Whirlwind"],"picked":"Headbutt","floor":28.0},{"not_picked":["Double Tap","True Grit"],"picked":"Perfected Strike","floor":30}],"player_experience":953459,"relics_obtained":[{"floor":6.0,"key":"Ornamental Fan"},{"floor":8.0,"key":"Whetstone"},{"floor":9.0,"key":"Bronze Scales"},{"floor":10.0,"key":"Self Forming Clay"},{"floor":14.0,"key":"Odd Mushroom"},{"floor":21.0,"key":"Necronomicon"},{"floor":24.0,"key":"War Paint"},{"floor":26.0,"key":"Anchor"},{"floor":30,"key":"Calipers"}],"event_choices":[{"damage_healed":0.0,"max_hp_gain":0.0,"max_hp_loss":0.0,"gold_gain":0.0,"event_name":"Living Wall","player_choice":"Grow","floor":5.0,"gold_loss":0.0,"damage_taken":0.0,"cards_upgraded":["Bash"]},{"damage_healed":0.0,"max_hp_gain":0.0,"max_hp_loss":0.0,"gold_gain":0.0,"event_name":"Mushrooms","player_choice":"Fought Mushrooms","floor":14.0,"gold_loss":0.0,"damage_taken":0.0},{"damage_healed":0.0,"max_hp_gain":0.0,"max_hp_loss":0.0,"gold_gain":0.0,"event_name":"Cursed Tome","player_choice":"Obtained Book","floor":21.0,"gold_loss":0.0,"damage_taken":21.0},{"damage_healed":0.0,"max_hp_gain":0.0,"max_hp_loss":0.0,"gold_gain":0.0,"event_name":"The Mausoleum","player_choice":"Ignored","floor":22.0,"gold_loss":0.0,"damage_taken":0.0},{"damage_healed":0,"gold_gain":0,"player_choice":"Ignored","damage_taken":0,"max_hp_gain":0,"max_hp_loss":0,"event_name":"Vampires","floor":31,"gold_loss":0}],"is_beta":false,"boss_relics":[{"not_picked":["Runic Pyramid","Sozu"],"picked":"Ectoplasm"}],"items_purged_floors":[],"is_endless":false,"potions_floor_spawned":[2,3,4,14,18,19,20,28],"killed_by":"Automaton","ascension_level":16}}