{"host":"kpklgwyuz86bov3e","time":1611375664,"event":{"mods":["100% Spire Juice","Act Like it!","Aspiration","BaseMod","Better Third Choice","CCEM","Colored Powertips","Conspire","Energized Spire","GifTheSpireLib","Halation","Hallownest","Highlight Path","Hubris","Jedi Mod","Melee Mod","Minty Spire (QoL Compilation)","Rare Cards Sparkle","Relic Sorter","Relic Stats","Replay The Spire","Shedinja","Shop Mod","Spicy Shops","Spikes Relics","StS++","StSLib","Stuff the Spire","The Blue Laboratory","The Poker Player","TheBandit","Waifu the Spire","slay the spire mod where everything is the same but ironclad has a cowboy hat"],"gold_per_floor":[113,113,32,32,46,46,72,72,147,160,160,22,39,52,52,130,130,148,148,98,98,59,59,78,93,93,106,118,56,56,156,156,232,232,251,251,241,261,261,261],"floor_reached":39,"language":"ENG","playtime":6167,"items_purged":["Backstab"],"score":1112,"play_id":"d2df2e42-bdc7-4d04-9c66-7737196b35d5","local_time":"20210122232104","is_ascension_mode":true,"campfire_choices":[{"data":"Shedinja:FocusSash","floor":6,"key":"SMITH"},{"data":"Shedinja:GigaDrain","floor":8,"key":"SMITH"},{"data":"Shedinja:FocusSash","floor":11,"key":"SMITH"},{"data":"Shedinja:Harden","floor":15,"key":"SMITH"},{"data":"Ghostly","floor":23,"key":"SMITH"},{"data":"Shedinja:DoubleTeam","floor":30,"key":"SMITH"},{"data":"Ghostly","floor":32,"key":"SMITH"}],"circlet_count":0,"master_deck":["AscendersBane","Shedinja:Scratch","Shedinja:Scratch","Shedinja:Endure","Shedinja:Endure","Shedinja:Endure","Shedinja:Endure","Shedinja:Endure","Shedinja:FocusSash+1","Shedinja:FocusSash+1","Shedinja:Harden+1","Shedinja:ShadowBall","Shedinja:ShadowSneak","Shedinja:GigaDrain+1","Shedinja:Harden","Shedinja:PhantomForce","Shedinja:Mimic","Shedinja:CoughCurse","Shedinja:CoughCurse","Shedinja:CoughCurse","Ghostly","Ghostly+1","Ghostly+1","Shedinja:ConfuseRay","Shedinja:ArtifactCard","Shedinja:BugBuzz","Shedinja:DoubleTeam+1","Shame","Shedinja:Toxic","Finisher","Neutralize"],"relics":["Shedinja:WonderGuard","StuffTheSpire:ForceGauntlet","CosmicIsotope","StuffTheSpire:OldFever","Strange Spoon","WingedGreaves","Fusion Hammer","MerchantsRug"],"acts_visited":["Exordium","TheCity","TheBeyond"],"potions_floor_usage":[7,7,27,38,39],"damage_taken":[{"damage":0,"enemies":"Small Slimes","floor":1,"turns":4},{"damage":0,"enemies":"Jaw Worm","floor":5,"turns":7},{"damage":0,"enemies":"Gremlin Nob","floor":7,"turns":4},{"damage":0,"enemies":"Cultist","floor":10,"turns":3},{"damage":0,"enemies":"Large Slime","floor":13,"turns":6},{"damage":0,"enemies":"Red Slaver","floor":14,"turns":3},{"damage":0,"enemies":"The Guardian","floor":16,"turns":15},{"damage":0,"enemies":"Shell Parasite","floor":18,"turns":11},{"damage":0,"enemies":"2 Thieves","floor":20,"turns":5},{"damage":0,"enemies":"Centurion and Healer","floor":24,"turns":11},{"damage":0,"enemies":"Shelled Parasite and Fungi","floor":25,"turns":9},{"damage":0,"enemies":"Snake Plant","floor":27,"turns":8},{"damage":0,"enemies":"Snecko","floor":28,"turns":8},{"damage":0,"enemies":"Colosseum Slavers","floor":31,"turns":11},{"damage":0,"enemies":"Colosseum Nobs","floor":31,"turns":10},{"damage":0,"enemies":"hubris:MusketHawk","floor":33,"turns":19},{"damage":0,"enemies":"3 Shapes","floor":35,"turns":11},{"damage":0,"enemies":"Orb Walker","floor":38,"turns":7},{"damage":10,"enemies":"Jaw Worm Horde","floor":39,"turns":1}],"seed_played":"-7546242069596036542","potions_obtained":[{"floor":1,"key":"SteroidPotion"},{"floor":7,"key":"Dexterity Potion"},{"floor":27,"key":"FearPotion"},{"floor":31,"key":"AttackPotion"},{"floor":38,"key":"Explosive Potion"}],"is_trial":true,"path_per_floor":["M","?","$","?","M","R","E","R","T","M","R","$","M","M","R","B",null,"M","?","M","?","$","R","M","M","T","M","M","$","R","?","R","B",null,"M","?","$","M","M"],"character_chosen":"THE_DEFAULT","items_purchased":["LiquidMemories","CCEMRelics:Pendulum","blueLaboratory:BottleOfVodka","Shedinja:ConfuseRay","Strange Spoon","MerchantsRug"],"campfire_rested":0,"item_purchase_floors":[3,12,12,22,29,37],"current_hp_per_floor":[1,1,1,1,1,1,1,1,1,1,1,1,1,1,1,1,1,1,1,1,1,1,1,1,1,1,1,1,1,1,1,1,1,1,1,1,1,1,0,0],"gold":261,"neow_bonus":"","is_daily":false,"chose_seed":false,"campfire_upgraded":7,"win_rate":0.0,"timestamp":1611375664,"path_taken":["M","?","?","?","?","R","E","R","T","M","R","$","M","M","R","BOSS","M","?","M","?","?","R","M","M","T","M","M","$","R","?","R","BOSS","M","?","$","?","?"],"items_purchased_type":["Potion","Relic","Potion","Card","Relic","Relic"],"build_version":"2020-12-22","purchased_purges":1,"victory":false,"max_hp_per_floor":[1,1,1,1,1,1,1,1,1,1,1,1,1,1,1,1,1,1,1,1,1,1,1,1,1,1,1,1,1,1,1,1,1,1,1,1,1,1,1,1],"relic_stats":{"Strange Spoon":[28],"counters":[19,153],"obtain_stats":[{"Strange Spoon":29,"MerchantsRug":37,"GiantMaggot":7,"StuffTheSpire:ForceGauntlet":9,"conspire:DecoderRing":26,"CCEMRelics:Pendulum":12,"WingedGreaves":31,"Fusion Hammer":34,"Shedinja:WonderGuard":0,"CosmicIsotope":17,"StuffTheSpire:OldFever":19,"hubris:TinFlute":31},{"Strange Spoon":13,"MerchantsRug":17,"GiantMaggot":3,"StuffTheSpire:ForceGauntlet":3,"conspire:DecoderRing":11,"CCEMRelics:Pendulum":4,"WingedGreaves":15,"Fusion Hammer":16,"Shedinja:WonderGuard":0,"CosmicIsotope":7,"StuffTheSpire:OldFever":8,"hubris:TinFlute":15},{"Strange Spoon":94,"MerchantsRug":145,"GiantMaggot":15,"StuffTheSpire:ForceGauntlet":15,"conspire:DecoderRing":78,"CCEMRelics:Pendulum":18,"WingedGreaves":115,"Fusion Hammer":134,"Shedinja:WonderGuard":0,"CosmicIsotope":42,"StuffTheSpire:OldFever":53,"hubris:TinFlute":115}]},"card_choices":[{"not_picked":["Shedinja:BugBuzz","Shedinja:Agility"],"picked":"Shedinja:Harden","floor":1},{"not_picked":["Shedinja:Thief","Shedinja:RockyHelmet"],"picked":"Shedinja:ShadowSneak","floor":5},{"not_picked":["Shedinja:ShadowBall","Shedinja:ConfuseRay"],"picked":"Shedinja:GigaDrain","floor":7},{"not_picked":["Shedinja:Facade","Shedinja:PowerBelt","Shedinja:ShadowClaw"],"picked":"SKIP","floor":10},{"not_picked":["Shedinja:NightSlash","Shedinja:SafetyGoggles","Shedinja:Absorb"],"picked":"SKIP","floor":13},{"not_picked":["Shedinja:ShadowClaw","Shedinja:NightSlash"],"picked":"Shedinja:Harden","floor":14},{"not_picked":["Shedinja:PokeBall","Shedinja:FinalGambit"],"picked":"Shedinja:PhantomForce","floor":16},{"not_picked":["Shedinja:Absorb","Shedinja:Facade","Shedinja:RockyHelmet"],"picked":"SKIP","floor":18},{"not_picked":["Shedinja:ArtifactCard","Shedinja:PowerBracer"],"picked":"Shedinja:Mimic","floor":20},{"not_picked":["Shedinja:ShadowBall","Shedinja:LumBerry"],"picked":"Shedinja:ArtifactCard","floor":24},{"not_picked":["Shedinja:Thief+1","Shedinja:WillOWisp","Shedinja:NightSlash"],"picked":"SKIP","floor":25},{"not_picked":["Shedinja:ArtifactCard","Shedinja:Ether"],"picked":"Shedinja:BugBuzz","floor":27},{"not_picked":["Shedinja:ShadowBall","Shedinja:StringShot"],"picked":"Shedinja:DoubleTeam","floor":28},{"not_picked":["Shedinja:DoubleTeam","Shedinja:PhantomForce"],"picked":"Shedinja:Toxic","floor":33},{"not_picked":["Shedinja:NightSlash+1","Shedinja:SuckerPunch+1","Shedinja:PowerBracer"],"picked":"SKIP","floor":35},{"not_picked":["Shedinja:Mimic","Shedinja:WillOWisp","Shedinja:NightSlash"],"picked":"SKIP","floor":38}],"player_experience":407759,"relics_obtained":[{"floor":7,"key":"GiantMaggot"},{"floor":9,"key":"StuffTheSpire:ForceGauntlet"},{"floor":19,"key":"StuffTheSpire:OldFever"},{"floor":26,"key":"conspire:DecoderRing"},{"floor":31,"key":"WingedGreaves"},{"floor":31,"key":"hubris:TinFlute"}],"event_choices":[{"damage_healed":0,"gold_gain":0,"player_choice":"Got Potions","damage_taken":0,"max_hp_gain":0,"max_hp_loss":0,"event_name":"Lab","floor":4,"gold_loss":0},{"damage_healed":0,"gold_gain":0,"player_choice":"Fight","damage_taken":0,"max_hp_gain":0,"max_hp_loss":0,"event_name":"Colosseum","floor":31,"gold_loss":0},{"damage_healed":0,"gold_gain":0,"player_choice":"Fought Nobs","damage_taken":0,"max_hp_gain":0,"max_hp_loss":0,"event_name":"Colosseum","floor":31,"gold_loss":0}],"is_beta":false,"boss_relics":[{"not_picked":["Ring of Chaos","hubris:BlackHole"],"picked":"CosmicIsotope"},{"not_picked":["energizedSpire:SpiderWeb","StSpp:FireArrow"],"picked":"Fusion Hammer"}],"items_purged_floors":[37],"is_endless":false,"potions_floor_spawned":[1,7,13,14,24,27,31,38],"killed_by":"Jaw Worm Horde","ascension_level":20}}