{"host":"92ge7uk92o4z80va","time":1611432435,"event":{"mods":["AchievementEnabler","Act Like it!","BaseMod","Better Third Choice","BetterRewards","Conspire","Curses Come First","Dota2Spire","Duelist Mod","Evolution","Friendly Minions","Hallownest","Hubris","Infinite Spire","Lobotomy","LobotomyExtend","Marisa????????","Mimic Mod","Minty Spire (QoL Compilation)","Rare Cards Sparkle","Replay The Spire","Robot Space Explorer","Spicy Shops","Spire Arcade","StSLib","The Blue Laboratory","The Bug Knight","The Exalted","The Runesmith","The Servant 0.9.4","Uncapped"],"gold_per_floor":[215,227,302,322,397,44,44,55,55,84,84,101,101,120,120,220,220,237,250,28,42,42,42],"floor_reached":22,"language":"ENG","playtime":1249,"items_purged":[],"score":188,"play_id":"11ad79bc-a82d-40e2-a60e-ccaa79a54fe8","local_time":"20210123150715","is_ascension_mode":false,"campfire_choices":[{"data":"Runesmith:HammerTime","floor":7,"key":"SMITH"},{"floor":11,"key":"REST"},{"data":"Runesmith:CraftMagma","floor":13,"key":"SMITH"},{"data":"Runesmith:Firestorm","floor":15,"key":"SMITH"}],"circlet_count":0,"master_deck":["Runesmith:Strike_RS","Runesmith:Strike_RS","Runesmith:Strike_RS","Runesmith:Strike_RS","Runesmith:Defend_RS","Runesmith:Defend_RS","Runesmith:Defend_RS","Runesmith:Defend_RS","Runesmith:CraftFirestone","Runesmith:Fortify","Runesmith:EarthShield","Runesmith:RuneHurl","Runesmith:ChiselStab","Runesmith:Firestorm","Runesmith:CraftMagma+1","Runesmith:HeatedChisel","Runesmith:HammerTime+1","Runesmith:FissionHammer","Runesmith:Firestorm+1","Runesmith:HammerThrow","Runesmith:HammerTime","Runesmith:CraftReservo","Runesmith:HammerAndChisel","Runesmith:Supernova","Runesmith:NanitesCloud+1","Runesmith:RunicBlueprint","Runesmith:NanitesCloud+1"],"relics":["Runesmith:BrokenRuby","EVO:Axolotl","LetterFromLob","Chemical X","Orrery","Nunchaku","hubris:OldNail","Runesmith:UraniumAnvil","Bromod:ArcaneFury","HollowMod:PaleOreRelic"],"acts_visited":["Exordium","TheCity"],"potions_floor_usage":[14,21,21],"damage_taken":[{"damage":1,"enemies":"Jaw Worm","floor":1,"turns":5},{"damage":3,"enemies":"2 Louse","floor":2,"turns":4},{"damage":0,"enemies":"Cultist","floor":4,"turns":3},{"damage":13,"enemies":"2 Fungi Beasts","floor":8,"turns":3},{"damage":20,"enemies":"Lagavulin","floor":10,"turns":6},{"damage":5,"enemies":"Looter","floor":12,"turns":3},{"damage":8,"enemies":"Gremlin Gang","floor":14,"turns":5},{"damage":21,"enemies":"Fading Forest","floor":16,"turns":11},{"damage":21,"enemies":"conspire:FuzzyDice","floor":18,"turns":6},{"damage":38,"enemies":"Shell Parasite","floor":19,"turns":7},{"damage":0,"enemies":"Snake Plant","floor":21,"turns":6},{"damage":13,"enemies":"conspire:HollyBat","floor":22,"turns":2}],"seed_played":"-2118840198646052657","potions_obtained":[{"floor":4,"key":"LiquidMemories"},{"floor":8,"key":"Cursed Concoction"},{"floor":10,"key":"blueLaboratory:CorrosionFlask"},{"floor":18,"key":"blueLaboratory:PolymorphPotion"}],"is_trial":false,"path_per_floor":["M","M","?","M","?","$","R","M","T","E","R","M","R","M","R","B",null,"M","M","$","M","M"],"character_chosen":"RUNESMITH_CLASS","items_purchased":["Chemical X","Orrery","Runesmith:Firestorm","Bromod:ArcaneFury","HollowMod:PaleOreRelic"],"campfire_rested":1,"item_purchase_floors":[6,6,6,20,20],"current_hp_per_floor":[69,66,55,55,48,48,48,35,35,15,36,31,31,23,23,20,70,49,11,11,11,0,0],"gold":42,"neow_bonus":"HUNDRED_GOLD","is_daily":false,"chose_seed":false,"campfire_upgraded":3,"win_rate":0.0,"timestamp":1611432435,"path_taken":["M","M","?","M","?","$","R","M","T","E","R","M","R","M","R","BOSS","M","M","$","M","?"],"items_purchased_type":["Relic","Relic","Card","Relic","Relic"],"build_version":"2020-12-22","purchased_purges":0,"victory":false,"max_hp_per_floor":[70,70,70,70,70,70,70,70,70,70,70,70,70,70,70,70,70,70,70,70,70,70,70],"card_choices":[{"not_picked":["Runesmith:RuneHurl","Runesmith:ShiftingStrike"],"picked":"Runesmith:EarthShield","floor":1},{"not_picked":["Runesmith:OneForEveryone","Runesmith:GenerateForcefield"],"picked":"Runesmith:RuneHurl","floor":2},{"not_picked":["Runesmith:Repurpose","Runesmith:StaticCage"],"picked":"Runesmith:ChiselStab","floor":4},{"not_picked":["Runesmith:ShiftingStrike","Runesmith:Repurpose"],"picked":"Runesmith:Firestorm","floor":6},{"not_picked":["Runesmith:StaticCage","Runesmith:HeatExchange"],"picked":"Runesmith:CraftMagma","floor":6},{"not_picked":["Runesmith:ChaoticBlast","Runesmith:Grindstone"],"picked":"Runesmith:HeatedChisel","floor":6},{"not_picked":["Runesmith:Overpower","Runesmith:EarthShield"],"picked":"Runesmith:HammerTime","floor":6},{"not_picked":["Runesmith:Augment","Runesmith:Retool"],"picked":"Runesmith:FissionHammer","floor":6},{"not_picked":["Runesmith:ChaoticBlast","Runesmith:HeatedChisel"],"picked":"Runesmith:HammerThrow","floor":8},{"not_picked":["Runesmith:Electrocute","Runesmith:Repurpose"],"picked":"Runesmith:HammerTime","floor":10},{"not_picked":["Runesmith:ChiselStab","Runesmith:NegativeSpace"],"picked":"Runesmith:CraftReservo","floor":12},{"not_picked":["Runesmith:CraftProtectio","Runesmith:HeatExchange"],"picked":"Runesmith:HammerAndChisel","floor":14},{"not_picked":["Runesmith:GenerateForcefield","Runesmith:LastStand"],"picked":"Runesmith:Supernova","floor":16},{"not_picked":["Runesmith:HeatExchange","Runesmith:HammerTime"],"picked":"Runesmith:NanitesCloud+1","floor":18},{"not_picked":["Runesmith:HeatExchange","Runesmith:Overpower"],"picked":"Runesmith:RunicBlueprint","floor":19},{"not_picked":["Runesmith:ShiftingStrike","Runesmith:HammerThrow"],"picked":"Runesmith:NanitesCloud+1","floor":21}],"player_experience":39665,"relics_obtained":[{"floor":1,"key":"LetterFromLob"},{"floor":9,"key":"Nunchaku"},{"floor":10,"key":"hubris:OldNail"}],"event_choices":[{"damage_healed":0,"gold_gain":75,"player_choice":"Gold","damage_taken":11,"max_hp_gain":0,"max_hp_loss":0,"event_name":"betterThird:BetterGoop","floor":3,"gold_loss":0},{"damage_healed":0,"gold_gain":75,"player_choice":"Touch","damage_taken":7,"max_hp_gain":0,"max_hp_loss":0,"event_name":"FaceTrader","floor":5,"gold_loss":0}],"is_beta":false,"boss_relics":[{"not_picked":["Coffee Dripper","Ectoplasm"],"picked":"Runesmith:UraniumAnvil"}],"items_purged_floors":[],"is_endless":false,"potions_floor_spawned":[4,8,10,12,18],"killed_by":"conspire:HollyBat","ascension_level":0}}