{"host":"uv5ws9rdk87e8i5k","time":1611373930,"event":{"mods":["AchievementEnabler","BaseMod","Colored Map","Minty Spire (QoL Compilation)","StSLib","SuperFastMode"],"gold_per_floor":[117,67,123,48,48,78,78,107,107,107,123,123,149,162,162,265,265,265],"floor_reached":17,"language":"ENG","playtime":319,"items_purged":["Strike_G"],"score":239,"play_id":"e8876e00-24d5-4e78-96c5-36b035566d18","local_time":"20210122215210","is_ascension_mode":true,"campfire_choices":[{"data":"Die Die Die","floor":7,"key":"SMITH"},{"data":"Deadly Poison","floor":12,"key":"SMITH"},{"floor":15,"key":"REST"}],"circlet_count":0,"master_deck":["Strike_G","Strike_G","Strike_G","Strike_G","Defend_G","Defend_G","Defend_G","Defend_G","Defend_G","Survivor","Neutralize","Die Die Die+1","Calculated Gamble","Poisoned Stab","Deadly Poison+1","Poisoned Stab","Die Die Die"],"relics":["Ring of the Serpent","Pocketwatch","The Specimen","Pantograph","Ancient Tea Set"],"acts_visited":["Exordium","TheCity"],"potions_floor_usage":[6,16],"damage_taken":[{"damage":0,"enemies":"Small Slimes","floor":1,"turns":3},{"damage":28,"enemies":"3 Sentries","floor":6,"turns":14},{"damage":22,"enemies":"Gremlin Nob","floor":8,"turns":4},{"damage":0,"enemies":"2 Louse","floor":11,"turns":1},{"damage":26,"enemies":"Lagavulin","floor":13,"turns":7},{"damage":0,"enemies":"Jaw Worm","floor":14,"turns":2},{"damage":28,"enemies":"Hexaghost","floor":16,"turns":8}],"seed_played":"3471865442937539290","potions_obtained":[{"floor":1,"key":"Dexterity Potion"},{"floor":13,"key":"Fire Potion"},{"floor":14,"key":"BlessingOfTheForge"}],"is_trial":false,"path_per_floor":["M","?","?","$","?","E","R","E","T","?","M","R","E","M","R","B",null],"character_chosen":"THE_SILENT","items_purchased":[],"campfire_rested":1,"item_purchase_floors":[],"current_hp_per_floor":[63,63,63,63,63,35,35,13,13,36,36,36,10,10,31,28,60,60],"gold":265,"neow_bonus":"THREE_RARE_CARDS","is_daily":false,"chose_seed":false,"campfire_upgraded":2,"win_rate":0.0,"timestamp":1611373930,"path_taken":["M","?","?","$","?","E","R","E","T","?","M","R","E","M","R","BOSS"],"items_purchased_type":[],"build_version":"2020-12-22","purchased_purges":1,"victory":false,"max_hp_per_floor":[70,70,70,70,70,70,70,70,70,70,70,70,70,70,70,70,70,70],"card_choices":[{"not_picked":["Malaise","Adrenaline"],"picked":"Die Die Die","floor":0},{"not_picked":["Expertise","Sucker Punch"],"picked":"Calculated Gamble","floor":1},{"not_picked":["Flechettes","Acrobatics"],"picked":"Poisoned Stab","floor":6},{"not_picked":["Well Laid Plans","Prepared"],"picked":"Deadly Poison","floor":8},{"not_picked":["Deflect","Dagger Spray","Sucker Punch"],"picked":"SKIP","floor":11},{"not_picked":["Skewer","Concentrate","Slice"],"picked":"SKIP","floor":13},{"not_picked":["Backstab","Sucker Punch"],"picked":"Poisoned Stab","floor":14},{"not_picked":["Glass Knife","Storm of Steel"],"picked":"Die Die Die","floor":16}],"player_experience":173672,"relics_obtained":[{"floor":6,"key":"Pocketwatch"},{"floor":8,"key":"The Specimen"},{"floor":9,"key":"Pantograph"},{"floor":13,"key":"Ancient Tea Set"}],"event_choices":[{"cards_removed":["Normality"],"damage_healed":0,"gold_gain":0,"player_choice":"Card Removal","damage_taken":0,"max_hp_gain":0,"max_hp_loss":0,"event_name":"The Cleric","floor":2,"gold_loss":50},{"damage_healed":0,"gold_gain":56,"player_choice":"Gained Gold","damage_taken":0,"max_hp_gain":0,"max_hp_loss":0,"event_name":"Golden Wing","floor":3,"gold_loss":0},{"damage_healed":0,"gold_gain":0,"player_choice":"Ignored","damage_taken":0,"max_hp_gain":0,"max_hp_loss":0,"event_name":"Golden Idol","floor":5,"gold_loss":0},{"damage_healed":23,"gold_gain":0,"player_choice":"Banana","damage_taken":0,"max_hp_gain":0,"max_hp_loss":0,"event_name":"Big Fish","floor":10,"gold_loss":0}],"is_beta":false,"boss_relics":[{"not_picked":["Tiny House","Philosopher\u0027s Stone"],"picked":"Ring of the Serpent"}],"items_purged_floors":[4],"is_endless":false,"potions_floor_spawned":[1,13,14],"ascension_level":8}}