{"host":"z9grmtg2w0nmz8n1","time":1611381202,"event":{"mods":["Aspiration","BaseMod","Better Altar","Better Match","Better Note","Better Sensory Stone","Better Skull","Better Third Choice","BetterRewards","Clawfect","Colored Map","Conspire","GifTheSpireLib","Halation","Highlight Path","Hubris","Hunter ??","Jedi Mod","Minty Spire (QoL Compilation)","Permanent Neow","Replay The Spire","Shop Mod","Spicy Shops","StSLib","Stuff the Spire","The Runesmith"],"gold_per_floor":[119,119,119,134,151,151,212,245,269,269,296,296,315,347,347,347,347],"floor_reached":16,"language":"ENG","playtime":753,"items_purged":["Strike_G"],"score":124,"play_id":"8dc87a21-f4dd-4d00-94fd-4ffb2f9cec84","local_time":"20210123035322","is_ascension_mode":true,"campfire_choices":[{"floor":6,"key":"RECALL"},{"floor":10,"key":"REST"},{"floor":12,"key":"REST"},{"floor":15,"key":"REST"}],"circlet_count":0,"master_deck":["Strike_G","Strike_G","Strike_G","Strike_G","Defend_G","Defend_G","Defend_G","Defend_G","Defend_G","Survivor","Neutralize","Underhanded Strike","Backstab","Acrobatics","Quick Slash","Tactician","Dagger Throw"],"relics":["Ring of the Snake","NeowsBlessing","Omamori","hubris:EvacipatedBox","hubris:ToyBattleship","TungstenRod","Pen Nib","Tiny Chest"],"acts_visited":["Exordium"],"potions_floor_usage":[8,11,14],"damage_taken":[{"damage":0,"enemies":"Cultist","floor":1,"turns":1},{"damage":0,"enemies":"Jaw Worm","floor":4,"turns":1},{"damage":0,"enemies":"Small Slimes","floor":5,"turns":1},{"damage":21,"enemies":"3 Sentries","floor":7,"turns":12},{"damage":23,"enemies":"Lagavulin","floor":8,"turns":8},{"damage":21,"enemies":"Gremlin Nob","floor":11,"turns":5},{"damage":0,"enemies":"2 Fungi Beasts","floor":13,"turns":3},{"damage":2,"enemies":"3 Sentries","floor":14,"turns":6},{"damage":45,"enemies":"Slime Boss","floor":16,"turns":7}],"seed_played":"5313434884685645343","potions_obtained":[{"floor":4,"key":"LiquidMemories"},{"floor":5,"key":"Strength Potion"},{"floor":11,"key":"DuplicationPotion"}],"is_trial":false,"path_per_floor":["M","T","$","M","M","R","?","E","T","R","E","R","M","E","R","B"],"character_chosen":"THE_SILENT","items_purchased":["hubris:EvacipatedBox"],"campfire_rested":3,"item_purchase_floors":[3],"current_hp_per_floor":[70,70,46,46,46,46,25,2,2,23,2,23,23,21,42,0,0],"gold":347,"neow_bonus":"THREE_ENEMY_KILL","is_daily":false,"chose_seed":false,"campfire_upgraded":0,"win_rate":0.0,"timestamp":1611381202,"path_taken":["M","?","?","M","?","R","?","E","T","R","E","R","M","E","R","BOSS"],"items_purchased_type":["Relic"],"build_version":"2020-12-22","purchased_purges":1,"victory":false,"max_hp_per_floor":[70,70,70,70,70,70,70,70,70,70,70,70,70,70,70,70,70],"card_choices":[{"not_picked":["Outmaneuver","StuffTheSpire:BumpUp","Draining Mist"],"picked":"SKIP","floor":1},{"not_picked":["StuffTheSpire:Fury","StuffTheSpire:MirrorStance"],"picked":"Underhanded Strike","floor":4},{"not_picked":["PiercingWail","Distraction"],"picked":"Backstab","floor":5},{"not_picked":["StuffTheSpire:DoubleShiv","PiercingWail"],"picked":"Acrobatics","floor":7},{"not_picked":["StuffTheSpire:Injection","Bane"],"picked":"Quick Slash","floor":8},{"not_picked":["Eviscerate","Backflip"],"picked":"Tactician","floor":11},{"not_picked":["Setup","StuffTheSpire:ReptileScales"],"picked":"Dagger Throw","floor":13},{"not_picked":["Deadly Poison","jedi:poisonivy","Grand Finale"],"picked":"SKIP","floor":14}],"player_experience":831851,"relics_obtained":[{"floor":2,"key":"Omamori"},{"floor":7,"key":"hubris:ToyBattleship"},{"floor":8,"key":"TungstenRod"},{"floor":11,"key":"Pen Nib"},{"floor":14,"key":"Tiny Chest"}],"event_choices":[{"damage_healed":0,"gold_gain":0,"player_choice":"Searched \u00271\u0027 times","damage_taken":0,"max_hp_gain":0,"max_hp_loss":0,"event_name":"Dead Adventurer","floor":7,"gold_loss":0}],"is_beta":false,"boss_relics":[],"items_purged_floors":[3],"is_endless":false,"potions_floor_spawned":[4,5,11],"killed_by":"Slime Boss","ascension_level":1}}