{"host":"04hh9gplt9wkfmr1","time":1611411836,"event":{"mods":["AchievementEnabler","BaseMod","Colored Map","KOR Keyword Fix","Minty Spire (QoL Compilation)","Rare Cards Sparkle","SuperFastMode"],"gold_per_floor":[115,115,167,180,105,105,130,143,143,162,162,194,207,235,235,339,339,350,365,379,379,379],"floor_reached":21,"language":"KOR","playtime":739,"items_purged":["Pain"],"score":281,"play_id":"0ed728dc-5516-477f-a48a-a2bd4681c9bb","local_time":"20210123232356","is_ascension_mode":true,"campfire_choices":[{"data":"Die Die Die","floor":6.0,"key":"SMITH"},{"floor":11.0,"key":"REST"},{"floor":15.0,"key":"REST"}],"circlet_count":0,"master_deck":["Strike_G","Strike_G","Strike_G","Strike_G","Defend_G","Defend_G","Defend_G","Defend_G","Defend_G","Survivor","Neutralize","Bullet Time","Bane","Die Die Die+1","Deadly Poison","Cloak And Dagger","Cloak And Dagger","Footwork","Night Terror","Terror","Footwork","Bullet Time","PiercingWail","Unload","Backflip"],"relics":["Ring of the Serpent","Oddly Smooth Stone","Shuriken","StoneCalendar","Bottled Lightning","Lizard Tail"],"acts_visited":["Exordium","TheCity"],"potions_floor_usage":[21],"damage_taken":[{"damage":7.0,"enemies":"Small Slimes","floor":1.0,"turns":5.0},{"damage":3.0,"enemies":"Jaw Worm","floor":4.0,"turns":5.0},{"damage":30.0,"enemies":"3 Sentries","floor":7.0,"turns":8.0},{"damage":0.0,"enemies":"Cultist","floor":8.0,"turns":3.0},{"damage":0.0,"enemies":"Large Slime","floor":10.0,"turns":4.0},{"damage":28.0,"enemies":"Gremlin Nob","floor":12.0,"turns":5.0},{"damage":8.0,"enemies":"Blue Slaver","floor":13.0,"turns":5.0},{"damage":8.0,"enemies":"3 Sentries","floor":14.0,"turns":4.0},{"damage":39.0,"enemies":"The Guardian","floor":16.0,"turns":11.0},{"damage":3.0,"enemies":"Shell Parasite","floor":18.0,"turns":7.0},{"damage":24.0,"enemies":"3 Byrds","floor":19.0,"turns":7.0},{"damage":22,"enemies":"Centurion and Healer","floor":20,"turns":4},{"damage":8,"enemies":"Cultist and Chosen","floor":21,"turns":4}],"seed_played":"-2017105212835607989","potions_obtained":[{"floor":7.0,"key":"Energy Potion"},{"floor":12.0,"key":"PowerPotion"},{"floor":13.0,"key":"FairyPotion"},{"floor":16.0,"key":"BlessingOfTheForge"}],"is_trial":false,"path_per_floor":["M","?","T","M","$","R","E","M","T","M","R","E","M","E","R","B",null,"M","M","M","M"],"character_chosen":"THE_SILENT","items_purchased":[],"campfire_rested":2,"item_purchase_floors":[],"current_hp_per_floor":[56,56,56,53,53,53,23,23,23,23,44,16,8,21,42,3,53,50,26,4,35,35],"gold":379,"neow_bonus":"THREE_RARE_CARDS","is_daily":false,"chose_seed":false,"campfire_upgraded":1,"win_rate":0.0,"timestamp":1611411836,"path_taken":["M","?","?","?","$","R","E","M","T","M","R","E","M","E","R","BOSS","M","M","M","M"],"items_purchased_type":[],"build_version":"2020-12-22","purchased_purges":1,"victory":false,"max_hp_per_floor":[70,70,70,70,70,70,70,70,70,70,70,70,70,70,70,70,70,70,70,70,70,70],"card_choices":[{"not_picked":["Grand Finale","Adrenaline"],"picked":"Bullet Time","floor":0.0},{"not_picked":["Prepared","Finisher"],"picked":"Bane","floor":1.0},{"not_picked":["Leg Sweep","Outmaneuver"],"picked":"Deadly Poison","floor":4.0},{"not_picked":["PiercingWail","Riddle With Holes"],"picked":"Cloak And Dagger","floor":7.0},{"not_picked":["Blur","Endless Agony"],"picked":"Cloak And Dagger","floor":8.0},{"not_picked":["Dodge and Roll","Calculated Gamble"],"picked":"Footwork","floor":10.0},{"not_picked":["Dagger Throw","Choke"],"picked":"Night Terror","floor":12.0},{"not_picked":["Flying Knee","Backstab"],"picked":"Terror","floor":13.0},{"not_picked":["Poisoned Stab","Endless Agony"],"picked":"Footwork","floor":14.0},{"not_picked":["Unload","Corpse Explosion"],"picked":"Bullet Time","floor":16.0},{"not_picked":["Sucker Punch+1","Backflip"],"picked":"PiercingWail","floor":18.0},{"not_picked":["Dagger Throw","Underhanded Strike+1"],"picked":"Unload","floor":19.0},{"not_picked":["Deadly Poison","Poisoned Stab+1"],"picked":"Backflip","floor":20}],"player_experience":72748,"relics_obtained":[{"floor":3.0,"key":"Oddly Smooth Stone"},{"floor":7.0,"key":"Shuriken"},{"floor":9.0,"key":"StoneCalendar"},{"floor":12.0,"key":"Bottled Lightning"},{"floor":14.0,"key":"Lizard Tail"}],"event_choices":[{"damage_healed":0.0,"max_hp_gain":0.0,"max_hp_loss":0.0,"gold_gain":0.0,"cards_transformed":["Strike_G"],"event_name":"Living Wall","player_choice":"Change","floor":2.0,"gold_loss":0.0,"damage_taken":0.0,"cards_obtained":["Die Die Die"]}],"is_beta":false,"boss_relics":[{"not_picked":["Sozu","SacredBark"],"picked":"Ring of the Serpent"}],"items_purged_floors":[5],"is_endless":false,"potions_floor_spawned":[7,12,13,16],"killed_by":"Cultist and Chosen","ascension_level":8}}