{"host":"x7xd4wkamhrqrrvw","time":1611435169,"event":{"mods":["AchievementEnabler","BaseMod","Minty Spire (QoL Compilation)","StSLib"],"gold_per_floor":[109,123,123,136,147,147,181,181,181,158,184,201,201,213,213,213,213],"floor_reached":16,"language":"ENG","playtime":862,"items_purged":[],"score":211,"play_id":"bdb99234-56f6-4f3d-a364-1b264b7ff580","local_time":"20210123185249","is_ascension_mode":true,"campfire_choices":[{"data":"Armaments","floor":6,"key":"SMITH"},{"data":"Dark Embrace","floor":8,"key":"SMITH"},{"data":"Uppercut","floor":13,"key":"SMITH"},{"floor":15,"key":"REST"}],"circlet_count":0,"master_deck":["AscendersBane","Strike_R","Strike_R","Strike_R","Defend_R","Defend_R","Defend_R","Defend_R","Bash","Uppercut+1","Armaments+1","Burning Pact","Ghostly Armor","Ghostly Armor","Dark Embrace+1","Feel No Pain","Wild Strike+1"],"relics":["Burning Blood","PreservedInsect","Molten Egg 2"],"acts_visited":["Exordium"],"potions_floor_usage":[7,7,10],"damage_taken":[{"damage":1,"enemies":"2 Louse","floor":1,"turns":4},{"damage":3,"enemies":"Cultist","floor":2,"turns":4},{"damage":4,"enemies":"Jaw Worm","floor":4,"turns":4},{"damage":21,"enemies":"Lots of Slimes","floor":5,"turns":9},{"damage":41,"enemies":"Lagavulin","floor":7,"turns":17},{"damage":4,"enemies":"Exordium Thugs","floor":10,"turns":8},{"damage":24,"enemies":"Gremlin Nob","floor":11,"turns":5},{"damage":5,"enemies":"Red Slaver","floor":12,"turns":7},{"damage":10,"enemies":"Large Slime","floor":14,"turns":9},{"damage":32,"enemies":"The Guardian","floor":16,"turns":11}],"seed_played":"1282319721176578036","potions_obtained":[{"floor":2,"key":"BloodPotion"},{"floor":5,"key":"Fire Potion"},{"floor":7,"key":"Energy Potion"},{"floor":12,"key":"SpeedPotion"}],"is_trial":false,"path_per_floor":["M","M","?","M","M","R","E","R","T","M","E","M","R","M","R","B"],"character_chosen":"IRONCLAD","items_purchased":[],"campfire_rested":1,"item_purchase_floors":[],"current_hp_per_floor":[68,68,68,68,53,53,31,31,31,33,15,16,16,12,32,0,0],"gold":213,"neow_bonus":"TRANSFORM_TWO_CARDS","is_daily":false,"chose_seed":false,"campfire_upgraded":3,"win_rate":0.0,"timestamp":1611435169,"path_taken":["M","M","?","M","M","R","E","R","T","?","E","M","R","M","R","BOSS"],"items_purchased_type":[],"build_version":"2020-12-22","purchased_purges":0,"victory":false,"max_hp_per_floor":[68,68,68,68,68,68,68,68,68,68,68,68,68,68,68,68,68],"card_choices":[{"not_picked":["Clash","Armaments"],"picked":"Burning Pact","floor":1},{"not_picked":["Flex","Sentinel"],"picked":"Ghostly Armor","floor":2},{"not_picked":["Armaments","Heavy Blade","Thunderclap"],"picked":"SKIP","floor":4},{"not_picked":["Power Through","Havoc"],"picked":"Ghostly Armor","floor":5},{"not_picked":["Cleave","Shrug It Off"],"picked":"Dark Embrace","floor":7},{"not_picked":["Fire Breathing","Dark Embrace"],"picked":"Feel No Pain","floor":10},{"not_picked":["Exhume","Metallicize"],"picked":"Wild Strike+1","floor":11},{"not_picked":["Iron Wave+1","Armaments","Sword Boomerang+1"],"picked":"SKIP","floor":12},{"not_picked":["Spot Weakness","Armaments","Heavy Blade+1"],"picked":"SKIP","floor":14}],"player_experience":397433,"relics_obtained":[{"floor":7,"key":"PreservedInsect"},{"floor":11,"key":"Molten Egg 2"}],"event_choices":[{"damage_healed":0,"gold_gain":0,"player_choice":"0 cards matched","damage_taken":0,"max_hp_gain":0,"max_hp_loss":0,"event_name":"Match and Keep!","floor":3,"gold_loss":0,"cards_obtained":[]}],"is_beta":false,"boss_relics":[],"items_purged_floors":[],"is_endless":false,"potions_floor_spawned":[2,5,7,12],"killed_by":"The Guardian","ascension_level":17}}