{"host":"6r341r9cz00j2qc1","time":1611427272,"event":{"mods":["BaseMod","Better Third Choice","GungeonMod","Hermit","Lobotomy","LobotomyExtend","Minty Spire (QoL Compilation)","Replay The Spire","Shop Mod","StSLib"],"gold_per_floor":[110,129,129,129,129,129,145,164,164,164,174,174,188,50,50,151,151,180,191,131,101,101,101],"floor_reached":22,"language":"ENG","playtime":1322,"items_purged":[],"score":176,"play_id":"58a1bd01-0a18-4a59-bc37-35fc0c871480","local_time":"20210123194112","is_ascension_mode":false,"campfire_choices":[{"data":"hermit:Desperado","floor":6,"key":"SMITH"},{"data":"hermit:DeadOrAlive","floor":10,"key":"SMITH"}],"circlet_count":0,"master_deck":["hermit:Strike_Hermit","hermit:Strike_Hermit","hermit:Strike_Hermit","hermit:Strike_Hermit","hermit:Defend_Hermit","hermit:Defend_Hermit","hermit:Defend_Hermit","hermit:Defend_Hermit","hermit:Snapshot","hermit:Covet","OldLady","hermit:Desperado+1","PunishingBird","hermit:BodyArmor+1","OSAHOGD","hermit:DeadOrAlive+1","Scorched","hermit:Glare","hermit:Determination+1","Wellcheers","hermit:LowProfile","ReplayTheSpireMod:IOU","BigBird","hermit:Dissolve","hermit:WideOpen","hermit:Quickdraw"],"relics":["hermit:ClaspedLocket","CogitoBucket","LetterFromLob","Replay:Wax Seal","HellTrain","Darkstone Periapt"],"acts_visited":["Exordium","TheCity"],"potions_floor_usage":[11,18],"damage_taken":[{"damage":5,"enemies":"Jaw Worm","floor":1,"turns":4},{"damage":0,"enemies":"2 Louse","floor":2,"turns":1},{"damage":5,"enemies":"Small Slimes","floor":7,"turns":2},{"damage":11,"enemies":"Blue Slaver","floor":8,"turns":4},{"damage":1,"enemies":"Large Slime","floor":11,"turns":3},{"damage":0,"enemies":"Looter","floor":13,"turns":1},{"damage":49,"enemies":"Slime Boss","floor":16,"turns":8},{"damage":31,"enemies":"3 Byrds","floor":18,"turns":4},{"damage":18,"enemies":"Shell Parasite","floor":19,"turns":5},{"damage":48,"enemies":"Sentry and Sphere","floor":22,"turns":9}],"seed_played":"-7057681841480069967","potions_obtained":[{"floor":2,"key":"AttackPotion"},{"floor":16,"key":"ColorlessPotion"},{"floor":19,"key":"hermit:BlackBile"},{"floor":21,"key":"Energy Potion"},{"floor":21,"key":"SmokeBomb"}],"is_trial":false,"path_per_floor":["M","M","?","?","?","R","M","M","T","R","M","M","M","$","R","B",null,"M","M","?","?","M"],"character_chosen":"HERMIT","items_purchased":["Darkstone Periapt"],"campfire_rested":0,"item_purchase_floors":[14],"current_hp_per_floor":[70,70,70,70,70,70,65,58,58,58,59,59,59,59,75,30,75,47,32,32,32,0,0],"gold":101,"neow_bonus":"","is_daily":false,"chose_seed":false,"campfire_upgraded":2,"win_rate":0.0,"timestamp":1611427272,"path_taken":["M","M","?","?","?","R","?","M","T","R","M","M","M","$","R","BOSS","M","M","?","?","?"],"items_purchased_type":["Relic"],"build_version":"2020-12-22","purchased_purges":0,"victory":false,"max_hp_per_floor":[75,75,75,75,75,75,75,75,75,75,75,75,75,75,75,75,75,75,75,75,75,75,75],"card_choices":[{"not_picked":["Scorched","LaLuna","Wellcheers"],"picked":"Singing Bowl","floor":1},{"not_picked":["WallGazer","Scorched"],"picked":"OldLady","floor":1},{"not_picked":["hermit:Misfire","hermit:Feint"],"picked":"hermit:Desperado","floor":1},{"not_picked":["Freischutz","MeatLantern","CherryBlossoms"],"picked":"Singing Bowl","floor":2},{"not_picked":["DreamingCurrent","Scorched"],"picked":"PunishingBird","floor":2},{"not_picked":["hermit:Gestalt","hermit:Deadeye"],"picked":"hermit:BodyArmor","floor":2},{"not_picked":["Scorched","CherryBlossoms","BigBadWolf"],"picked":"Singing Bowl","floor":7},{"not_picked":["MeatLantern","MHz"],"picked":"OSAHOGD","floor":7},{"not_picked":["hermit:SprayPray","hermit:Ricochet"],"picked":"hermit:DeadOrAlive","floor":7},{"not_picked":["BeautyBeast","FairyFestival","Bloodbath"],"picked":"Singing Bowl","floor":8},{"not_picked":["Mercenary","DreamingCurrent"],"picked":"Scorched","floor":8},{"not_picked":["hermit:WideOpen","hermit:Misfire"],"picked":"hermit:Glare","floor":8},{"not_picked":["Yin","FairyFestival","VoidDream"],"picked":"Singing Bowl","floor":11},{"not_picked":["hermit:Malice","hermit:Gambit"],"picked":"hermit:Determination","floor":11},{"not_picked":["BlackSwan","UniverseFragment","Bloodbath"],"picked":"Singing Bowl","floor":13},{"not_picked":["GalaxyChild","LittleHelper"],"picked":"Wellcheers","floor":13},{"not_picked":["hermit:Misfire","hermit:Snipe"],"picked":"hermit:LowProfile","floor":13},{"not_picked":["Scarecrow","NakedNest","VoidDream"],"picked":"Singing Bowl","floor":16},{"not_picked":["Murderer","FairyFestival"],"picked":"BigBird","floor":16},{"not_picked":["hermit:HeroicBravado","hermit:Reprieve"],"picked":"hermit:Dissolve","floor":16},{"not_picked":["Murderer","WhiteNight","LittlePrince"],"picked":"Singing Bowl","floor":18},{"not_picked":["hermit:Enervate","hermit:BodyArmor"],"picked":"hermit:WideOpen","floor":18},{"not_picked":["MeatLantern","MHz","FieryBird"],"picked":"Singing Bowl","floor":19},{"not_picked":["hermit:DeadMansHand","hermit:Ricochet"],"picked":"hermit:Quickdraw","floor":19}],"player_experience":444058,"relics_obtained":[{"floor":1,"key":"LetterFromLob"},{"floor":9,"key":"Replay:Wax Seal"}],"event_choices":[{"damage_healed":0,"gold_gain":0,"player_choice":"Grow","damage_taken":0,"max_hp_gain":0,"max_hp_loss":0,"event_name":"Living Wall","floor":3,"gold_loss":0,"cards_upgraded":["hermit:BodyArmor"]},{"damage_healed":0,"gold_gain":0,"player_choice":"Leave","damage_taken":0,"max_hp_gain":0,"max_hp_loss":0,"event_name":"The Cleric","floor":4,"gold_loss":0},{"damage_healed":0,"gold_gain":0,"player_choice":"Ignored","damage_taken":0,"max_hp_gain":0,"max_hp_loss":0,"event_name":"NoteForYourself","floor":5,"gold_loss":0},{"damage_healed":0,"gold_gain":0,"player_choice":"Bought 2 Potions","damage_taken":0,"max_hp_gain":0,"max_hp_loss":0,"event_name":"The Woman in Blue","floor":21,"gold_loss":0}],"is_beta":false,"boss_relics":[{"not_picked":["Empty Cage","Fusion Hammer"],"picked":"hermit:ClaspedLocket"}],"items_purged_floors":[],"is_endless":false,"potions_floor_spawned":[2,16,19],"killed_by":"Sentry and Sphere","ascension_level":0}}