{"host":"5f8ute538gzudddu","time":1611441878,"event":{"mods":["BaseMod","Highlight Path","Minty Spire (QoL Compilation)","Relic Stats","StSLib"],"gold_per_floor":[117,117,117,133,151,151,181,42,42,58,58,93,93,127,127,204,204,219,235,255,180,192,223,223,234,261,85,85,95,120,220,220,297,297,313,67,82,133,133,133,179,191,227,256,302,314,326,338,350,362,374,386,398,33,61,61],"floor_reached":57,"language":"ENG","playtime":3128,"items_purged":["Defend_P"],"score":3107,"play_id":"8f4a4991-c0c9-4d89-8dd7-6f5893ae1f19","local_time":"20210123144438","is_ascension_mode":true,"campfire_choices":[{"floor":6.0,"key":"DIG"},{"floor":11.0,"key":"DIG"},{"floor":13.0,"key":"DIG"},{"floor":15.0,"key":"DIG"},{"floor":24.0,"key":"REST"},{"floor":28.0,"key":"DIG"},{"floor":32.0,"key":"DIG"},{"floor":40.0,"key":"DIG"},{"floor":42.0,"key":"RECALL"},{"floor":47.0,"key":"DIG"},{"data":"EmptyMind","floor":49.0,"key":"SMITH"},{"data":"MentalFortress","floor":53.0,"key":"SMITH"}],"circlet_count":0,"master_deck":["AscendersBane","Strike_P","Strike_P+1","Eruption+1","Vigilance+1","FollowUp","FlyingSleeves","BattleHymn","Tantrum+1","FlurryOfBlows","EmptyMind+1","MentalFortress+1","Establishment","WindmillStrike+1","Vault+1","Wallop+1","Halt+1","Adaptation","TalkToTheHand+1","CutThroughFate","TalkToTheHand","Meditate","Omniscience","Halt","WaveOfTheHand","CrushJoints+1","Meditate+1","SpiritShield","Wireheading+1","TalkToTheHand+1","InnerPeace"],"relics":["PureWater","Shovel","StrikeDummy","Shuriken","Bottled Tornado","Nunchaku","TeardropLocket","Smiling Mask","Strawberry","Bottled Lightning","Astrolabe","Bag of Preparation","InkBottle","White Beast Statue","Peace Pipe","Eternal Feather","Boot","Coffee Dripper","Whetstone","Ice Cream","MawBank","Regal Pillow","Omamori","Bag of Marbles","Pear","Kunai","Anchor"],"acts_visited":["Exordium","TheCity","TheBeyond","TheEnding"],"potions_floor_usage":[56],"damage_taken":[{"damage":3.0,"enemies":"2 Louse","floor":1.0,"turns":5.0},{"damage":0.0,"enemies":"Jaw Worm","floor":4.0,"turns":3.0},{"damage":0.0,"enemies":"Cultist","floor":5.0,"turns":2.0},{"damage":0.0,"enemies":"Gremlin Nob","floor":7.0,"turns":2.0},{"damage":0.0,"enemies":"3 Louse","floor":10.0,"turns":2.0},{"damage":0.0,"enemies":"Lagavulin","floor":12.0,"turns":3.0},{"damage":0.0,"enemies":"Gremlin Nob","floor":14.0,"turns":2.0},{"damage":5.0,"enemies":"Hexaghost","floor":16.0,"turns":4.0},{"damage":0.0,"enemies":"Shell Parasite","floor":18.0,"turns":2.0},{"damage":0.0,"enemies":"3 Byrds","floor":19.0,"turns":4.0},{"damage":2.0,"enemies":"Centurion and Healer","floor":20.0,"turns":9.0},{"damage":0.0,"enemies":"Chosen and Byrds","floor":22.0,"turns":3.0},{"damage":41.0,"enemies":"Slavers","floor":23.0,"turns":5.0},{"damage":4.0,"enemies":"Snake Plant","floor":25.0,"turns":2.0},{"damage":4.0,"enemies":"Snecko","floor":29.0,"turns":4.0},{"damage":6.0,"enemies":"Book of Stabbing","floor":30.0,"turns":4.0},{"damage":0.0,"enemies":"Colosseum Slavers","floor":31.0,"turns":2.0},{"damage":0.0,"enemies":"Colosseum Nobs","floor":31.0,"turns":3.0},{"damage":0.0,"enemies":"Champ","floor":33.0,"turns":5.0},{"damage":9.0,"enemies":"3 Darklings","floor":35.0,"turns":5.0},{"damage":16.0,"enemies":"3 Shapes","floor":37.0,"turns":3.0},{"damage":15.0,"enemies":"2 Orb Walkers","floor":38.0,"turns":3.0},{"damage":0.0,"enemies":"Nemesis","floor":41.0,"turns":4.0},{"damage":0.0,"enemies":"Spire Growth","floor":44.0,"turns":3.0},{"damage":0.0,"enemies":"Giant Head","floor":45.0,"turns":3.0},{"damage":40.0,"enemies":"Awakened One","floor":50.0,"turns":9.0},{"damage":21.0,"enemies":"Donu and Deca","floor":51.0,"turns":5.0},{"damage":22.0,"enemies":"Shield and Spear","floor":55.0,"turns":6.0},{"damage":14,"enemies":"The Heart","floor":56,"turns":8}],"seed_played":"-4732751325859335678","potions_obtained":[{"floor":1.0,"key":"SteroidPotion"},{"floor":10.0,"key":"SkillPotion"},{"floor":12.0,"key":"Explosive Potion"},{"floor":30.0,"key":"FearPotion"},{"floor":31.0,"key":"Block Potion"},{"floor":35.0,"key":"DuplicationPotion"},{"floor":38.0,"key":"BottledMiracle"},{"floor":41.0,"key":"BlessingOfTheForge"},{"floor":44.0,"key":"Fire Potion"},{"floor":55.0,"key":"Explosive Potion"}],"is_trial":false,"path_per_floor":["M","?","?","M","M","R","E","$","T","M","R","E","R","E","R","B",null,"M","M","M","?","M","E","R","M","T","$","R","M","E","?","R","B",null,"M","$","M","?","?","R","E","R","T","M","E","?","R","?","R","B","B",null,"R","$","E","B",null],"character_chosen":"WATCHER","items_purchased":["Tantrum","Explosive Potion","TalkToTheHand","Meditate","Whetstone","WaveOfTheHand","Kunai","InnerPeace"],"campfire_rested":1,"item_purchase_floors":[8,8,27,27,36,36,54,54],"current_hp_per_floor":[40,40,20,20,20,20,20,20,20,20,20,20,20,27,27,22,62,62,62,60,60,60,19,41,37,37,37,37,33,27,27,39,39,66,57,57,41,26,26,41,41,56,56,56,56,56,81,81,81,41,20,66,81,81,59,45],"gold":61,"neow_bonus":"ONE_RARE_RELIC","is_daily":false,"chose_seed":false,"campfire_upgraded":2,"win_rate":0.0,"timestamp":1611441878,"path_taken":["M","?","?","M","M","R","E","$","T","M","R","E","R","E","R","BOSS","M","M","M","?","M","E","R","M","T","$","R","M","E","?","R","BOSS","M","$","M","?","?","R","E","R","T","?","E","?","R","?","R","BOSS","BOSS","R","$","E","BOSS"],"items_purchased_type":["Card","Potion","Card","Card","Relic","Card","Relic","Card"],"build_version":"2020-12-22","purchased_purges":1,"victory":true,"max_hp_per_floor":[68,68,68,68,68,68,68,68,68,68,68,68,68,75,75,75,75,75,75,75,75,75,75,75,75,75,75,75,75,75,75,75,75,75,75,75,75,75,75,75,75,75,75,75,75,71,81,81,81,81,81,81,81,81,81,81],"relic_stats":{"Regal Pillow":0,"counters":[29,115],"Astrolabe":["WindmillStrike","Vault","Wallop"],"Eternal Feather":72,"Bag of Preparation":[32],"Whetstone":["Tantrum","TalkToTheHand"],"Smiling Mask":25,"Boot":[54],"MawBank":168,"Peace Pipe":0,"Nunchaku":[37],"Shovel":8,"Shuriken":[93],"Kunai":[17],"obtain_stats":[{"Ice Cream":38,"Regal Pillow":41,"Bag of Preparation":23,"TeardropLocket":12,"Whetstone":36,"Bottled Tornado":9,"Smiling Mask":13,"Boot":32,"Nunchaku":11,"Shovel":0,"Strawberry":14,"Kunai":54,"InkBottle":28,"Pear":47,"Astrolabe":17,"Eternal Feather":31,"Omamori":43,"MawBank":40,"White Beast Statue":30,"Peace Pipe":31,"Anchor":55,"Shuriken":7,"Coffee Dripper":34,"Bag of Marbles":45,"Bottled Lightning":15,"PureWater":0,"StrikeDummy":6},{"Ice Cream":22,"Regal Pillow":23,"Bag of Preparation":13,"TeardropLocket":6,"Whetstone":20,"Bottled Tornado":4,"Smiling Mask":6,"Boot":18,"Nunchaku":5,"Shovel":0,"Strawberry":7,"Kunai":27,"InkBottle":14,"Pear":25,"Astrolabe":8,"Eternal Feather":18,"Omamori":23,"MawBank":22,"White Beast Statue":16,"Peace Pipe":18,"Anchor":28,"Shuriken":4,"Coffee Dripper":19,"Bag of Marbles":25,"Bottled Lightning":7,"PureWater":0,"StrikeDummy":3},{"Ice Cream":77,"Regal Pillow":81,"Bag of Preparation":46,"TeardropLocket":17,"Whetstone":71,"Bottled Tornado":12,"Smiling Mask":17,"Boot":61,"Nunchaku":14,"Shovel":0,"Strawberry":19,"Kunai":101,"InkBottle":48,"Pear":87,"Astrolabe":23,"Eternal Feather":61,"Omamori":81,"MawBank":77,"White Beast Statue":56,"Peace Pipe":61,"Anchor":107,"Shuriken":12,"Coffee Dripper":66,"Bag of Marbles":87,"Bottled Lightning":19,"PureWater":0,"StrikeDummy":10}],"InkBottle":[40]},"card_choices":[{"not_picked":["EmptyMind","FlyingSleeves"],"picked":"FollowUp","floor":1.0},{"not_picked":["Study","Halt"],"picked":"FlyingSleeves","floor":4.0},{"not_picked":["ForeignInfluence","Worship","Prostrate"],"picked":"SKIP","floor":5.0},{"not_picked":["CrushJoints","CutThroughFate"],"picked":"BattleHymn","floor":7.0},{"not_picked":["SandsOfTime","Swivel"],"picked":"FlurryOfBlows","floor":10.0},{"not_picked":["FollowUp","Swivel"],"picked":"EmptyMind","floor":12.0},{"not_picked":["Swivel","Ragnarok"],"picked":"MentalFortress","floor":14.0},{"not_picked":["Judgement","Ragnarok"],"picked":"Establishment","floor":16.0},{"not_picked":["JustLucky","Nirvana"],"picked":"Halt+1","floor":18.0},{"not_picked":["FollowUp","CrushJoints"],"picked":"Adaptation","floor":19.0},{"not_picked":["DeusExMachina","Indignation"],"picked":"TalkToTheHand","floor":20.0},{"not_picked":["LikeWater+1","SandsOfTime","WindmillStrike"],"picked":"SKIP","floor":22.0},{"not_picked":["WreathOfFlame","ReachHeaven"],"picked":"CutThroughFate","floor":23.0},{"not_picked":["SashWhip","Crescendo","CrushJoints"],"picked":"SKIP","floor":25.0},{"not_picked":["Collect","FollowUp","PathToVictory"],"picked":"SKIP","floor":29.0},{"not_picked":["FollowUp+1","EmptyBody","FlyingSleeves"],"picked":"SKIP","floor":30.0},{"not_picked":["Devotion","Brilliance"],"picked":"Omniscience","floor":33.0},{"not_picked":["Wireheading","LikeWater"],"picked":"Halt","floor":35.0},{"not_picked":["EmptyBody","Perseverance"],"picked":"CrushJoints+1","floor":37.0},{"not_picked":["Fasting2","DeceiveReality"],"picked":"Meditate+1","floor":38.0},{"not_picked":["SandsOfTime","FollowUp","EmptyBody"],"picked":"SKIP","floor":41.0},{"not_picked":["Prostrate","SignatureMove+1","WaveOfTheHand"],"picked":"SKIP","floor":44.0},{"not_picked":["EmptyBody+1","Crescendo+1"],"picked":"Wireheading+1","floor":45.0},{"not_picked":["WindmillStrike","Prostrate","BattleHymn"],"picked":"SKIP","floor":55.0}],"player_experience":937115,"relics_obtained":[{"floor":6.0,"key":"StrikeDummy"},{"floor":7.0,"key":"Shuriken"},{"floor":9.0,"key":"Bottled Tornado"},{"floor":11.0,"key":"Nunchaku"},{"floor":12.0,"key":"TeardropLocket"},{"floor":13.0,"key":"Smiling Mask"},{"floor":14.0,"key":"Strawberry"},{"floor":15.0,"key":"Bottled Lightning"},{"floor":23.0,"key":"Bag of Preparation"},{"floor":28.0,"key":"InkBottle"},{"floor":30.0,"key":"White Beast Statue"},{"floor":31.0,"key":"Peace Pipe"},{"floor":31.0,"key":"Eternal Feather"},{"floor":32.0,"key":"Boot"},{"floor":38.0,"key":"Ice Cream"},{"floor":40.0,"key":"MawBank"},{"floor":41.0,"key":"Regal Pillow"},{"floor":43.0,"key":"Omamori"},{"floor":45.0,"key":"Bag of Marbles"},{"floor":47.0,"key":"Pear"},{"floor":55.0,"key":"Anchor"}],"event_choices":[{"damage_healed":0.0,"max_hp_gain":0.0,"max_hp_loss":0.0,"gold_gain":0.0,"event_name":"Living Wall","player_choice":"Grow","floor":2.0,"gold_loss":0.0,"damage_taken":0.0,"cards_upgraded":["Eruption"]},{"damage_healed":0.0,"max_hp_gain":0.0,"max_hp_loss":0.0,"gold_gain":0.0,"event_name":"Shining Light","player_choice":"Entered Light","floor":3.0,"gold_loss":0.0,"damage_taken":20.0,"cards_upgraded":["Strike_P","Vigilance"]},{"cards_removed":["Defend_P"],"damage_healed":0.0,"max_hp_gain":0.0,"max_hp_loss":0.0,"gold_gain":0.0,"event_name":"Beggar","player_choice":"Gave Gold","floor":21.0,"gold_loss":75.0,"damage_taken":0.0},{"damage_healed":0.0,"max_hp_gain":0.0,"max_hp_loss":0.0,"gold_gain":0.0,"event_name":"Colosseum","player_choice":"Fight","floor":31.0,"gold_loss":0.0,"damage_taken":0.0},{"damage_healed":0.0,"max_hp_gain":0.0,"max_hp_loss":0.0,"gold_gain":0.0,"event_name":"Colosseum","player_choice":"Fought Nobs","floor":31.0,"gold_loss":0.0,"damage_taken":0.0},{"damage_healed":0.0,"max_hp_gain":0.0,"max_hp_loss":0.0,"gold_gain":0.0,"event_name":"Mysterious Sphere","player_choice":"Fight","floor":38.0,"gold_loss":0.0,"damage_taken":0.0},{"damage_healed":0.0,"max_hp_gain":0.0,"max_hp_loss":0.0,"gold_gain":0.0,"cards_transformed":["Strike_P"],"event_name":"Transmorgrifier","player_choice":"Transformed","floor":39.0,"gold_loss":0.0,"damage_taken":0.0,"cards_obtained":["SpiritShield"]},{"damage_healed":0.0,"max_hp_gain":0.0,"max_hp_loss":4.0,"gold_gain":0.0,"event_name":"Winding Halls","player_choice":"Max HP","floor":46.0,"gold_loss":0.0,"damage_taken":0.0},{"damage_healed":0.0,"max_hp_gain":0.0,"max_hp_loss":0.0,"gold_gain":0.0,"event_name":"Duplicator","player_choice":"Copied","floor":48.0,"gold_loss":0.0,"damage_taken":0.0,"cards_obtained":["TalkToTheHand"]}],"is_beta":false,"boss_relics":[{"not_picked":["Calling Bell","Snecko Eye"],"picked":"Astrolabe"},{"not_picked":["SacredBark","Sozu"],"picked":"Coffee Dripper"}],"items_purged_floors":[36],"is_endless":false,"potions_floor_spawned":[1,10,12,18,20,30,31,31,33,35,37,38,41,44,45,55],"ascension_level":20}}