{"host":"zutuzvv732cf59m3","time":1611399431,"event":{"mods":["BaseMod","Downfall","Marisa????????","Minty Spire (QoL Compilation)","Prisma Mod","Quick Restart","READ ME - Guardian Mod","Shop Mod","StSLib","The Construct","The Cursed","The Disciple","The Senshi","The Servant 0.9.4"],"gold_per_floor":[113,125,136,136,150,178,178,213,252,264,305,327,339,383,395,502,514,546,574,586,598,629,669,681,712,747,779,818,830,857,901,913,1030,1042,1068,644,644,999,999,1027,1039,1039,1063,1063,1063,1063,165,180,180,180],"floor_reached":51,"language":"ENG","playtime":4466,"items_purged":["Decay","Strike_R"],"score":1198,"play_id":"05d01137-7dad-4eb3-bca7-c67b010169f8","local_time":"20210123175711","is_ascension_mode":true,"campfire_choices":[{"data":"Armaments","floor":7.0,"key":"SMITH"},{"data":"Juggernaut","floor":10.0,"key":"SMITH"},{"data":"Iron Wave","floor":15.0,"key":"SMITH"},{"data":"True Grit","floor":24.0,"key":"SMITH"},{"data":"Offering","floor":29,"key":"SMITH"},{"data":"Juggernaut","floor":32,"key":"SMITH"},{"data":"Entrench","floor":42,"key":"SMITH"},{"data":"Secret Technique","floor":45,"key":"SMITH"},{"data":"Panache","floor":49,"key":"SMITH"}],"circlet_count":0,"master_deck":["Defend_R","Defend_R","Defend_R","Defend_R","Bash+1","Juggernaut+1","Armaments+1","Shrug It Off","Ghostly Armor","Iron Wave+1","Iron Wave","Juggernaut+1","Metallicize+1","True Grit+1","Inflame","Battle Trance","Iron Wave","Offering+1","Impervious","Shrug It Off","Madness","Madness","Shrug It Off+1","Entrench+1","Secret Technique+1","Panache+1","Body Slam"],"relics":["Burning Blood","Anchor","Boot","MawBank","PreservedInsect","Ancient Tea Set","Strawberry","Coffee Dripper","Centennial Puzzle","Potion Belt","Toy Ornithopter","MealTicket","Sozu","TheAbacus","theSenshi:SailorFukuRelic","Old Coin","Girya","Dream Catcher","ClockworkSouvenir","Vajra","construct:BoolHorns"],"acts_visited":["Exordium","TheCity","TheBeyond"],"potions_floor_usage":[33,33],"damage_taken":[{"damage":1.0,"enemies":"Cultist","floor":1.0,"turns":4.0},{"damage":1.0,"enemies":"Small Slimes","floor":2.0,"turns":4.0},{"damage":5.0,"enemies":"2 Louse","floor":3.0,"turns":4.0},{"damage":7.0,"enemies":"Red Slaver","floor":5.0,"turns":5.0},{"damage":2.0,"enemies":"Lagavulin","floor":6.0,"turns":11.0},{"damage":22.0,"enemies":"3 Sentries","floor":8.0,"turns":9.0},{"damage":0.0,"enemies":"Lagavulin","floor":11.0,"turns":5.0},{"damage":0.0,"enemies":"Looter","floor":12.0,"turns":3.0},{"damage":19.0,"enemies":"3 Sentries","floor":14.0,"turns":7.0},{"damage":11.0,"enemies":"Slime Boss","floor":16.0,"turns":9.0},{"damage":15.0,"enemies":"Spheric Guardian","floor":18.0,"turns":4.0},{"damage":17.0,"enemies":"3 Byrds","floor":19.0,"turns":4.0},{"damage":10.0,"enemies":"Snecko","floor":22.0,"turns":4.0},{"damage":3.0,"enemies":"Slavers","floor":23.0,"turns":5.0},{"damage":15.0,"enemies":"Snake Plant","floor":25.0,"turns":4.0},{"damage":0.0,"enemies":"Centurion and Healer","floor":27.0,"turns":6.0},{"damage":8,"enemies":"Book of Stabbing","floor":28,"turns":6},{"damage":6,"enemies":"Chosen and Byrds","floor":30,"turns":4},{"damage":22,"enemies":"Gremlin Leader","floor":31,"turns":5},{"damage":41,"enemies":"Automaton","floor":33,"turns":8},{"damage":0,"enemies":"3 Shapes","floor":35,"turns":5},{"damage":18,"enemies":"2 Orb Walkers","floor":38,"turns":4},{"damage":6,"enemies":"Nemesis","floor":40,"turns":5},{"damage":5,"enemies":"Orb Walker","floor":41,"turns":4},{"damage":0,"enemies":"Transient","floor":48,"turns":5},{"damage":6,"enemies":"Awakened One","floor":50,"turns":7}],"seed_played":"9005661057190335246","potions_obtained":[{"floor":1.0,"key":"Weak Potion"},{"floor":5.0,"key":"FearPotion"},{"floor":8.0,"key":"Block Potion"},{"floor":11.0,"key":"Strength Potion"},{"floor":12.0,"key":"sneckomod:MuddlingPotion"},{"floor":18.0,"key":"SkillPotion"},{"floor":23.0,"key":"bronze:BurnAndBuffPotion"},{"floor":25.0,"key":"SkillPotion"},{"floor":30,"key":"Weak Potion"}],"is_trial":false,"path_per_floor":["M","M","M","?","M","E","R","E","T","R","E","M","?","E","R","B",null,"M","M","?","?","M","E","R","M","T","M","E","R","M","E","R","B",null,"M","$","?","?","?","E","M","R","T","?","R","?","$","M","R","B",null],"character_chosen":"IRONCLAD","items_purchased":["TheAbacus","Shrug It Off","theSenshi:SailorFukuRelic","ClockworkSouvenir","Panache","Vajra","construct:BoolHorns"],"campfire_rested":0,"item_purchase_floors":[36,36,36,47,47,47,47],"current_hp_per_floor":[77,80,80,62,61,65,65,49,49,49,55,61,61,55,55,50,78,69,58,58,58,54,57,57,48,48,54,52,52,52,36,36,11,68,74,87,87,75,64,64,65,65,65,65,65,65,80,86,86,86],"gold":180,"neow_bonus":"TRANSFORM_CARD","is_daily":false,"chose_seed":false,"campfire_upgraded":9,"win_rate":0.0,"timestamp":1611399431,"path_taken":["M","M","?","?","M","E","R","E","T","R","E","M","?","E","R","BOSS","M","M","?","?","M","E","R","?","T","M","E","R","M","E","R","BOSS","M","$","?","?","?","E","M","R","T","?","R","?","$","?","R","BOSS"],"items_purchased_type":["Relic","Card","Relic","Relic","Card","Relic","Relic"],"build_version":"2020-12-22","purchased_purges":2,"victory":true,"max_hp_per_floor":[80,80,80,80,80,80,80,80,80,80,80,80,80,87,87,87,87,87,87,87,87,87,87,87,87,87,87,87,87,87,87,87,87,87,87,87,87,87,87,87,87,87,87,87,87,87,87,87,87,87],"card_choices":[{"not_picked":["Bloodletting","Twin Strike"],"picked":"Armaments","floor":1.0},{"not_picked":["Rampage","Feel No Pain"],"picked":"Shrug It Off","floor":2.0},{"not_picked":["Intimidate","Clash","Reckless Charge"],"picked":"SKIP","floor":3.0},{"not_picked":["Dual Wield","Carnage","Flex"],"picked":"SKIP","floor":5.0},{"not_picked":["Headbutt","Infernal Blade","Pummel"],"picked":"SKIP","floor":6.0},{"not_picked":["Impervious","Twin Strike"],"picked":"Ghostly Armor","floor":8.0},{"not_picked":["Flex","Armaments"],"picked":"Iron Wave","floor":11.0},{"not_picked":["Clash","Shrug It Off","Wild Strike"],"picked":"SKIP","floor":12.0},{"not_picked":["Armaments","Perfected Strike"],"picked":"Iron Wave","floor":14.0},{"not_picked":["Reaper","Feed"],"picked":"Juggernaut","floor":16.0},{"not_picked":["True Grit","Headbutt+1"],"picked":"Metallicize+1","floor":18.0},{"not_picked":["Clash","Dual Wield","Wild Strike+1"],"picked":"SKIP","floor":19.0},{"not_picked":["Wild Strike","Feel No Pain+1","Power Through"],"picked":"SKIP","floor":22.0},{"not_picked":["Twin Strike","Shrug It Off","Thunderclap+1"],"picked":"SKIP","floor":23.0},{"not_picked":["Cleave","Infernal Blade+1"],"picked":"Battle Trance","floor":25.0},{"not_picked":["Heavy Blade","Flex"],"picked":"Iron Wave","floor":27.0},{"not_picked":["Rupture+1","Thunderclap+1"],"picked":"Offering","floor":28},{"not_picked":["Power Through+1","Heavy Blade+1","Flex+1"],"picked":"SKIP","floor":30},{"not_picked":["Twin Strike","Cleave+1","Heavy Blade"],"picked":"SKIP","floor":31},{"not_picked":["Offering","Demon Form"],"picked":"Impervious","floor":33},{"not_picked":["Uppercut+1","Thunderclap","Twin Strike+1"],"picked":"SKIP","floor":35},{"not_picked":["Hemokinesis","Pommel Strike+1"],"picked":"Shrug It Off+1","floor":40},{"not_picked":["Reckless Charge+1","Anger+1"],"picked":"Entrench","floor":41},{"not_picked":["Forethought","Good Instincts"],"picked":"Secret Technique","floor":44},{"not_picked":["Entrench+1","Flex+1"],"picked":"Body Slam","floor":48}],"player_experience":1791266,"relics_obtained":[{"floor":6.0,"key":"Boot"},{"floor":8.0,"key":"MawBank"},{"floor":9.0,"key":"PreservedInsect"},{"floor":11.0,"key":"Ancient Tea Set"},{"floor":14.0,"key":"Strawberry"},{"floor":23.0,"key":"Centennial Puzzle"},{"floor":26.0,"key":"Potion Belt"},{"floor":28,"key":"Toy Ornithopter"},{"floor":31,"key":"MealTicket"},{"floor":38,"key":"Old Coin"},{"floor":40,"key":"Girya"},{"floor":43,"key":"Dream Catcher"}],"event_choices":[{"damage_healed":0.0,"max_hp_gain":0.0,"max_hp_loss":0.0,"gold_gain":0.0,"event_name":"Scrap Ooze","player_choice":"Success","floor":4.0,"gold_loss":0.0,"damage_taken":18.0,"relics_obtained":["Anchor"]},{"damage_healed":0.0,"max_hp_gain":0.0,"max_hp_loss":0.0,"gold_gain":0.0,"event_name":"Accursed Blacksmith","player_choice":"Forge","floor":13.0,"gold_loss":0.0,"damage_taken":0.0,"cards_upgraded":["Bash"]},{"damage_healed":0.0,"max_hp_gain":0.0,"max_hp_loss":0.0,"gold_gain":0.0,"cards_transformed":["Strike_R","Strike_R"],"event_name":"Drug Dealer","player_choice":"Became Test Subject","floor":20.0,"gold_loss":0.0,"damage_taken":0.0,"cards_obtained":["True Grit","Inflame"]},{"damage_healed":0.0,"max_hp_gain":0.0,"max_hp_loss":0.0,"gold_gain":0.0,"event_name":"Wheel of Change","player_choice":"Cursed","floor":21.0,"gold_loss":0.0,"damage_taken":0.0,"cards_obtained":["Decay"]},{"cards_removed":["Strike_R"],"damage_healed":0,"gold_gain":0,"player_choice":"Removed Attack","damage_taken":0,"max_hp_gain":0,"max_hp_loss":0,"event_name":"Falling","floor":37,"gold_loss":0},{"damage_healed":0,"gold_gain":0,"player_choice":"Fight","damage_taken":0,"max_hp_gain":0,"max_hp_loss":0,"event_name":"Mysterious Sphere","floor":38,"gold_loss":0},{"damage_healed":0,"gold_gain":0,"player_choice":"Embrace Madness","damage_taken":11,"max_hp_gain":0,"max_hp_loss":0,"event_name":"Winding Halls","floor":39,"gold_loss":0,"cards_obtained":["Madness","Madness"]},{"damage_healed":0,"gold_gain":0,"player_choice":"Memory 1","damage_taken":0,"max_hp_gain":0,"max_hp_loss":0,"event_name":"SensoryStone","floor":44,"gold_loss":0},{"damage_healed":0,"gold_gain":0,"player_choice":"Ignored","damage_taken":0,"max_hp_gain":0,"max_hp_loss":0,"event_name":"Tomb of Lord Red Mask","floor":46,"gold_loss":0}],"is_beta":false,"boss_relics":[{"not_picked":["SlaversCollar","bronze:MakeshiftBattery"],"picked":"Coffee Dripper"},{"not_picked":["Fusion Hammer","Runic Pyramid"],"picked":"Sozu"}],"items_purged_floors":[36,47],"is_endless":false,"potions_floor_spawned":[1,5,8,11,12,18,23,25,30,38,41,48],"ascension_level":8}}