{"host":"1hzg86ju9fvxh562","time":1611430117,"event":{"mods":["AchievementEnabler","Act Like it!","AlwaysNeverKeys","BaseMod","Bestiary","Better Altar","Better Match","Better Note","Better Sensory Stone","Better Skull","Better Third Choice","Colored Map","Colored Powertips","Curses Come First","Displayed Cursed Tome","Filter the Spire","Highlight Path","Keyboard Shortcuts","Minty Spire (QoL Compilation)","Rare Cards Sparkle","Relic Sorter","Relic Stats","ShortenTheSpire","Spicy Shops","StSLib","everything is the same but u backflip on backflip","slay the spire mod where everything is the same but ironclad has a cowboy hat"],"gold_per_floor":[115,115,134,134,148,148,248,281,334,364,42,56,70,70,70,173,173,192,192,207,32,63,63,63,98,125,145,171,187,217,217,217,319,319,329,329,342,22,40,40,70,82,94,106,133,175,237,269,281,293,305,317,11,40,40],"floor_reached":56,"language":"ENG","playtime":7651,"items_purged":["Defend_R","Strike_R","Strike_R"],"score":1897,"play_id":"bc643347-44d6-4dea-867e-18f0edabcbd9","local_time":"20210123172837","is_ascension_mode":true,"campfire_choices":[{"data":"Pommel Strike","floor":6.0,"key":"SMITH"},{"data":"Dark Embrace","floor":15.0,"key":"SMITH"},{"data":"True Grit","floor":23.0,"key":"SMITH"},{"floor":32.0,"key":"REST"},{"data":"Whirlwind","floor":40,"key":"SMITH"},{"floor":42,"key":"RECALL"},{"data":"Blood for Blood","floor":44,"key":"SMITH"},{"data":"Corruption","floor":49,"key":"SMITH"},{"data":"Evolve","floor":52,"key":"SMITH"}],"circlet_count":0,"master_deck":["AscendersBane","Defend_R+1","Defend_R+1","Bash","Impervious+1","Warcry+1","Shockwave+1","Cleave","Pommel Strike+1","Dark Embrace+1","Offering","Hemokinesis","Burning Pact","Fire Breathing","Exhume","Sentinel","Warcry+1","Ghostly","Ghostly","Ghostly","Ghostly","Ghostly","Dropkick","True Grit+1","Evolve+1","Whirlwind+1","Blood for Blood+1","Sentinel+1","Corruption+1","Intimidate+1","Rupture+1","Feed","Disarm+1","Ghostly Armor+1","Impervious+1","Seeing Red+1","Armaments+1","Power Through+1","Heavy Blade+1","Spot Weakness+1","Power Through+1","Warcry+1"],"relics":["Astrolabe","MealTicket","Prayer Wheel","Matryoshka","Runic Cube","OrangePellets","Red Mask","Juzu Bracelet","Blood Vial","Bottled Tornado","Shuriken","Potion Belt","Toxic Egg 2","Bag of Preparation","Runic Dome","Gambling Chip","Singing Bowl","MawBank","Eternal Feather","Incense Burner","Membership Card","Pen Nib"],"acts_visited":["Exordium","TheCity","TheBeyond","TheEnding"],"potions_floor_usage":[46,55],"damage_taken":[{"damage":12.0,"enemies":"Small Slimes","floor":1.0,"turns":5.0},{"damage":2.0,"enemies":"2 Louse","floor":3.0,"turns":4.0},{"damage":0.0,"enemies":"Cultist","floor":5.0,"turns":3.0},{"damage":1.0,"enemies":"3 Sentries","floor":8.0,"turns":5.0},{"damage":13.0,"enemies":"Lagavulin","floor":10.0,"turns":10.0},{"damage":6.0,"enemies":"Red Slaver","floor":12.0,"turns":3.0},{"damage":6.0,"enemies":"2 Fungi Beasts","floor":13.0,"turns":3.0},{"damage":14.0,"enemies":"Slime Boss","floor":16.0,"turns":6.0},{"damage":29.0,"enemies":"2 Thieves","floor":18.0,"turns":4.0},{"damage":11.0,"enemies":"Chosen","floor":20.0,"turns":6.0},{"damage":4.0,"enemies":"Masked Bandits","floor":22.0,"turns":3.0},{"damage":16.0,"enemies":"Book of Stabbing","floor":25.0,"turns":6.0},{"damage":8.0,"enemies":"3 Cultists","floor":27.0,"turns":6.0},{"damage":5.0,"enemies":"Slavers","floor":28.0,"turns":7.0},{"damage":2.0,"enemies":"Chosen and Byrds","floor":29.0,"turns":7.0},{"damage":6.0,"enemies":"Book of Stabbing","floor":30.0,"turns":6.0},{"damage":16.0,"enemies":"Automaton","floor":33.0,"turns":10.0},{"damage":0.0,"enemies":"Orb Walker","floor":35.0,"turns":2.0},{"damage":2.0,"enemies":"3 Darklings","floor":37.0,"turns":4.0},{"damage":6,"enemies":"Sphere and 2 Shapes","floor":39,"turns":2},{"damage":4,"enemies":"Giant Head","floor":41,"turns":5},{"damage":4,"enemies":"Jaw Worm Horde","floor":45,"turns":2},{"damage":8,"enemies":"Nemesis","floor":46,"turns":5},{"damage":2,"enemies":"Mind Bloom Boss Battle","floor":47,"turns":5},{"damage":3,"enemies":"Maw","floor":48,"turns":5},{"damage":10,"enemies":"Awakened One","floor":50,"turns":8},{"damage":15,"enemies":"Shield and Spear","floor":54,"turns":6},{"damage":13,"enemies":"The Heart","floor":55,"turns":6}],"seed_played":"-8043058980605388131","potions_obtained":[{"floor":3.0,"key":"EntropicBrew"},{"floor":5.0,"key":"ColorlessPotion"},{"floor":13.0,"key":"PowerPotion"},{"floor":20.0,"key":"AttackPotion"},{"floor":27.0,"key":"EssenceOfSteel"},{"floor":28.0,"key":"BlessingOfTheForge"},{"floor":33.0,"key":"DuplicationPotion"},{"floor":41,"key":"Block Potion"},{"floor":45,"key":"LiquidMemories"},{"floor":48,"key":"SpeedPotion"}],"is_trial":false,"path_per_floor":["M","?","M","?","M","R","?","E","T","E","$","M","M","$","R","B",null,"M","?","M","$","?","R","T","E","T","M","E","M","E","?","R","B",null,"M","?","M","$","M","R","E","R","T","R","M","E","?","M","R","B",null,"R","$","E","B",null],"character_chosen":"IRONCLAD","items_purchased":["Matryoshka","OrangePellets","Gambling Chip","Singing Bowl","Membership Card","Spot Weakness+1","Power Through+1","Energy Potion"],"campfire_rested":1,"item_purchase_floors":[11,21,38,38,53,53,53,53],"current_hp_per_floor":[60,44,42,42,42,42,42,41,41,28,43,37,31,46,46,32,68,39,39,28,40,36,36,36,22,22,16,13,13,9,9,21,7,32,37,37,40,46,48,48,51,51,51,59,58,57,63,65,76,73,81,83,83,75,64],"gold":40,"neow_bonus":"BOSS_RELIC","is_daily":false,"chose_seed":false,"campfire_upgraded":7,"win_rate":0.0,"timestamp":1611430117,"path_taken":["M","?","M","?","M","R","?","E","T","E","$","M","?","?","R","BOSS","M","?","M","$","?","R","?","E","T","M","E","M","E","?","R","BOSS","M","?","M","$","M","R","E","R","T","R","M","E","?","M","R","BOSS","R","$","E","BOSS"],"items_purchased_type":["Relic","Relic","Relic","Relic","Relic","Card","Card","Potion"],"build_version":"2020-12-22","purchased_purges":3,"victory":true,"max_hp_per_floor":[80,80,80,80,80,80,80,80,80,80,80,80,80,80,80,80,80,80,40,40,40,40,40,40,40,40,40,40,40,40,40,40,40,40,43,43,46,46,54,54,59,59,59,59,62,67,73,76,76,83,83,83,83,90,90],"relic_stats":{"Singing Bowl":8,"counters":[28,144],"Astrolabe":["Impervious","Warcry","Shockwave"],"Eternal Feather":21,"Pen Nib":[1],"Juzu Bracelet":1,"Bag of Preparation":[24],"MawBank":144,"Blood Vial":26,"OrangePellets":[7],"Shuriken":[42],"Gambling Chip":[36],"MealTicket":48,"Prayer Wheel":12,"obtain_stats":[{"Potion Belt":26,"Singing Bowl":38,"Astrolabe":0,"Eternal Feather":43,"Pen Nib":54,"Juzu Bracelet":24,"Bag of Preparation":30,"Incense Burner":47,"Bottled Tornado":25,"MawBank":41,"Burning Blood":0,"Blood Vial":24,"OrangePellets":21,"Runic Dome":34,"Matryoshka":11,"Shuriken":26,"Gambling Chip":38,"MealTicket":8,"Prayer Wheel":10,"Red Mask":22,"Membership Card":53,"Toxic Egg 2":28,"Runic Cube":17},{"Potion Belt":12,"Singing Bowl":19,"Astrolabe":0,"Eternal Feather":21,"Pen Nib":27,"Juzu Bracelet":11,"Bag of Preparation":16,"Incense Burner":24,"Bottled Tornado":12,"MawBank":21,"Burning Blood":0,"Blood Vial":11,"OrangePellets":10,"Runic Dome":17,"Matryoshka":5,"Shuriken":12,"Gambling Chip":19,"MealTicket":4,"Prayer Wheel":5,"Red Mask":11,"Membership Card":26,"Toxic Egg 2":14,"Runic Cube":8},{"Potion Belt":58,"Singing Bowl":100,"Astrolabe":0,"Eternal Feather":107,"Pen Nib":138,"Juzu Bracelet":52,"Bag of Preparation":84,"Incense Burner":119,"Bottled Tornado":58,"MawBank":107,"Burning Blood":0,"Blood Vial":52,"OrangePellets":49,"Runic Dome":94,"Matryoshka":27,"Shuriken":58,"Gambling Chip":100,"MealTicket":17,"Prayer Wheel":27,"Red Mask":52,"Membership Card":132,"Toxic Egg 2":71,"Runic Cube":39}],"Runic Cube":[94]},"card_choices":[{"not_picked":["Pommel Strike","Shrug It Off"],"picked":"Cleave","floor":1.0},{"not_picked":["Cleave","Shockwave","Thunderclap"],"picked":"SKIP","floor":3.0},{"not_picked":["Rage","Anger"],"picked":"Pommel Strike","floor":5.0},{"not_picked":["Havoc","Combust"],"picked":"Dark Embrace","floor":8.0},{"not_picked":["Heavy Blade","Infernal Blade","Perfected Strike"],"picked":"SKIP","floor":10.0},{"not_picked":["Iron Wave","Searing Blow"],"picked":"Offering","floor":12.0},{"not_picked":["Heavy Blade","Shrug It Off"],"picked":"Hemokinesis","floor":12.0},{"not_picked":["True Grit","Pummel"],"picked":"Burning Pact","floor":13.0},{"not_picked":["Sword Boomerang","Inflame"],"picked":"Fire Breathing","floor":13.0},{"not_picked":["Limit Break","Barricade"],"picked":"Exhume","floor":16.0},{"not_picked":["Clash","Reckless Charge"],"picked":"Sentinel","floor":18.0},{"not_picked":["Clash","Cleave+1"],"picked":"Warcry+1","floor":18.0},{"not_picked":["Intimidate","Body Slam"],"picked":"Dropkick","floor":20.0},{"not_picked":["Evolve","Rampage"],"picked":"True Grit","floor":20.0},{"not_picked":["Thunderclap+1","Clothesline+1"],"picked":"Evolve","floor":25.0},{"not_picked":["Blood for Blood+1","Dark Embrace+1"],"picked":"Whirlwind","floor":27.0},{"not_picked":["Rage","Wild Strike"],"picked":"Blood for Blood","floor":27.0},{"not_picked":["Inflame+1","Armaments+1"],"picked":"Sentinel+1","floor":28.0},{"not_picked":["Inflame","Body Slam"],"picked":"Corruption","floor":29.0},{"not_picked":["Second Wind+1","Fire Breathing+1"],"picked":"Intimidate+1","floor":29.0},{"not_picked":["Clothesline","Twin Strike"],"picked":"Rupture+1","floor":30.0},{"not_picked":["Corruption","Limit Break+1"],"picked":"Feed","floor":33.0},{"not_picked":["Iron Wave","Flex+1"],"picked":"Disarm+1","floor":35.0},{"not_picked":["Warcry+1","Clothesline","Twin Strike"],"picked":"SKIP","floor":35.0},{"not_picked":["Battle Trance+1","Metallicize+1"],"picked":"Ghostly Armor+1","floor":37.0},{"not_picked":["Anger","Carnage+1","Body Slam"],"picked":"SKIP","floor":37.0},{"not_picked":["Perfected Strike","Pommel Strike","Heavy Blade+1"],"picked":"Singing Bowl","floor":39},{"not_picked":["Spot Weakness+1","Blood for Blood"],"picked":"Impervious+1","floor":39},{"not_picked":["Pommel Strike","Twin Strike","Havoc+1"],"picked":"Singing Bowl","floor":41},{"not_picked":["Bludgeon","Inflame+1"],"picked":"Seeing Red+1","floor":45},{"not_picked":["Headbutt","Sword Boomerang"],"picked":"Armaments+1","floor":45},{"not_picked":["Fiend Fire","Heavy Blade","Sword Boomerang+1"],"picked":"Singing Bowl","floor":46},{"not_picked":["Twin Strike","Sword Boomerang","Evolve"],"picked":"Singing Bowl","floor":47},{"not_picked":["Heavy Blade+1","Fiend Fire"],"picked":"Power Through+1","floor":48},{"not_picked":["Dropkick+1","Reckless Charge"],"picked":"Heavy Blade+1","floor":48},{"not_picked":["Wild Strike+1","Whirlwind"],"picked":"Warcry+1","floor":54}],"player_experience":489302,"relics_obtained":[{"floor":8.0,"key":"MealTicket"},{"floor":10.0,"key":"Prayer Wheel"},{"floor":22.0,"key":"Red Mask"},{"floor":24.0,"key":"Juzu Bracelet"},{"floor":24.0,"key":"Blood Vial"},{"floor":25.0,"key":"Bottled Tornado"},{"floor":26.0,"key":"Shuriken"},{"floor":26.0,"key":"Potion Belt"},{"floor":28.0,"key":"Toxic Egg 2"},{"floor":30.0,"key":"Bag of Preparation"},{"floor":41,"key":"MawBank"},{"floor":43,"key":"Eternal Feather"},{"floor":47,"key":"Incense Burner"},{"floor":54,"key":"Pen Nib"}],"event_choices":[{"damage_healed":60.0,"max_hp_gain":0.0,"max_hp_loss":80.0,"gold_gain":0.0,"event_name":"betterThird:BetterShining","player_choice":"Upgrade","floor":2.0,"gold_loss":0.0,"damage_taken":16.0,"cards_upgraded":["Defend_R","Defend_R"]},{"cards_removed":["Defend_R"],"damage_healed":0.0,"max_hp_gain":0.0,"max_hp_loss":0.0,"gold_gain":0.0,"event_name":"Living Wall","player_choice":"Forget","floor":4.0,"gold_loss":0.0,"damage_taken":0.0},{"damage_healed":0.0,"max_hp_gain":0.0,"max_hp_loss":0.0,"gold_gain":100.0,"event_name":"Golden Shrine","player_choice":"Pray","floor":7.0,"gold_loss":0.0,"damage_taken":0.0},{"damage_healed":0.0,"max_hp_gain":0.0,"max_hp_loss":40.0,"gold_gain":0.0,"event_name":"Ghosts","player_choice":"Became a Ghost","floor":19.0,"gold_loss":0.0,"damage_taken":0.0,"cards_obtained":["Ghostly","Ghostly","Ghostly","Ghostly","Ghostly"]},{"damage_healed":0.0,"max_hp_gain":0.0,"max_hp_loss":0.0,"gold_gain":0.0,"event_name":"Masked Bandits","player_choice":"Fought Bandits","floor":22.0,"gold_loss":0.0,"damage_taken":0.0},{"damage_healed":0.0,"max_hp_gain":0.0,"max_hp_loss":0.0,"gold_gain":0.0,"event_name":"Vampires","player_choice":"Ignored","floor":31.0,"gold_loss":0.0,"damage_taken":0.0},{"damage_healed":0.0,"max_hp_gain":0.0,"max_hp_loss":0.0,"gold_gain":0.0,"event_name":"WeMeetAgain","player_choice":"Ignored","floor":36.0,"gold_loss":0.0,"damage_taken":0.0},{"damage_healed":0,"gold_gain":0,"player_choice":"Fight","damage_taken":0,"max_hp_gain":0,"max_hp_loss":0,"event_name":"MindBloom","floor":47,"gold_loss":0}],"is_beta":false,"boss_relics":[{"not_picked":["Busted Crown","Empty Cage"],"picked":"Runic Cube"},{"not_picked":["Tiny House","Pandora\u0027s Box"],"picked":"Runic Dome"}],"items_purged_floors":[11,21,53],"is_endless":false,"potions_floor_spawned":[3,5,13,20,27,28,33,41,45,48],"ascension_level":10}}