{"host":"q0qnzbgdx8oqogg9","time":1611384665,"event":{"mods":["BaseMod","Minty Spire (QoL Compilation)","StSLib"],"gold_per_floor":[115,115,135,150,162,162,185,185,208,240,415,22,34,52,52,150,150,166,186,186,205,205,239,1,35,59,71,81,98,130,130,130,226,226,238,238,238,4,14,27,61,73,121,151,161,173,55,85,85,85],"floor_reached":51,"language":"ENG","playtime":2608,"items_purged":["Doubt"],"score":1131,"play_id":"6a59832e-17ac-4755-8449-27115ceb22df","local_time":"20210123015105","is_ascension_mode":true,"campfire_choices":[{"data":"Streamline","floor":6.0,"key":"SMITH"},{"data":"Hologram","floor":8.0,"key":"SMITH"},{"data":"Apotheosis","floor":15.0,"key":"SMITH"},{"data":"Machine Learning","floor":32,"key":"SMITH"},{"data":"Seek","floor":49,"key":"SMITH"}],"circlet_count":0,"master_deck":["Strike_B","Defend_B","Defend_B","Zap","Dualcast","Self Repair","Fission","Leap","Streamline+1","Hologram+1","Sweeping Beam","Biased Cognition+1","Apotheosis+1","Rebound","Capacitor","Machine Learning+1","Defragment+1","Melter+1","Chill+1","Barrage+1","Seek+1","Barrage","FTL","Defragment","Electrodynamics","Beam Cell","BootSequence+1","Sweeping Beam+1","Defragment+1","Streamline+1"],"relics":["FrozenCore","Odd Mushroom","Regal Pillow","Vajra","DataDisk","The Courier","ClockworkSouvenir","Ancient Tea Set","Art of War","Lantern","Bottled Flame","Coffee Dripper","Bottled Lightning","HornCleat","Potion Belt","Ginger","Sling","Blue Candle"],"acts_visited":["Exordium","TheCity","TheBeyond"],"potions_floor_usage":[],"damage_taken":[{"damage":0.0,"enemies":"Small Slimes","floor":1.0,"turns":3.0},{"damage":0.0,"enemies":"2 Louse","floor":3.0,"turns":3.0},{"damage":2.0,"enemies":"Jaw Worm","floor":4.0,"turns":4.0},{"damage":12.0,"enemies":"Red Slaver","floor":5.0,"turns":4.0},{"damage":10.0,"enemies":"The Mushroom Lair","floor":7.0,"turns":4.0},{"damage":12.0,"enemies":"Lagavulin","floor":10.0,"turns":7.0},{"damage":4.0,"enemies":"2 Fungi Beasts","floor":13.0,"turns":4.0},{"damage":15.0,"enemies":"Lots of Slimes","floor":14.0,"turns":6.0},{"damage":23.0,"enemies":"The Guardian","floor":16.0,"turns":12.0},{"damage":0.0,"enemies":"Chosen","floor":18.0,"turns":7.0},{"damage":0.0,"enemies":"Spheric Guardian","floor":19.0,"turns":5.0},{"damage":13.0,"enemies":"Shelled Parasite and Fungi","floor":21.0,"turns":5.0},{"damage":15.0,"enemies":"Book of Stabbing","floor":23.0,"turns":7.0},{"damage":25,"enemies":"Slavers","floor":25,"turns":7},{"damage":1,"enemies":"Chosen and Byrds","floor":27,"turns":6},{"damage":18,"enemies":"Snake Plant","floor":28,"turns":5},{"damage":5,"enemies":"Centurion and Healer","floor":29,"turns":6},{"damage":1,"enemies":"Gremlin Leader","floor":30,"turns":8},{"damage":2,"enemies":"Automaton","floor":33,"turns":11},{"damage":0,"enemies":"Orb Walker","floor":35,"turns":4},{"damage":0,"enemies":"3 Shapes","floor":39,"turns":5},{"damage":3,"enemies":"Maw","floor":40,"turns":7},{"damage":7,"enemies":"Nemesis","floor":41,"turns":8},{"damage":0,"enemies":"4 Shapes","floor":42,"turns":4},{"damage":0,"enemies":"Giant Head","floor":44,"turns":8},{"damage":0,"enemies":"Spire Growth","floor":45,"turns":7},{"damage":0,"enemies":"Jaw Worm Horde","floor":46,"turns":5},{"damage":0,"enemies":"Nemesis","floor":48,"turns":7},{"damage":3,"enemies":"Time Eater","floor":50,"turns":13}],"seed_played":"8366615566713852620","potions_obtained":[{"floor":4.0,"key":"SpeedPotion"},{"floor":5.0,"key":"BlessingOfTheForge"},{"floor":7.0,"key":"LiquidBronze"},{"floor":14.0,"key":"FocusPotion"},{"floor":29,"key":"AttackPotion"},{"floor":40,"key":"Fruit Juice"},{"floor":46,"key":"Energy Potion"}],"is_trial":false,"path_per_floor":["M","?","M","M","M","R","?","R","T","E","?","$","M","M","R","B",null,"M","M","?","M","?","E","$","E","T","M","M","M","E","T","R","B",null,"M","?","?","$","M","M","E","M","T","E","M","M","$","E","R","B",null],"character_chosen":"DEFECT","items_purchased":["Apotheosis","DataDisk","ClockworkSouvenir","Seek","Bottled Lightning","Beam Cell","Sling"],"campfire_rested":0,"item_purchase_floors":[12,12,24,24,38,38,47],"current_hp_per_floor":[57,50,57,62,57,57,47,47,47,42,42,42,48,43,43,30,64,74,74,74,61,61,56,56,38,38,47,39,44,53,53,53,61,72,72,72,72,72,75,75,75,75,75,75,75,75,75,75,75,75],"gold":85,"neow_bonus":"TRANSFORM_TWO_CARDS","is_daily":false,"chose_seed":false,"campfire_upgraded":5,"win_rate":0.0,"timestamp":1611384665,"path_taken":["M","?","M","M","M","R","?","R","T","E","?","$","M","M","R","BOSS","M","M","?","?","?","E","$","E","T","M","M","?","E","?","R","BOSS","M","?","?","$","M","?","E","M","T","E","M","M","$","E","R","BOSS"],"items_purchased_type":["Card","Relic","Relic","Card","Relic","Card","Relic"],"build_version":"2020-12-22","purchased_purges":1,"victory":true,"max_hp_per_floor":[75,75,75,75,75,75,75,75,75,75,75,75,75,75,75,75,75,75,75,75,75,75,75,75,75,75,75,75,75,75,75,75,75,75,75,75,75,75,75,75,75,75,75,75,75,75,75,75,75,75],"card_choices":[{"not_picked":["Conserve Battery","Barrage"],"picked":"Leap","floor":1.0},{"not_picked":["Stack","Leap","Aggregate"],"picked":"SKIP","floor":3.0},{"not_picked":["Compile Driver","Consume"],"picked":"Streamline","floor":4.0},{"not_picked":["Darkness","Coolheaded"],"picked":"Hologram","floor":5.0},{"not_picked":["Streamline","Auto Shields"],"picked":"Sweeping Beam","floor":7.0},{"not_picked":["Barrage","Steam Power"],"picked":"Biased Cognition","floor":10.0},{"not_picked":["Redo","Compile Driver"],"picked":"Rebound","floor":13.0},{"not_picked":["Barrage","Tempest"],"picked":"Capacitor","floor":14.0},{"not_picked":["Reboot","Multi-Cast"],"picked":"Machine Learning","floor":16.0},{"not_picked":["Turbo","Sweeping Beam+1"],"picked":"Defragment","floor":18.0},{"not_picked":["Barrage","Stack"],"picked":"Melter+1","floor":19.0},{"not_picked":["Sunder","Compile Driver"],"picked":"Chill+1","floor":21.0},{"not_picked":["Undo+1","FTL"],"picked":"Barrage+1","floor":23.0},{"not_picked":["Ball Lightning","Sweeping Beam","Coolheaded+1"],"picked":"SKIP","floor":25},{"not_picked":["Heatsinks","Force Field"],"picked":"Barrage","floor":27},{"not_picked":["Coolheaded","Streamline"],"picked":"FTL","floor":28},{"not_picked":["Aggregate","Skim","Leap"],"picked":"SKIP","floor":29},{"not_picked":["Turbo","Recycle"],"picked":"Defragment","floor":30},{"not_picked":["Biased Cognition","All For One"],"picked":"Electrodynamics","floor":33},{"not_picked":["Lockon","Steam+1","Auto Shields+1"],"picked":"SKIP","floor":35},{"not_picked":["Static Discharge","Double Energy+1","Ball Lightning+1"],"picked":"SKIP","floor":39},{"not_picked":["Streamline","Ball Lightning"],"picked":"BootSequence+1","floor":40},{"not_picked":["Redo+1","Steam+1"],"picked":"Sweeping Beam+1","floor":41},{"not_picked":["Chaos+1","Go for the Eyes+1","Redo+1"],"picked":"SKIP","floor":42},{"not_picked":["Sunder+1","Go for the Eyes"],"picked":"Defragment+1","floor":44},{"not_picked":["Leap","Static Discharge","Melter+1"],"picked":"SKIP","floor":45},{"not_picked":["Doom and Gloom","Turbo+1","Thunder Strike"],"picked":"SKIP","floor":46},{"not_picked":["Core Surge","Go for the Eyes+1"],"picked":"Streamline+1","floor":48}],"player_experience":271554,"relics_obtained":[{"floor":7.0,"key":"Odd Mushroom"},{"floor":9.0,"key":"Regal Pillow"},{"floor":10.0,"key":"Vajra"},{"floor":23.0,"key":"The Courier"},{"floor":25,"key":"Ancient Tea Set"},{"floor":26,"key":"Art of War"},{"floor":30,"key":"Lantern"},{"floor":31,"key":"Bottled Flame"},{"floor":41,"key":"HornCleat"},{"floor":43,"key":"Potion Belt"},{"floor":44,"key":"Ginger"},{"floor":48,"key":"Blue Candle"}],"event_choices":[{"cards_removed":["Defend_B"],"damage_healed":0.0,"max_hp_gain":0.0,"max_hp_loss":0.0,"gold_gain":0.0,"event_name":"Golden Wing","player_choice":"Card Removal","floor":2.0,"gold_loss":0.0,"damage_taken":7.0},{"damage_healed":0.0,"max_hp_gain":0.0,"max_hp_loss":0.0,"gold_gain":0.0,"event_name":"Mushrooms","player_choice":"Fought Mushrooms","floor":7.0,"gold_loss":0.0,"damage_taken":0.0},{"damage_healed":0.0,"max_hp_gain":0.0,"max_hp_loss":0.0,"gold_gain":175.0,"event_name":"Liars Game","player_choice":"AGREE","floor":11.0,"gold_loss":0.0,"damage_taken":0.0,"cards_obtained":["Doubt"]},{"damage_healed":0.0,"max_hp_gain":0.0,"max_hp_loss":0.0,"gold_gain":0.0,"event_name":"Upgrade Shrine","player_choice":"Upgraded","floor":20.0,"gold_loss":0.0,"damage_taken":0.0,"cards_upgraded":["Defragment"]},{"cards_removed":["Strike_B"],"damage_healed":0.0,"max_hp_gain":0.0,"max_hp_loss":0.0,"gold_gain":0.0,"event_name":"Purifier","player_choice":"Purged","floor":22.0,"gold_loss":0.0,"damage_taken":0.0},{"cards_removed":["Strike_B"],"damage_healed":0,"gold_gain":0,"player_choice":"Removed Attack","damage_taken":0,"max_hp_gain":0,"max_hp_loss":0,"event_name":"Falling","floor":36,"gold_loss":0},{"damage_healed":0,"gold_gain":0,"player_choice":"Forge","damage_taken":0,"max_hp_gain":0,"max_hp_loss":0,"event_name":"Accursed Blacksmith","floor":37,"gold_loss":0,"cards_upgraded":["Biased Cognition"]}],"is_beta":false,"boss_relics":[{"not_picked":["Sozu","Inserter"],"picked":"FrozenCore"},{"not_picked":["Tiny House","Snecko Eye"],"picked":"Coffee Dripper"}],"items_purged_floors":[12],"is_endless":false,"potions_floor_spawned":[4,5,7,14,18,23,29,39,40,42,46],"ascension_level":7}}