{"host":"kywtqy4o43fs5yna","time":1611442759,"event":{"mods":["AchievementEnabler","Act Like it!","BaseMod","Better Note","BetterRewards","Colored Map","Downfall","Minty Spire (QoL Compilation)","Quick Restart","Rare Cards Sparkle","StSLib"],"gold_per_floor":[115,115,133,40,53,85,102,135,135,135,161,54,54,86,86,186,186,200,14,32,49,49,49,77,77,100,115,115,125,138,151,151,151,151],"floor_reached":33,"language":"RUS","playtime":2111,"items_purged":[],"score":484,"play_id":"9c38df87-45ee-47d9-8cfe-04097d939583","local_time":"20210124085919","is_ascension_mode":true,"campfire_choices":[{"data":"Fire Breathing","floor":10,"key":"SMITH"},{"floor":13,"key":"RECALL"},{"data":"Spot Weakness","floor":15,"key":"SMITH"},{"data":"Reaper","floor":23,"key":"SMITH"},{"data":"champ:TripleStrike","floor":25,"key":"SMITH"},{"data":"Discovery","floor":32,"key":"SMITH"}],"circlet_count":0,"master_deck":["Strike_R","Strike_R","Strike_R+1","Strike_R+1","Strike_R","Defend_R","Defend_R","Defend_R","Bash","Shrug It Off","Fire Breathing+1","Wild Strike","Discovery+1","Spot Weakness+1","Reckless Charge","Headbutt","Wild Strike","Wild Strike","Metallicize+1","Reckless Charge","Carnage","Reaper+1","Anger+1","Combust+1","champ:FanOfKnives+1","FollowUp+1","Pain","champ:TripleStrike+1","Dagger Throw","champ:EndlessRage+1","Echo Form+1","Wild Strike"],"relics":["Burning Blood","Thread and Needle","Whetstone","Vajra","Frozen Egg 2","Odd Mushroom","Incense Burner","Sozu","PrismaticShard","WarpedTongs","Calipers","Art of War"],"acts_visited":["Exordium","TheCity"],"potions_floor_usage":[6,33],"damage_taken":[{"damage":0,"enemies":"Jaw Worm","floor":1,"turns":4},{"damage":0,"enemies":"Cultist","floor":3,"turns":5},{"damage":0,"enemies":"Small Slimes","floor":5,"turns":2},{"damage":6,"enemies":"3 Sentries","floor":6,"turns":5},{"damage":5,"enemies":"Exordium Wildlife","floor":7,"turns":4},{"damage":8,"enemies":"Lagavulin","floor":8,"turns":5},{"damage":12,"enemies":"The Mushroom Lair","floor":11,"turns":4},{"damage":3,"enemies":"3 Sentries","floor":14,"turns":6},{"damage":0,"enemies":"Slime Boss","floor":16,"turns":5},{"damage":6,"enemies":"Spheric Guardian","floor":18,"turns":4},{"damage":6,"enemies":"Shell Parasite","floor":20,"turns":2},{"damage":12,"enemies":"Sentry and Sphere","floor":21,"turns":5},{"damage":21,"enemies":"Slavers","floor":24,"turns":3},{"damage":40,"enemies":"Shelled Parasite and Fungi","floor":27,"turns":4},{"damage":24,"enemies":"Centurion and Healer","floor":29,"turns":3},{"damage":6,"enemies":"Snecko","floor":30,"turns":3},{"damage":16,"enemies":"Shelled Parasite and Fungi","floor":31,"turns":4},{"damage":74,"enemies":"Automaton","floor":33,"turns":6}],"seed_played":"9143923647747695238","potions_obtained":[{"floor":1,"key":"FearPotion"},{"floor":3,"key":"SkillPotion"},{"floor":5,"key":"Guardian:BlockOnCardUsePotion"}],"is_trial":false,"path_per_floor":["M","?","M","$","M","E","M","E","T","R","?","$","R","E","R","B",null,"M","$","M","M","?","R","E","R","T","M","T","M","M","M","R","B"],"character_chosen":"IRONCLAD","items_purchased":["Shrug It Off","Discovery","Metallicize+1","Reckless Charge","PrismaticShard","Combust+1"],"campfire_rested":0,"item_purchase_floors":[0,4,12,12,19,19],"current_hp_per_floor":[75,75,80,80,80,80,80,78,78,78,72,72,72,75,75,80,80,80,80,80,74,74,74,59,59,59,40,40,37,47,37,37,0,0],"gold":151,"neow_bonus":"","is_daily":false,"chose_seed":false,"campfire_upgraded":5,"win_rate":0.0,"timestamp":1611442759,"path_taken":["M","?","M","?","?","E","M","E","T","R","?","$","R","E","R","BOSS","M","$","M","M","?","R","E","R","T","M","?","M","M","M","R","BOSS"],"items_purchased_type":["Card","Card","Card","Card","Relic","Card"],"build_version":"2020-12-22","purchased_purges":0,"victory":false,"max_hp_per_floor":[80,80,80,80,80,80,80,80,80,80,80,80,80,80,80,80,80,80,80,80,80,80,80,80,80,80,80,80,80,80,80,80,80,80],"card_choices":[{"not_picked":["Shrug It Off","Hemokinesis"],"picked":"Fire Breathing","floor":1},{"not_picked":["Shrug It Off","Inflame"],"picked":"Wild Strike","floor":3},{"not_picked":["Perfected Strike","Carnage"],"picked":"Spot Weakness","floor":5},{"not_picked":["Thunderclap","Warcry"],"picked":"Reckless Charge","floor":6},{"not_picked":["Entrench","Uppercut"],"picked":"Headbutt","floor":7},{"not_picked":["Second Wind","Clothesline"],"picked":"Wild Strike","floor":8},{"not_picked":["Dropkick","Burning Pact"],"picked":"Wild Strike","floor":11},{"not_picked":["Anger","Warcry"],"picked":"Carnage","floor":14},{"not_picked":["Brutality+1","Offering"],"picked":"Reaper","floor":16},{"not_picked":["True Grit","Warcry"],"picked":"Anger+1","floor":18},{"not_picked":["hexamod:BurningTouch+1","Guardian:Incinerate"],"picked":"champ:FanOfKnives+1","floor":20},{"not_picked":["Melter","sneckomod:UnknownClassGUARDIAN+1"],"picked":"FollowUp+1","floor":21},{"not_picked":["bronze:Philosophize","SandsOfTime"],"picked":"champ:TripleStrike","floor":24},{"not_picked":["Guardian:Harden","Body Slam"],"picked":"Dagger Throw","floor":27},{"not_picked":["hexamod:PhantomCloak+1","Dagger Throw+1"],"picked":"champ:EndlessRage+1","floor":29},{"not_picked":["Backflip","hexamod:RetreatToShadows"],"picked":"Echo Form+1","floor":30},{"not_picked":["sneckomod:Unknown1Cost","bronze:Turbo"],"picked":"Wild Strike","floor":31}],"player_experience":171301,"relics_obtained":[{"floor":6,"key":"Whetstone"},{"floor":8,"key":"Vajra"},{"floor":9,"key":"Frozen Egg 2"},{"floor":11,"key":"Odd Mushroom"},{"floor":14,"key":"Incense Burner"},{"floor":24,"key":"Calipers"},{"floor":28,"key":"Art of War"}],"event_choices":[{"cards_removed":["Defend_R"],"damage_healed":0,"gold_gain":0,"player_choice":"Purged","damage_taken":0,"max_hp_gain":0,"max_hp_loss":0,"event_name":"Purifier","floor":2,"gold_loss":0},{"damage_healed":0,"gold_gain":0,"player_choice":"Fought Mushrooms","damage_taken":0,"max_hp_gain":0,"max_hp_loss":0,"event_name":"Mushrooms","floor":11,"gold_loss":0},{"damage_healed":0,"gold_gain":0,"player_choice":"Rummage","damage_taken":0,"relics_obtained":["WarpedTongs"],"max_hp_gain":0,"max_hp_loss":0,"event_name":"Accursed Blacksmith","floor":22,"gold_loss":0,"cards_obtained":["Pain"]}],"is_beta":false,"boss_relics":[{"not_picked":["Runic Pyramid","Tiny House"],"picked":"Sozu"}],"items_purged_floors":[],"is_endless":false,"potions_floor_spawned":[1,3,5,21,24,29,31],"killed_by":"Automaton","ascension_level":1}}