{"host":"c3lc60y5x60jlt1y","time":1611427979,"event":{"mods":["AchievementEnabler","BaseMod","Bestiary","Colored Map","Minty Spire (QoL Compilation)","Quick Restart","StSLib","ojb\u0027s Info Mod"],"gold_per_floor":[114,125,125,50,50,80,99,99,124,199,36,55,55,95,95,95,95],"floor_reached":16,"language":"ENG","playtime":519,"items_purged":[],"score":278,"play_id":"94c2dd78-5359-4620-83b0-969f10a743dd","local_time":"20210123205259","is_ascension_mode":true,"campfire_choices":[{"data":"Genetic Algorithm","floor":8.0,"key":"SMITH"},{"data":"Beam Cell","floor":13.0,"key":"SMITH"},{"data":"White Noise","floor":15.0,"key":"SMITH"}],"circlet_count":0,"master_deck":["AscendersBane","Strike_B","Strike_B","Strike_B","Defend_B","Defend_B","Defend_B","Zap","Dualcast","Beam Cell+1","Genetic Algorithm+1","Skim","White Noise+1","Go for the Eyes","Defragment"],"relics":["Cracked Core","NeowsBlessing","Pen Nib","CeramicFish","Bag of Preparation","Mango"],"acts_visited":["Exordium"],"potions_floor_usage":[],"damage_taken":[{"damage":0.0,"enemies":"Jaw Worm","floor":1.0,"turns":1.0},{"damage":0.0,"enemies":"2 Louse","floor":2.0,"turns":1.0},{"damage":0.0,"enemies":"Gremlin Nob","floor":6.0,"turns":1.0},{"damage":0.0,"enemies":"Small Slimes","floor":7.0,"turns":2.0},{"damage":13.0,"enemies":"Looter","floor":12.0,"turns":4.0},{"damage":24.0,"enemies":"3 Sentries","floor":14.0,"turns":6.0},{"damage":20,"enemies":"Slime Boss","floor":16,"turns":7}],"seed_played":"-2865116544745282570","potions_obtained":[{"floor":7.0,"key":"AttackPotion"},{"floor":12.0,"key":"Regen Potion"}],"is_trial":false,"path_per_floor":["M","M","?","?","?","E","M","R","T","?","$","M","R","E","R","B"],"character_chosen":"DEFECT","items_purchased":["Bag of Preparation"],"campfire_rested":0,"item_purchase_floors":[11],"current_hp_per_floor":[64,64,69,69,62,62,62,62,62,51,51,38,38,43,43,23,23],"gold":95,"neow_bonus":"THREE_ENEMY_KILL","is_daily":false,"chose_seed":false,"campfire_upgraded":3,"win_rate":0.0,"timestamp":1611427979,"path_taken":["M","M","?","?","?","E","M","R","T","?","?","M","R","E","R","BOSS"],"items_purchased_type":["Relic"],"build_version":"2020-12-22","purchased_purges":0,"victory":false,"max_hp_per_floor":[71,71,76,76,76,76,76,76,76,76,76,76,76,90,90,90,90],"card_choices":[{"not_picked":["Rebound","Tempest"],"picked":"Beam Cell","floor":1.0},{"not_picked":["Conserve Battery","Turbo"],"picked":"Genetic Algorithm","floor":2.0},{"not_picked":["Reprogram","Conserve Battery"],"picked":"Skim","floor":6.0},{"not_picked":["Conserve Battery","Redo"],"picked":"White Noise","floor":7.0},{"not_picked":["Rebound","Doom and Gloom"],"picked":"Go for the Eyes","floor":12.0},{"not_picked":["Heatsinks","FTL"],"picked":"Defragment","floor":14.0}],"player_experience":8438877,"relics_obtained":[{"floor":6.0,"key":"Pen Nib"},{"floor":9.0,"key":"CeramicFish"},{"floor":14.0,"key":"Mango"}],"event_choices":[{"damage_healed":0.0,"max_hp_gain":5.0,"max_hp_loss":0.0,"gold_gain":0.0,"event_name":"Big Fish","player_choice":"Donut","floor":3.0,"gold_loss":0.0,"damage_taken":0.0},{"cards_removed":["Defend_B"],"damage_healed":0.0,"max_hp_gain":0.0,"max_hp_loss":0.0,"gold_gain":0.0,"event_name":"The Cleric","player_choice":"Card Removal","floor":4.0,"gold_loss":75.0,"damage_taken":0.0},{"cards_removed":["Strike_B"],"damage_healed":0.0,"max_hp_gain":0.0,"max_hp_loss":0.0,"gold_gain":0.0,"event_name":"Golden Wing","player_choice":"Card Removal","floor":5.0,"gold_loss":0.0,"damage_taken":7.0},{"damage_healed":0.0,"max_hp_gain":0.0,"max_hp_loss":0.0,"gold_gain":75.0,"event_name":"World of Goop","player_choice":"Gather Gold","floor":10.0,"gold_loss":0.0,"damage_taken":11.0}],"is_beta":false,"boss_relics":[],"items_purged_floors":[],"is_endless":false,"potions_floor_spawned":[7,12],"killed_by":"Slime Boss","ascension_level":18}}