{"host":"kywtqy4o43fs5yna","time":1611440642,"event":{"mods":["AchievementEnabler","Act Like it!","BaseMod","Better Note","BetterRewards","Colored Map","Downfall","Minty Spire (QoL Compilation)","Quick Restart","Rare Cards Sparkle","StSLib"],"gold_per_floor":[113,131,150,225,242,242,276,203,203,229,229,242,254,429,429,533,533,551,826,826,826,851,851,885,898,921,953,480,480,480],"floor_reached":29,"language":"RUS","playtime":993,"items_purged":[],"score":337,"play_id":"ffa62381-edf3-483b-a808-b1d46b3b9d32","local_time":"20210124082402","is_ascension_mode":true,"campfire_choices":[{"data":"Fire Breathing","floor":6,"key":"SMITH"},{"data":"Metallicize","floor":11,"key":"SMITH"},{"data":"Iron Wave","floor":15,"key":"SMITH"},{"data":"Wild Strike","floor":23,"key":"SMITH"}],"circlet_count":0,"master_deck":["Strike_R","Strike_R","Strike_R","Strike_R","Strike_R","Defend_R","Defend_R","Defend_R","Defend_R","Bash","Wild Strike+1","Sword Boomerang","Carnage","Fire Breathing+1","Hemokinesis","Metallicize+1","Iron Wave+1","Cleave","Twin Strike","Doubt","Berserk+1","Spot Weakness+1","Regret","Heavy Blade+1","Hemokinesis","Rupture+1","Evolve+1"],"relics":["Burning Blood","NeowsBlessing","Bottled Tornado","Frozen Egg 2","Boot","Mark of Pain","Blood Vial","Toxic Egg 2","Orichalcum","Pen Nib","Vajra","Mercury Hourglass"],"acts_visited":["Exordium","TheCity"],"potions_floor_usage":[7,16,16,18,27],"damage_taken":[{"damage":0,"enemies":"Jaw Worm","floor":1,"turns":1},{"damage":0,"enemies":"2 Louse","floor":2,"turns":1},{"damage":0,"enemies":"Small Slimes","floor":3,"turns":1},{"damage":10,"enemies":"Looter","floor":5,"turns":2},{"damage":23,"enemies":"Lagavulin","floor":7,"turns":5},{"damage":17,"enemies":"3 Sentries","floor":10,"turns":4},{"damage":11,"enemies":"3 Louse","floor":12,"turns":3},{"damage":17,"enemies":"Large Slime","floor":13,"turns":5},{"damage":0,"enemies":"Slime Boss","floor":16,"turns":5},{"damage":13,"enemies":"2 Thieves","floor":18,"turns":3},{"damage":49,"enemies":"Slavers","floor":24,"turns":3},{"damage":15,"enemies":"Spheric Guardian","floor":25,"turns":4},{"damage":8,"enemies":"Book of Stabbing","floor":27,"turns":2},{"damage":28,"enemies":"Slavers","floor":29,"turns":2}],"seed_played":"6270084577195906758","potions_obtained":[{"floor":2,"key":"BlessingOfTheForge"},{"floor":7,"key":"SteroidPotion"},{"floor":10,"key":"ColorlessPotion"},{"floor":13,"key":"LiquidMemories"},{"floor":16,"key":"SkillPotion"},{"floor":18,"key":"SkillPotion"},{"floor":27,"key":"Explosive Potion"}],"is_trial":false,"path_per_floor":["M","M","M","?","M","R","E","$","T","E","R","M","M","?","R","B",null,"M","?","?","?","T","R","E","M","T","E","$","E"],"character_chosen":"IRONCLAD","items_purchased":["Metallicize","Vajra","Mercury Hourglass","Evolve+1"],"campfire_rested":0,"item_purchase_floors":[8,28,28,28],"current_hp_per_floor":[80,80,80,69,65,65,48,48,48,37,37,32,21,21,21,27,80,73,73,73,73,73,73,32,25,25,25,25,0,0],"gold":480,"neow_bonus":"THREE_ENEMY_KILL","is_daily":false,"chose_seed":false,"campfire_upgraded":4,"win_rate":0.0,"timestamp":1611440642,"path_taken":["M","M","M","?","M","R","E","$","T","E","R","M","M","?","R","BOSS","M","?","?","?","?","R","E","M","T","E","$","E"],"items_purchased_type":["Card","Relic","Relic","Card"],"build_version":"2020-12-22","purchased_purges":0,"victory":false,"max_hp_per_floor":[80,80,80,80,80,80,80,80,80,80,80,80,80,80,80,80,80,80,80,80,80,80,80,80,80,80,80,80,80,80],"card_choices":[{"not_picked":["Headbutt","Dropkick"],"picked":"Wild Strike","floor":1},{"not_picked":["Thunderclap","Searing Blow"],"picked":"Sword Boomerang","floor":2},{"not_picked":["Iron Wave","Shrug It Off"],"picked":"Carnage","floor":3},{"not_picked":["Armaments","Bloodletting"],"picked":"Fire Breathing","floor":5},{"not_picked":["Dark Embrace","Rage"],"picked":"Hemokinesis","floor":7},{"not_picked":["Corruption+1","Clothesline"],"picked":"Iron Wave","floor":10},{"not_picked":["Sword Boomerang","Seeing Red"],"picked":"Cleave","floor":12},{"not_picked":["Pommel Strike","Sword Boomerang"],"picked":"Twin Strike","floor":13},{"not_picked":["Reaper","Impervious"],"picked":"Berserk+1","floor":16},{"not_picked":["Rupture+1","Headbutt"],"picked":"Spot Weakness+1","floor":18},{"not_picked":["Iron Wave+1","Hemokinesis"],"picked":"Heavy Blade+1","floor":24},{"not_picked":["Warcry+1","Twin Strike"],"picked":"Hemokinesis","floor":25},{"not_picked":["Flex+1","Reaper"],"picked":"Rupture+1","floor":27}],"player_experience":171301,"relics_obtained":[{"floor":7,"key":"Bottled Tornado"},{"floor":9,"key":"Frozen Egg 2"},{"floor":10,"key":"Boot"},{"floor":24,"key":"Toxic Egg 2"},{"floor":26,"key":"Orichalcum"},{"floor":27,"key":"Pen Nib"}],"event_choices":[{"damage_healed":0,"gold_gain":75,"player_choice":"Gather Gold","damage_taken":11,"max_hp_gain":0,"max_hp_loss":0,"event_name":"World of Goop","floor":4,"gold_loss":0},{"damage_healed":0,"gold_gain":175,"player_choice":"AGREE","damage_taken":0,"max_hp_gain":0,"max_hp_loss":0,"event_name":"Liars Game","floor":14,"gold_loss":0,"cards_obtained":["Doubt"]},{"damage_healed":0,"gold_gain":275,"player_choice":"Desecrate","damage_taken":0,"max_hp_gain":0,"max_hp_loss":0,"event_name":"Golden Shrine","floor":19,"gold_loss":0,"cards_obtained":["Regret"]},{"damage_healed":0,"gold_gain":0,"player_choice":"Ignored","damage_taken":0,"max_hp_gain":0,"max_hp_loss":0,"event_name":"Fountain of Cleansing","floor":20,"gold_loss":0},{"damage_healed":0,"gold_gain":0,"player_choice":"Gave Potion","damage_taken":0,"relics_obtained":["Blood Vial"],"max_hp_gain":0,"max_hp_loss":0,"event_name":"WeMeetAgain","floor":21,"gold_loss":0}],"is_beta":false,"boss_relics":[{"not_picked":["Snecko Eye","SlaversCollar"],"picked":"Mark of Pain"}],"items_purged_floors":[],"is_endless":false,"potions_floor_spawned":[2,7,10,13,16,18,27],"killed_by":"Slavers","ascension_level":1}}