{"host":"hfxahm4y1ssattqc","time":1611393112,"event":{"mods":["2.2 Compatiblity","Act Like it!","BaseMod","Beaked The Cultist","BetterRewards","Colored Map","Colored Powertips","Custom Start","Googly Eyes","Halation","Hallownest","Highlight Path","Hubris","Mimic Mod","Minty Spire (QoL Compilation)","Shop Mod","Spikes Relics","StSLib","The Bug Knight","The IronCluck","The Jungle","Unknown Chances","slay the spire mod where everything is the same but ironclad has a cowboy hat"],"gold_per_floor":[114,114,114,129,129,129,165,192,192,211,211,242,12,12,12,141,141,160,174,99,122,147,161,161,161,237,237,250,250,273,273,273,404,404,419,482,501,501,501],"floor_reached":38,"language":"ENG","playtime":1901,"items_purged":["Shame"],"score":384,"play_id":"9e062eeb-5cc4-47c5-842d-6351e5712154","local_time":"20210123011152","is_ascension_mode":false,"campfire_choices":[{"floor":11.0,"key":"REST"},{"floor":15.0,"key":"REST"},{"data":"Injury","floor":24.0,"key":"SMITH"},{"floor":27.0,"key":"REST"},{"floor":29.0,"key":"RECALL"},{"floor":32.0,"key":"REST"}],"circlet_count":0,"master_deck":["Strike_R","Strike_R","Strike_R","Strike_R","Strike_R","Defend_R+1","Defend_R","Defend_R","Defend_R+1","Bash+1","Apotheosis+1","Flex","Clash","Demon Form","beaked:WarriorEssence","beaked:CursingBlood","Seeing Red+1","Limit Break","beaked:CursingBlood","Double Tap","beaked:Tweet"],"relics":["Burning Blood","halation:PinkSoulGem","Golden Idol","War Paint","halation:PrussianBluePaint","hubris:DisguiseKit","MiniBlackHole","ClockworkSouvenir","Busted Crown","Frozen Egg 2","hubris:Backtick","hubris:IronBody","FossilizedHelix"],"acts_visited":["Exordium","TheCity","TheBeyond"],"potions_floor_usage":[33,33,37,37],"damage_taken":[{"damage":12.0,"enemies":"2 Louse","floor":1.0,"turns":4.0},{"damage":7.0,"enemies":"Small Slimes","floor":4.0,"turns":4.0},{"damage":31.0,"enemies":"3 Sentries","floor":7.0,"turns":8.0},{"damage":0.0,"enemies":"Jaw Worm","floor":10.0,"turns":1.0},{"damage":28.0,"enemies":"Lagavulin","floor":12.0,"turns":5.0},{"damage":30.0,"enemies":"Slime Boss","floor":16.0,"turns":6.0},{"damage":26.0,"enemies":"Spheric Guardian","floor":18.0,"turns":5.0},{"damage":0.0,"enemies":"Chosen","floor":19.0,"turns":5.0},{"damage":17.0,"enemies":"Snake Plant","floor":21.0,"turns":13.0},{"damage":16.0,"enemies":"Shelled Parasite and Fungi","floor":22.0,"turns":9.0},{"damage":24.0,"enemies":"Centurion and Healer","floor":23.0,"turns":5.0},{"damage":25.0,"enemies":"Cultist and Chosen","floor":28.0,"turns":5.0},{"damage":0.0,"enemies":"Snecko","floor":30.0,"turns":4.0},{"damage":46.0,"enemies":"Colosseum Slavers","floor":31.0,"turns":6.0},{"damage":40,"enemies":"Champ","floor":33,"turns":10},{"damage":27,"enemies":"3 Shapes","floor":35,"turns":6},{"damage":25,"enemies":"Mind Bloom Boss Battle","floor":36,"turns":5},{"damage":11,"enemies":"Orb Walker","floor":37,"turns":4}],"seed_played":"-5636734079213082597","potions_obtained":[{"floor":4.0,"key":"ColorlessPotion"},{"floor":10.0,"key":"SpeedPotion"},{"floor":16.0,"key":"EssenceOfSteel"},{"floor":19.0,"key":"Strength Potion"},{"floor":33,"key":"Block Potion"},{"floor":35,"key":"SkillPotion"}],"is_trial":false,"path_per_floor":["M","?","?","M","T","?","E","T","T","M","R","E","$","$","R","B",null,"M","M","$","M","M","M","R","?","T","R","M","R","M","?","R","B",null,"M","?","M","M"],"character_chosen":"IRONCLAD","items_purchased":["ClockworkSouvenir","Seeing Red"],"campfire_rested":4,"item_purchase_floors":[13,13],"current_hp_per_floor":[74,74,74,73,73,57,32,32,32,38,62,40,40,40,64,56,80,60,66,66,55,50,38,38,38,38,62,55,55,69,30,54,29,80,59,49,44,0,0],"gold":501,"neow_bonus":"RANDOM_COLORLESS_2","is_daily":false,"chose_seed":false,"campfire_upgraded":1,"win_rate":0.0,"timestamp":1611393112,"path_taken":["M","?","?","M","?","?","E","?","T","M","R","E","?","$","R","BOSS","M","M","$","M","M","M","R","?","T","R","M","R","M","?","R","BOSS","M","?","M","M"],"items_purchased_type":["Relic","Card"],"build_version":"2020-12-22","purchased_purges":1,"victory":false,"max_hp_per_floor":[80,80,80,80,80,80,80,80,80,80,80,80,80,80,80,80,80,80,80,80,80,80,80,80,80,80,80,80,80,80,80,80,80,80,80,80,80,80,80],"card_choices":[{"not_picked":["Secret Weapon","Transmutation"],"picked":"Apotheosis","floor":0.0},{"not_picked":["Sentinel","Sword Boomerang"],"picked":"Flex","floor":1.0},{"not_picked":["Cleave","Absolvement"],"picked":"Clash","floor":4.0},{"not_picked":["Sword Boomerang","Havoc"],"picked":"Demon Form","floor":7.0},{"not_picked":["Armaments","Iron Wave","Flex"],"picked":"beaked:WarriorEssence","floor":10.0},{"not_picked":["Disarm","hubris:ReadiedAction","Headbutt"],"picked":"beaked:CursingBlood","floor":12.0},{"not_picked":["Impervious","Offering","beaked:Brainwash"],"picked":"Limit Break","floor":16.0},{"not_picked":["Body Slam","beaked:CursingBlood"],"picked":"SKIP","floor":18.0},{"not_picked":["Body Slam"],"picked":"beaked:CursingBlood","floor":18.0},{"not_picked":["Warcry","beaked:StickSmack"],"picked":"SKIP","floor":19.0},{"not_picked":["Flex","beaked:SacrificialAttack"],"picked":"SKIP","floor":21.0},{"not_picked":["Blood for Blood","beaked:DigDeep"],"picked":"SKIP","floor":22.0},{"not_picked":["Dark Embrace","beaked:Hexing"],"picked":"SKIP","floor":23.0},{"not_picked":["Uppercut","beaked:BounceBack"],"picked":"SKIP","floor":28.0},{"not_picked":["Body Slam","beaked:Cower"],"picked":"SKIP","floor":30.0},{"not_picked":["beaked:SacrificialScars"],"picked":"Double Tap","floor":33},{"not_picked":["Clothesline","beaked:SurvivalInstinct"],"picked":"SKIP","floor":35},{"not_picked":["Anger"],"picked":"beaked:Tweet","floor":36},{"not_picked":["Wild Strike","beaked:Tradeoff"],"picked":"SKIP","floor":37}],"player_experience":897582,"relics_obtained":[{"floor":7.0,"key":"War Paint"},{"floor":8.0,"key":"halation:PrussianBluePaint"},{"floor":9.0,"key":"hubris:DisguiseKit"},{"floor":12.0,"key":"MiniBlackHole"},{"floor":26.0,"key":"Frozen Egg 2"},{"floor":36,"key":"FossilizedHelix"}],"event_choices":[{"damage_healed":0.0,"max_hp_gain":0.0,"max_hp_loss":0.0,"gold_gain":0.0,"event_name":"Golden Idol","player_choice":"Take Wound","floor":3.0,"gold_loss":0.0,"damage_taken":0.0,"relics_obtained":["Golden Idol"],"cards_obtained":["Injury"]},{"damage_healed":0.0,"max_hp_gain":0.0,"max_hp_loss":0.0,"gold_gain":0.0,"event_name":"Shining Light","player_choice":"Entered Light","floor":6.0,"gold_loss":0.0,"damage_taken":16.0,"cards_upgraded":["Apotheosis","Bash"]},{"damage_healed":0.0,"max_hp_gain":0.0,"max_hp_loss":0.0,"gold_gain":0.0,"event_name":"Colosseum","player_choice":"Fight","floor":31.0,"gold_loss":0.0,"damage_taken":0.0},{"damage_healed":0.0,"max_hp_gain":0.0,"max_hp_loss":0.0,"gold_gain":0.0,"event_name":"Colosseum","player_choice":"Fled From Nobs","floor":31.0,"gold_loss":0.0,"damage_taken":0.0},{"damage_healed":0,"gold_gain":0,"player_choice":"Fight","damage_taken":0,"max_hp_gain":0,"max_hp_loss":0,"event_name":"MindBloom","floor":36,"gold_loss":0}],"is_beta":false,"boss_relics":[{"not_picked":["hubris:HollowSoul","hubris:CrackedHourglass"],"picked":"Busted Crown"},{"not_picked":["halation:Risk","SacredBark"],"picked":"hubris:Backtick"}],"items_purged_floors":[20],"is_endless":false,"potions_floor_spawned":[4,10,16,19,21,31,33,35],"killed_by":"Sphere and 2 Shapes","ascension_level":0}}