{"host":"jr9f8lmgw9kaplsw","time":1611370095,"event":{"mods":["AchievementEnabler","BaseMod","BetterRewards","Colored Map","Hubris","Minty Spire (QoL Compilation)","Replay The Spire","Shop Mod","StSLib","The Cursed"],"gold_per_floor":[114,114,114,129,129,129,144,144,144,144,174,189,204,219,219,319,319,334,34,34,34,34,64,64,94,94,94,109,139,154,154,154,254,254,269,113,128,143,158,188,188,203,278,278,293,323,436,466,466,366],"floor_reached":51,"language":"ENG","playtime":2030,"items_purged":[],"score":1195,"play_id":"af67e357-8f56-4247-983b-af5497532c55","local_time":"20210122214815","daily_mods":["Cursed Run","Diverse","DeadlyEvents"],"is_ascension_mode":false,"campfire_choices":[{"data":"Echo Form","floor":6,"key":"SMITH"},{"data":"TheCursedMod:CursedWand","floor":8,"key":"SMITH"},{"floor":24,"key":"REST"},{"data":"After Image","floor":27,"key":"SMITH"},{"data":"1","floor":32,"key":"LIFT"},{"data":"2","floor":41,"key":"LIFT"},{"data":"3","floor":44,"key":"LIFT"},{"floor":49,"key":"REST"}],"circlet_count":0,"master_deck":["Echo Form+1","TheCursedMod:Strike_TheCursed+1","TheCursedMod:Strike_TheCursed+1","TheCursedMod:Strike_TheCursed+1","TheCursedMod:Strike_TheCursed+1","TheCursedMod:Defend_TheCursed+1","TheCursedMod:Defend_TheCursed+1","TheCursedMod:Defend_TheCursed+1","TheCursedMod:Defend_TheCursed+1","TheCursedMod:CursedWand+1","TheCursedMod:CleanUpWorkshop","TheCursedMod:Dregs","TheCursedMod:Stretching","Regret","hubris:Disease","Carnage","Consecrate","Flame Barrier","After Image+1","Doubt","ReplayTheSpireMod:IOU","CurseOfTheBell","Pot Of Greed","Pot Of Greed+1","Slice","Pot Of Greed","TheCursedMod:CircleOfCorruption+1","TheCursedMod:Hemoplague+1","ReplayTheSpireMod:IOU","FTL","ReplayTheSpireMod:Muscle Training","Endless Agony","Parasite","Looming Evil","TheCursedMod:VoidForm+1","BowlingBash+1","Atom Bomb","Pot Of Greed","Genetic Algorithm+1","A Thousand Cuts+1","Parasite","TheCursedMod:LuckyCharm+1","Anger+1","Looming Evil","Offering","Overencumbered","Fire Breathing+1","Glacier","Pain"],"relics":["Cursed Key","Darkstone Periapt","Du-Vu Doll","Lizard Tail","Kunai","Anchor","Ring of Fury","Calling Bell","Grinning Jar","Frozen Egg 2","Durian","Prayer Wheel","hubris:Potato","Sundial","MealTicket","Pen Nib","FossilizedHelix","Girya","Replay:Bottled Snecko","Philosopher\u0027s Stone","Nunchaku","hubris:DeckOfHolding","Blue Candle","War Paint","Potion Belt"],"acts_visited":["Exordium","TheCity","TheBeyond"],"potions_floor_usage":[12,16,29,30,40,50,50,50],"damage_taken":[{"damage":5,"enemies":"Jaw Worm","floor":1,"turns":4},{"damage":0,"enemies":"2 Louse","floor":4,"turns":2},{"damage":1,"enemies":"Cultist","floor":7,"turns":4},{"damage":26,"enemies":"Gremlin Nob","floor":11,"turns":4},{"damage":13,"enemies":"Exordium Thugs","floor":12,"turns":5},{"damage":7,"enemies":"Exordium Wildlife","floor":13,"turns":4},{"damage":2,"enemies":"3 Louse","floor":14,"turns":3},{"damage":7,"enemies":"Slime Boss","floor":16,"turns":7},{"damage":3,"enemies":"Spheric Guardian","floor":18,"turns":4},{"damage":36,"enemies":"Book of Stabbing","floor":23,"turns":5},{"damage":3,"enemies":"Replay:Snechameleon","floor":25,"turns":4},{"damage":8,"enemies":"2 Thieves","floor":28,"turns":4},{"damage":0,"enemies":"Slavers","floor":29,"turns":5},{"damage":0,"enemies":"Shelled Parasite and Fungi","floor":30,"turns":3},{"damage":42,"enemies":"Automaton","floor":33,"turns":8},{"damage":39,"enemies":"3 Shapes","floor":35,"turns":4},{"damage":0,"enemies":"3 Darklings","floor":37,"turns":4},{"damage":0,"enemies":"Maw","floor":38,"turns":5},{"damage":0,"enemies":"Writhing Mass","floor":39,"turns":4},{"damage":0,"enemies":"R_Hoarder","floor":40,"turns":4},{"damage":0,"enemies":"Transient","floor":42,"turns":5},{"damage":0,"enemies":"4 Shapes","floor":45,"turns":4},{"damage":28,"enemies":"Reptomancer","floor":46,"turns":5},{"damage":0,"enemies":"Giant Head","floor":48,"turns":6},{"damage":0,"enemies":"Donu and Deca","floor":50,"turns":5}],"seed_played":"-4692305807027556167","potions_obtained":[{"floor":7,"key":"EssenceOfSteel"},{"floor":12,"key":"Fruit Juice"},{"floor":16,"key":"TheCursedMod:DregsPotion"},{"floor":18,"key":"Toxic Potion"},{"floor":28,"key":"Explosive Potion"},{"floor":29,"key":"BlessingOfTheForge"},{"floor":39,"key":"Adrenaline Potion"},{"floor":45,"key":"Cursed Concoction"},{"floor":46,"key":"Death Potion"}],"is_trial":false,"path_per_floor":["M","?","?","M","?","R","M","R","T","$","E","M","M","M","R_BF","B",null,"M","$","?","T","$","E","R","E","T","R","M","E","M","T","R","B",null,"M","$","M","M","M","E","R","M","T","R","M","E","?","E","R","B",null],"character_chosen":"THE_CURSED","items_purchased":["hubris:Potato","Atom Bomb"],"campfire_rested":2,"item_purchase_floors":[19,36],"current_hp_per_floor":[70,70,76,76,76,76,75,75,81,81,55,47,40,38,44,43,115,112,112,112,118,118,82,118,115,121,121,113,113,113,119,119,83,139,100,115,115,115,121,121,121,121,127,127,127,99,105,105,152,158],"gold":366,"neow_bonus":"","is_daily":true,"chose_seed":false,"campfire_upgraded":3,"win_rate":0.0,"timestamp":1611370095,"path_taken":["M","?","?","M","?","R","M","R","T","$","?","?","M","M","R_BF","BOSS","M","$","?","?","$","?","R","E","T","R","?","?","?","?","R","BOSS","M","$","?","M","M","E","R","M","T","R","M","E","?","E","R","BOSS"],"items_purchased_type":["Relic","Card"],"build_version":"2020-12-22","purchased_purges":0,"victory":true,"max_hp_per_floor":[75,75,81,81,81,81,81,81,87,87,87,92,92,92,98,104,115,115,115,115,121,121,121,121,121,127,127,127,127,127,133,133,139,139,139,139,139,139,145,145,145,145,151,151,151,151,157,157,157,163],"card_choices":[{"not_picked":["Perfected Strike","Hologram","Coolheaded"],"picked":"SKIP","floor":1},{"not_picked":["Halt","FlyingSleeves","DeceiveReality"],"picked":"SKIP","floor":4},{"not_picked":["Searing Blow","hubris:SlightOfHand","EmptyMind"],"picked":"SKIP","floor":7},{"not_picked":["Finisher","Gash"],"picked":"Carnage","floor":11},{"not_picked":["Clothesline","Replay:Vibes"],"picked":"Consecrate","floor":12},{"not_picked":["ReplayTheSpireMod:Strike From Hell","Go for the Eyes"],"picked":"Flame Barrier","floor":13},{"not_picked":["PathToVictory","EmptyMind"],"picked":"After Image","floor":14},{"not_picked":["Blasphemy","TheCursedMod:DemonSword"],"picked":"ReplayTheSpireMod:Fabricate Wheel","floor":16},{"not_picked":["TheCursedMod:Mangle+1","TheCursedMod:TacticalStrike+1"],"picked":"Slice","floor":18},{"not_picked":["Hyperbeam","TheCursedMod:FuryStrike"],"picked":"TheCursedMod:CircleOfCorruption","floor":18},{"not_picked":["TheCursedMod:StunningStrike","TheCursedMod:SpreadPlague+1","DeceiveReality"],"picked":"SKIP","floor":23},{"not_picked":["Masterful Stab","Ball Lightning"],"picked":"TheCursedMod:Hemoplague+1","floor":25},{"not_picked":["Replay:ManipulateFuture","PiercingWail"],"picked":"FTL","floor":28},{"not_picked":["Crescendo","Underhanded Strike","Distraction"],"picked":"SKIP","floor":28},{"not_picked":["Prostrate","Leap"],"picked":"ReplayTheSpireMod:Muscle Training","floor":29},{"not_picked":["Leg Sweep+1","TheCursedMod:CursedAmulet"],"picked":"Endless Agony","floor":30},{"not_picked":["TheCursedMod:VitalStrike","Perfected Strike+1","CrushJoints"],"picked":"SKIP","floor":30},{"not_picked":["Offering","Die Die Die"],"picked":"TheCursedMod:VoidForm+1","floor":33},{"not_picked":["TheCursedMod:Stigma","TheCursedMod:CursedArmor+1"],"picked":"BowlingBash+1","floor":35},{"not_picked":["Heel Hook","Steam Power","TheCursedMod:TacticalStrike+1"],"picked":"SKIP","floor":35},{"not_picked":["TheCursedMod:SpitefulStrike+1","Anger+1"],"picked":"Genetic Algorithm+1","floor":37},{"not_picked":["hubris:CleavingFinish","MentalFortress+1","TheCursedMod:SpitefulStrike+1"],"picked":"SKIP","floor":37},{"not_picked":["TheCursedMod:Stretching","BattleHymn+1"],"picked":"A Thousand Cuts+1","floor":38},{"not_picked":["Quick Slash","Collect","Pommel Strike"],"picked":"SKIP","floor":38},{"not_picked":["TheCursedMod:SpreadPlague+1","Halt","Evaluate+1"],"picked":"SKIP","floor":39},{"not_picked":["Go for the Eyes+1","TheCursedMod:CircleOfWindfury+1","ReplaySort+1"],"picked":"SKIP","floor":39},{"not_picked":["Scrawl","JustLucky+1","TheCursedMod:CursedAmulet"],"picked":"SKIP","floor":40},{"not_picked":["TheCursedMod:Obscuration","Blood for Blood+1"],"picked":"TheCursedMod:LuckyCharm+1","floor":42},{"not_picked":["Replay:ManipulateFuture+1","Alpha"],"picked":"Anger+1","floor":42},{"not_picked":["Disarm+1","Dodge and Roll","Time Bomb+1"],"picked":"SKIP","floor":45},{"not_picked":["Slice","Replay:Anticipation","Replay:ManipulateFuture+1"],"picked":"SKIP","floor":45},{"not_picked":["TheCursedMod:Stretching","EmptyBody"],"picked":"Offering","floor":46},{"not_picked":["ReplayTheSpireMod:Strike From Hell","Replay:ManipulateFuture"],"picked":"Fire Breathing+1","floor":47},{"not_picked":["Rainbow","Blasphemy"],"picked":"Glacier","floor":48}],"player_experience":2809567,"relics_obtained":[{"floor":9,"key":"Kunai"},{"floor":11,"key":"Anchor"},{"floor":15,"key":"Ring of Fury"},{"floor":17,"key":"Grinning Jar"},{"floor":17,"key":"Frozen Egg 2"},{"floor":17,"key":"Durian"},{"floor":21,"key":"Sundial"},{"floor":23,"key":"MealTicket"},{"floor":25,"key":"Pen Nib"},{"floor":26,"key":"FossilizedHelix"},{"floor":29,"key":"Girya"},{"floor":31,"key":"Replay:Bottled Snecko"},{"floor":40,"key":"Nunchaku"},{"floor":43,"key":"hubris:DeckOfHolding"},{"floor":46,"key":"Blue Candle"},{"floor":47,"key":"War Paint"},{"floor":48,"key":"Potion Belt"}],"event_choices":[{"damage_healed":0,"gold_gain":0,"player_choice":"Box","damage_taken":0,"relics_obtained":["Lizard Tail"],"max_hp_gain":0,"max_hp_loss":0,"event_name":"Big Fish","floor":3,"gold_loss":0,"cards_obtained":["Regret"]},{"damage_healed":0,"gold_gain":0,"player_choice":"Ignored","damage_taken":0,"max_hp_gain":0,"max_hp_loss":0,"event_name":"Golden Wing","floor":5,"gold_loss":0},{"damage_healed":0,"gold_gain":0,"player_choice":"Simplicity","damage_taken":0,"max_hp_gain":0,"max_hp_loss":0,"event_name":"Back to Basics","floor":20,"gold_loss":0,"cards_upgraded":["TheCursedMod:Strike_TheCursed","TheCursedMod:Strike_TheCursed","TheCursedMod:Strike_TheCursed","TheCursedMod:Strike_TheCursed","TheCursedMod:Defend_TheCursed","TheCursedMod:Defend_TheCursed","TheCursedMod:Defend_TheCursed","TheCursedMod:Defend_TheCursed"]}],"is_beta":false,"boss_relics":[{"not_picked":["hubris:Backtick","Tiny House"],"picked":"Calling Bell"},{"not_picked":["Replay:Bronze Core","hubris:HollowSoul"],"picked":"Philosopher\u0027s Stone"}],"items_purged_floors":[],"is_endless":false,"potions_floor_spawned":[7,12,16,18,28,29,39,45,46],"ascension_level":0}}