{"host":"ymn6un3ro3vi042j","time":1611389243,"event":{"mods":["AchievementEnabler","Act Like it!","Aspiration","BaseMod","Beaked The Cultist","Bestiary","Better Match","Better Note","Better Skull","Better Third Choice","BetterRewards","Block Reminder","Colored Map","Colored Powertips","Conspire","Curses Come First","Dark Map","DeckTracker","Downfall","Energized Spire","Friendly Minions","GifTheSpireLib","Googly Eyes","Highlight Path","Mimic Mod","Minty Spire (QoL Compilation)","Poor People Problems","Quick Restart","Rare Cards Sparkle","Relic Stats","Spicy Shops","StSLib","SuperFastMode","Synergy Search","The IronCluck","Wandering Minibosses","everything is the same but u backflip on backflip","slay the spire mod where everything is the same but ironclad has a cowboy hat"],"gold_per_floor":[113,13,54,0,16,16,16,16,79,179,206,240,240,274,274,402,402,432,427,427,442,442],"floor_reached":21,"language":"ENG","playtime":1041,"items_purged":[],"score":179,"play_id":"f1dc1785-1fdb-43fb-8b02-8108c76b9bf5","local_time":"20210123000723","is_ascension_mode":false,"campfire_choices":[{"data":"Anger","floor":6,"key":"SMITH"},{"data":"Blood for Blood","floor":8,"key":"SMITH"},{"floor":13,"key":"REST"},{"data":"Armaments","floor":15,"key":"SMITH"}],"circlet_count":0,"master_deck":["Strike_R","Strike_R","Strike_R","Strike_R","Defend_R","Defend_R","Defend_R","Defend_R","Bash","Heavy Blade","conspire:SpireCoStock","conspire:SpireCoStock","Anger+1","Enlightenment","Blood for Blood+1","Pommel Strike","conspire:Purge","Armaments+1","Metallicize","Berserk","Battle Trance","Thunderclap+1"],"relics":["Burning Blood","Bag of Marbles","Smiling Mask","conspire:SlowCooker"],"acts_visited":["Exordium","TheCity"],"potions_floor_usage":[9,9,16,18],"damage_taken":[{"damage":0.0,"enemies":"Small Slimes","floor":1.0,"turns":3.0},{"damage":8.0,"enemies":"conspire:RoseBush","floor":3.0,"turns":4.0},{"damage":11,"enemies":"Jaw Worm","floor":5,"turns":4},{"damage":0,"enemies":"Red Slaver","floor":9,"turns":7},{"damage":11,"enemies":"Red Slaver","floor":11,"turns":3},{"damage":26,"enemies":"Lagavulin","floor":12,"turns":4},{"damage":18,"enemies":"Exordium Thugs","floor":14,"turns":5},{"damage":34,"enemies":"Slime Boss","floor":16,"turns":14},{"damage":29,"enemies":"Chosen","floor":18,"turns":7},{"damage":31,"enemies":"2 Thieves","floor":19,"turns":4},{"damage":52,"enemies":"Snake Plant","floor":21,"turns":4}],"seed_played":"4599890986825264528","potions_obtained":[{"floor":3.0,"key":"hexamod:SoulburnPotion"},{"floor":5,"key":"HeartOfIron"},{"floor":14,"key":"ColorlessPotion"},{"floor":16,"key":"GamblersBrew"}],"is_trial":false,"path_per_floor":["M","?","M","?","M","R","$","R","MIM","?","M","E","R","M","R","B",null,"M","M","?","M"],"character_chosen":"IRONCLAD","items_purchased":[],"campfire_rested":1,"item_purchase_floors":[],"current_hp_per_floor":[88,88,86,92,87,87,87,87,93,93,88,68,94,82,82,54,94,71,46,46,0,0],"gold":442,"neow_bonus":"TEN_PERCENT_HP_BONUS","is_daily":false,"chose_seed":false,"campfire_upgraded":3,"win_rate":0.0,"timestamp":1611389243,"path_taken":["M","?","M","?","?","R","?","R","MIM","?","M","E","R","M","R","BOSS","M","M","?","M"],"items_purchased_type":[],"build_version":"2020-12-22","purchased_purges":0,"victory":false,"max_hp_per_floor":[88,88,88,94,94,94,94,94,94,94,94,94,94,94,94,94,94,94,94,94,94,94],"relic_stats":{"counters":[11,59],"Smiling Mask":0,"obtain_stats":[{"conspire:SlowCooker":17,"Bag of Marbles":9,"Smiling Mask":12,"Burning Blood":0},{"conspire:SlowCooker":8,"Bag of Marbles":4,"Smiling Mask":6,"Burning Blood":0},{"conspire:SlowCooker":44,"Bag of Marbles":18,"Smiling Mask":25,"Burning Blood":0}],"Burning Blood":54},"card_choices":[{"not_picked":["Cleave","Carnage"],"picked":"Heavy Blade","floor":1.0},{"not_picked":["Clash","Spot Weakness"],"picked":"Anger","floor":3.0},{"not_picked":["Twin Strike","Cleave"],"picked":"Blood for Blood","floor":5},{"not_picked":["Burning Pact","Warcry"],"picked":"Pommel Strike","floor":9},{"not_picked":["True Grit","Clash"],"picked":"conspire:Purge","floor":11},{"not_picked":["Ghostly Armor","Heavy Blade"],"picked":"Armaments","floor":12},{"not_picked":["Iron Wave","Cleave"],"picked":"Metallicize","floor":14},{"not_picked":["Reaper","Limit Break"],"picked":"Berserk","floor":16},{"not_picked":["Disarm","Twin Strike"],"picked":"Battle Trance","floor":18},{"not_picked":["Clothesline","Shrug It Off+1"],"picked":"Thunderclap+1","floor":19}],"player_experience":47899,"relics_obtained":[{"floor":9,"key":"Bag of Marbles"},{"floor":12,"key":"Smiling Mask"}],"event_choices":[{"damage_healed":0.0,"max_hp_gain":0.0,"max_hp_loss":0.0,"gold_gain":0.0,"event_name":"conspire:Investor","player_choice":"Invest 2","floor":2.0,"gold_loss":0.0,"damage_taken":0.0},{"damage_healed":0.0,"max_hp_gain":0.0,"max_hp_loss":0.0,"gold_gain":0.0,"event_name":"betterThird:BetterSerpent","player_choice":"RENOUNCE","floor":4.0,"gold_loss":54.0,"damage_taken":54.0,"cards_obtained":["Enlightenment"]},{"damage_healed":0,"gold_gain":100,"player_choice":"Gold","damage_taken":0,"max_hp_gain":0,"max_hp_loss":0,"event_name":"Wheel of Change","floor":10,"gold_loss":0},{"cards_removed":["Strike_R"],"damage_healed":0,"gold_gain":0,"player_choice":"Purged","damage_taken":0,"max_hp_gain":0,"max_hp_loss":0,"event_name":"Purifier","floor":20,"gold_loss":0}],"is_beta":false,"boss_relics":[{"not_picked":["aspiration:BeakedSkillbook","Fusion Hammer"],"picked":"conspire:SlowCooker"}],"items_purged_floors":[],"is_endless":false,"potions_floor_spawned":[3,5,14,16],"killed_by":"Snake Plant","ascension_level":0}}