{"host":"x205naxbihvu3p76","time":1611397903,"event":{"mods":["AchievementEnabler","BaseMod","Minty Spire (QoL Compilation)","StSLib","SuperFastMode"],"gold_per_floor":[109,109,109,34,47,80,94,94,94,121,121,141,160,170,170,247,247,266,76,93,43,58,58,89,106,130,142,142,160,176,176,176,250,300,316,329,112,127,152,152,73,73,73,84,109,124,124,124],"floor_reached":47,"language":"KOR","playtime":1237,"items_purged":["Strike_B"],"score":1132,"play_id":"b22cdb8e-008d-41a2-bff2-363de7d1c2b4","local_time":"20210123193143","is_ascension_mode":true,"campfire_choices":[{"data":"Consume","floor":8,"key":"SMITH"},{"data":"Zap","floor":11,"key":"SMITH"},{"data":"Dualcast","floor":15,"key":"SMITH"},{"data":"Defragment","floor":23,"key":"SMITH"},{"data":"Defragment","floor":28,"key":"SMITH"},{"floor":32,"key":"REST"},{"data":"Apotheosis","floor":40,"key":"SMITH"},{"data":"Capacitor","floor":42,"key":"SMITH"}],"circlet_count":0,"master_deck":["AscendersBane","Strike_B","Defend_B+1","Defend_B","Defend_B+1","Defend_B","Zap+1","Dualcast+1","Ball Lightning","Consume+1","Ball Lightning","Conserve Battery","Conserve Battery","Undo","Multi-Cast","Chill","Defragment+1","Capacitor+1","Go for the Eyes","Turbo","Defragment+1","Cold Snap","Skim+1","Core Surge","Barrage","Cold Snap","Apotheosis+1","Defragment","Loop","Reinforced Body"],"relics":["Cracked Core","NeowsBlessing","Thread and Needle","DataDisk","Ice Cream","War Paint","Sozu","Potion Belt","Orichalcum","Tiny House","Turnip","Ornamental Fan","Shovel"],"acts_visited":["Exordium","TheCity","TheBeyond"],"potions_floor_usage":[10,10,24,24],"damage_taken":[{"damage":0,"enemies":"2 Louse","floor":1,"turns":1},{"damage":0,"enemies":"Small Slimes","floor":5,"turns":1},{"damage":0,"enemies":"Lagavulin","floor":6,"turns":1},{"damage":3,"enemies":"Jaw Worm","floor":7,"turns":2},{"damage":13,"enemies":"3 Sentries","floor":10,"turns":4},{"damage":20,"enemies":"Gremlin Gang","floor":12,"turns":5},{"damage":0,"enemies":"Looter","floor":13,"turns":3},{"damage":1,"enemies":"Lots of Slimes","floor":14,"turns":3},{"damage":0,"enemies":"Hexaghost","floor":16,"turns":9},{"damage":0,"enemies":"Chosen","floor":18,"turns":4},{"damage":6,"enemies":"2 Thieves","floor":20,"turns":4},{"damage":0,"enemies":"Snecko","floor":22,"turns":6},{"damage":12,"enemies":"Book of Stabbing","floor":24,"turns":5},{"damage":7,"enemies":"Chosen and Byrds","floor":25,"turns":6},{"damage":6,"enemies":"Shelled Parasite and Fungi","floor":27,"turns":6},{"damage":0,"enemies":"3 Cultists","floor":29,"turns":6},{"damage":0,"enemies":"Centurion and Healer","floor":30,"turns":6},{"damage":18,"enemies":"Automaton","floor":33,"turns":10},{"damage":0,"enemies":"3 Shapes","floor":35,"turns":6},{"damage":0,"enemies":"Orb Walker","floor":36,"turns":3},{"damage":12,"enemies":"Maw","floor":38,"turns":8},{"damage":0,"enemies":"Mind Bloom Boss Battle","floor":39,"turns":5},{"damage":16,"enemies":"Writhing Mass","floor":44,"turns":7},{"damage":21,"enemies":"Nemesis","floor":45,"turns":9},{"damage":3,"enemies":"Spire Growth","floor":46,"turns":5},{"damage":19,"enemies":"Sphere and 2 Shapes","floor":47,"turns":3}],"seed_played":"2984709954800282137","potions_obtained":[{"floor":6,"key":"SkillPotion"},{"floor":7,"key":"Fire Potion"},{"floor":13,"key":"ColorlessPotion"},{"floor":14,"key":"DistilledChaos"}],"is_trial":false,"path_per_floor":["M","?","?","?","M","E","M","R","T","E","R","M","M","M","R","B",null,"M","$","M","$","M","R","E","M","T","M","R","M","M","?","R","B",null,"M","M","$","M","?","R","$","R","T","M","E","M","M"],"character_chosen":"DEFECT","items_purchased":["Chill","Defragment","Go for the Eyes","Apotheosis","Loop"],"campfire_rested":1,"item_purchase_floors":[19,19,21,37,41],"current_hp_per_floor":[64,69,58,58,58,58,55,55,55,42,42,22,22,21,21,21,62,62,62,56,56,56,56,44,37,37,31,31,31,31,31,53,35,71,71,71,71,59,59,59,59,59,59,43,22,19,0,0],"gold":124,"neow_bonus":"THREE_ENEMY_KILL","is_daily":false,"chose_seed":false,"campfire_upgraded":7,"win_rate":0.0,"timestamp":1611397903,"path_taken":["M","?","?","?","?","E","M","R","T","E","R","M","M","M","R","BOSS","M","$","M","$","?","R","E","M","T","M","R","M","M","?","R","BOSS","M","M","?","M","?","R","$","R","T","M","E","M","M"],"items_purchased_type":["Card","Card","Card","Card","Card"],"build_version":"2020-12-22","purchased_purges":1,"victory":false,"max_hp_per_floor":[71,76,76,76,76,76,76,76,76,76,76,76,76,76,76,76,76,76,76,76,76,76,76,76,76,76,76,76,76,76,76,76,76,81,81,81,81,81,81,81,81,81,81,81,81,81,81,81],"card_choices":[{"not_picked":["Streamline","Tempest","Gash"],"picked":"SKIP","floor":1},{"not_picked":["Steam","Multi-Cast"],"picked":"Ball Lightning","floor":5},{"not_picked":["Conserve Battery","Redo"],"picked":"Consume","floor":6},{"not_picked":["Beam Cell","Lockon"],"picked":"Ball Lightning","floor":7},{"not_picked":["Beam Cell","Sweeping Beam"],"picked":"Conserve Battery","floor":10},{"not_picked":["Aggregate","Sunder"],"picked":"Conserve Battery","floor":12},{"not_picked":["Static Discharge","Streamline","Conserve Battery"],"picked":"SKIP","floor":13},{"not_picked":["Stack","Doom and Gloom"],"picked":"Undo","floor":14},{"not_picked":["Machine Learning","Rainbow"],"picked":"Multi-Cast","floor":16},{"not_picked":["Consume","Blizzard","Steam Power"],"picked":"SKIP","floor":18},{"not_picked":["Storm","Steam"],"picked":"Capacitor","floor":20},{"not_picked":["Ball Lightning","Storm","Self Repair"],"picked":"SKIP","floor":22},{"not_picked":["Ball Lightning+1","Streamline"],"picked":"Turbo","floor":24},{"not_picked":["Steam Power","Gash"],"picked":"Defragment","floor":25},{"not_picked":["Stack","Go for the Eyes"],"picked":"Cold Snap","floor":27},{"not_picked":["Genetic Algorithm","Doom and Gloom","Blizzard"],"picked":"SKIP","floor":29},{"not_picked":["Ball Lightning+1","Hyperbeam"],"picked":"Skim","floor":30},{"not_picked":["Hyperbeam","Machine Learning"],"picked":"Core Surge","floor":33},{"not_picked":["Melter","Static Discharge"],"picked":"Barrage","floor":34},{"not_picked":["Stack","Leap"],"picked":"Cold Snap","floor":35},{"not_picked":["Stack","Cold Snap","Steam+1"],"picked":"SKIP","floor":36},{"not_picked":["Reprogram","Gash","Redo"],"picked":"SKIP","floor":38},{"not_picked":["Rebound","Redo"],"picked":"Defragment","floor":39},{"not_picked":["Streamline+1","Ball Lightning","Reprogram"],"picked":"SKIP","floor":44},{"not_picked":["Multi-Cast","Turbo+1","Hello World"],"picked":"SKIP","floor":45},{"not_picked":["BootSequence","Coolheaded"],"picked":"Reinforced Body","floor":46}],"player_experience":990978,"relics_obtained":[{"floor":6,"key":"DataDisk"},{"floor":9,"key":"Ice Cream"},{"floor":10,"key":"War Paint"},{"floor":24,"key":"Potion Belt"},{"floor":26,"key":"Orichalcum"},{"floor":39,"key":"Turnip"},{"floor":43,"key":"Ornamental Fan"},{"floor":45,"key":"Shovel"}],"event_choices":[{"damage_healed":0,"gold_gain":0,"player_choice":"Donut","damage_taken":0,"max_hp_gain":5,"max_hp_loss":0,"event_name":"Big Fish","floor":2,"gold_loss":0},{"damage_healed":0,"gold_gain":0,"player_choice":"Success","damage_taken":11,"relics_obtained":["Thread and Needle"],"max_hp_gain":0,"max_hp_loss":0,"event_name":"Scrap Ooze","floor":3,"gold_loss":0},{"cards_removed":["Strike_B"],"damage_healed":0,"gold_gain":0,"player_choice":"Card Removal","damage_taken":0,"max_hp_gain":0,"max_hp_loss":0,"event_name":"The Cleric","floor":4,"gold_loss":75},{"cards_removed":["Strike_B"],"damage_healed":0,"gold_gain":0,"player_choice":"Offered Basic","damage_taken":0,"max_hp_gain":0,"max_hp_loss":0,"event_name":"Bonfire Elementals","floor":31,"gold_loss":0},{"damage_healed":0,"gold_gain":0,"player_choice":"Fight","damage_taken":0,"max_hp_gain":0,"max_hp_loss":0,"event_name":"MindBloom","floor":39,"gold_loss":0}],"is_beta":false,"boss_relics":[{"not_picked":["Runic Dome","Fusion Hammer"],"picked":"Sozu"},{"not_picked":["Snecko Eye","Velvet Choker"],"picked":"Tiny House"}],"items_purged_floors":[19],"is_endless":false,"potions_floor_spawned":[6,7,13,14,24,25,27,30,33,35,44,46],"killed_by":"Sphere and 2 Shapes","ascension_level":20}}