{"host":"sc0o2qwpf9j16a4i","time":1611360267,"event":{"mods":["AchievementEnabler","BaseMod","BetterRewards","Block Reminder","Colored Map","Colored Powertips","Custom Start","Highlight Path","Minty Spire (QoL Compilation)","Relic Stats"],"gold_per_floor":[141,192,367,442,402,402,438,492,544,544,597,50,161,223,223,538,538,571,623,623,83,83,83,116,178,178,292,292,617,532,568,568,877,877,916,916,968,1301,1742,1742,1826,1838,1850,8,158,158,242,326,326,326],"floor_reached":51,"language":"ENG","playtime":2187,"items_purged":["Doubt","BattleHymn","Injury"],"score":994,"play_id":"aece575a-0d49-4c81-b233-8e63809064c7","local_time":"20210123020427","daily_mods":["Draft","Blue Cards","Midas"],"is_ascension_mode":false,"campfire_choices":[{"floor":6,"key":"REST"},{"floor":15,"key":"REST"},{"floor":23,"key":"REST"},{"floor":28,"key":"REST"},{"floor":32,"key":"REST"},{"floor":40,"key":"REST"},{"floor":42,"key":"REST"},{"floor":49,"key":"REST"}],"circlet_count":0,"master_deck":["Ball Lightning","White Noise","Sanctity","CutThroughFate","FollowUp","JustLucky","SashWhip","Conserve Battery","CutThroughFate","Conclude","WaveOfTheHand","CarveReality","Genetic Algorithm","Reinforced Body","Hologram","Go for the Eyes+1","FlyingSleeves","Go for the Eyes+1","Genetic Algorithm","WreathOfFlame","Sunder+1","Beam Cell","Skim+1","White Noise","Establishment+1","Creative AI+1","Adaptation+1","Protect+1","Sunder","Echo Form+1","Static Discharge+1","Wish+1","Auto Shields+1"],"relics":["PureWater","Potion Belt","Regal Pillow","Anchor","Strange Spoon","Bag of Preparation","Art of War","Black Star","Enchiridion","DollysMirror","Incense Burner","Pear","HornCleat","The Courier","Ice Cream","Frozen Egg 2","PreservedInsect","Snecko Eye","Old Coin","Mango","MawBank","StoneCalendar","TungstenRod","Orrery","Centennial Puzzle","Sundial","Mummified Hand","Torii","Boot","Toy Ornithopter","Molten Egg 2","Turnip","Toxic Egg 2","Whetstone","Happy Flower"],"acts_visited":["Exordium","TheCity","TheBeyond"],"potions_floor_usage":[13,16,19,29,29,33,39,39,47,47],"damage_taken":[{"damage":0,"enemies":"Cultist","floor":1,"turns":2},{"damage":1,"enemies":"Jaw Worm","floor":2,"turns":3},{"damage":0,"enemies":"Small Slimes","floor":7,"turns":2},{"damage":0,"enemies":"2 Fungi Beasts","floor":8,"turns":2},{"damage":1,"enemies":"Lagavulin","floor":13,"turns":5},{"damage":13,"enemies":"Hexaghost","floor":16,"turns":8},{"damage":0,"enemies":"Shell Parasite","floor":18,"turns":8},{"damage":0,"enemies":"Spheric Guardian","floor":19,"turns":4},{"damage":24,"enemies":"Snake Plant","floor":24,"turns":7},{"damage":13,"enemies":"Centurion and Healer","floor":25,"turns":7},{"damage":28,"enemies":"Slavers","floor":27,"turns":5},{"damage":13,"enemies":"Colosseum Slavers","floor":29,"turns":3},{"damage":9,"enemies":"Colosseum Nobs","floor":29,"turns":4},{"damage":0,"enemies":"Snecko","floor":31,"turns":4},{"damage":0,"enemies":"Collector","floor":33,"turns":8},{"damage":7,"enemies":"3 Darklings","floor":35,"turns":9},{"damage":0,"enemies":"Orb Walker","floor":37,"turns":3},{"damage":69,"enemies":"2 Orb Walkers","floor":39,"turns":7},{"damage":35,"enemies":"Nemesis","floor":41,"turns":7},{"damage":0,"enemies":"Mind Bloom Boss Battle","floor":45,"turns":4},{"damage":0,"enemies":"Giant Head","floor":47,"turns":6},{"damage":10,"enemies":"Jaw Worm Horde","floor":48,"turns":4},{"damage":8,"enemies":"Awakened One","floor":50,"turns":11}],"seed_played":"5191388666314575890","potions_obtained":[{"floor":5,"key":"Ambrosia"},{"floor":5,"key":"FairyPotion"},{"floor":5,"key":"CultistPotion"},{"floor":7,"key":"DistilledChaos"},{"floor":16,"key":"DistilledChaos"},{"floor":25,"key":"DistilledChaos"},{"floor":27,"key":"EssenceOfSteel"},{"floor":31,"key":"BlessingOfTheForge"},{"floor":35,"key":"LiquidMemories"},{"floor":41,"key":"DuplicationPotion"},{"floor":48,"key":"LiquidMemories"}],"is_trial":true,"path_per_floor":["M","M","?","?","?","R","M","M","T","?","T","$","E","?","R","B",null,"M","M","?","$","?","R","M","M","T","E","R","?","?","M","R","B",null,"M","?","M","?","?","R","E","R","T","$","?","T","E","M","R","B",null],"character_chosen":"WATCHER","items_purchased":["Anchor","Strange Spoon","Bag of Preparation","FlyingSleeves","DollysMirror","Incense Burner","TungstenRod","Adaptation+1","Orrery","Centennial Puzzle","Sundial","Mummified Hand","Torii","Static Discharge+1","Boot","Toy Ornithopter","Molten Egg 2","PowerPotion","Swift Potion"],"campfire_rested":8,"item_purchase_floors":[12,12,12,12,21,21,44,44,44,44,44,44,44,44,44,44,44,44,44],"current_hp_per_floor":[72,71,71,60,60,72,72,72,72,72,72,72,71,71,72,59,72,72,72,56,56,56,72,48,35,45,17,56,34,34,34,73,73,82,75,75,75,75,6,44,23,65,65,65,65,65,75,65,92,84],"gold":326,"neow_bonus":"","is_daily":false,"chose_seed":false,"campfire_upgraded":0,"win_rate":0.0,"timestamp":1611360267,"path_taken":["M","M","?","?","?","R","M","?","T","?","?","$","E","?","R","BOSS","M","M","?","$","?","R","M","?","T","E","R","?","?","M","R","BOSS","M","?","M","?","?","R","E","R","T","?","?","?","E","M","R","BOSS"],"items_purchased_type":["Relic","Relic","Relic","Card","Relic","Relic","Relic","Card","Relic","Relic","Relic","Relic","Relic","Card","Relic","Relic","Relic","Potion","Potion"],"build_version":"2020-12-22","purchased_purges":3,"victory":true,"max_hp_per_floor":[72,72,72,72,72,72,72,72,72,72,72,72,72,72,72,72,72,72,72,72,72,72,72,72,72,82,82,82,82,82,82,82,82,82,82,78,78,78,78,78,92,92,92,92,92,92,92,92,92,92],"relic_stats":{"Regal Pillow":60,"Torii":0,"Happy Flower":[5],"counters":[23,123],"StoneCalendar":[52],"PreservedInsect":172,"Bag of Preparation":[30],"Whetstone":["Go for the Eyes","Sunder"],"MawBank":36,"Boot":[21],"Strange Spoon":[67],"Centennial Puzzle":[6],"Sundial":[4],"Mummified Hand":[100],"Snecko Eye":[89,99,109,98],"Turnip":[0],"Art of War":[3],"Black Star":3,"obtain_stats":[{"Ice Cream":29,"Regal Pillow":11,"Torii":44,"Enchiridion":20,"Mango":41,"StoneCalendar":43,"Bag of Preparation":12,"Incense Burner":21,"Whetstone":47,"Boot":44,"Old Coin":39,"Centennial Puzzle":44,"HornCleat":27,"DollysMirror":21,"Sundial":44,"Mummified Hand":44,"Toxic Egg 2":46,"Potion Belt":9,"Pear":26,"Happy Flower":47,"Golden Idol":10,"The Courier":27,"PreservedInsect":30,"Frozen Egg 2":29,"MawBank":41,"Strange Spoon":12,"Anchor":12,"Snecko Eye":34,"Orrery":44,"Molten Egg 2":44,"Turnip":45,"Art of War":13,"Black Star":17,"PureWater":0,"TungstenRod":44,"Toy Ornithopter":44},{"Ice Cream":13,"Regal Pillow":4,"Torii":19,"Enchiridion":8,"Mango":19,"StoneCalendar":19,"Bag of Preparation":4,"Incense Burner":8,"Whetstone":21,"Boot":19,"Old Coin":18,"Centennial Puzzle":19,"HornCleat":11,"DollysMirror":8,"Sundial":19,"Mummified Hand":19,"Toxic Egg 2":20,"Potion Belt":4,"Pear":10,"Happy Flower":21,"Golden Idol":4,"The Courier":11,"PreservedInsect":13,"Frozen Egg 2":13,"MawBank":19,"Strange Spoon":4,"Anchor":4,"Snecko Eye":15,"Orrery":19,"Molten Egg 2":19,"Turnip":20,"Art of War":5,"Black Star":6,"PureWater":0,"TungstenRod":19,"Toy Ornithopter":19},{"Ice Cream":60,"Regal Pillow":9,"Torii":98,"Enchiridion":34,"Mango":98,"StoneCalendar":98,"Bag of Preparation":9,"Incense Burner":34,"Whetstone":108,"Boot":98,"Old Coin":91,"Centennial Puzzle":98,"HornCleat":53,"DollysMirror":34,"Sundial":98,"Mummified Hand":98,"Toxic Egg 2":102,"Potion Belt":9,"Pear":48,"Happy Flower":108,"Golden Idol":9,"The Courier":53,"PreservedInsect":60,"Frozen Egg 2":60,"MawBank":98,"Strange Spoon":9,"Anchor":9,"Snecko Eye":72,"Orrery":98,"Molten Egg 2":98,"Turnip":102,"Art of War":14,"Black Star":22,"PureWater":0,"TungstenRod":98,"Toy Ornithopter":98}],"TungstenRod":2,"Toy Ornithopter":10},"card_choices":[{"not_picked":["Halt","Redo"],"picked":"Ball Lightning","floor":0},{"not_picked":["Self Repair","Beam Cell"],"picked":"White Noise","floor":0},{"not_picked":["Leap","ThirdEye"],"picked":"Sanctity","floor":0},{"not_picked":["Gash","Sweeping Beam"],"picked":"CutThroughFate","floor":0},{"not_picked":["Beam Cell","FollowUp"],"picked":"BattleHymn","floor":0},{"not_picked":["Beam Cell","CutThroughFate"],"picked":"FollowUp","floor":0},{"not_picked":["Cold Snap","Loop"],"picked":"JustLucky","floor":0},{"not_picked":["JustLucky","Prostrate"],"picked":"SashWhip","floor":0},{"not_picked":["PathToVictory","EmptyBody"],"picked":"Conserve Battery","floor":0},{"not_picked":["JustLucky","FTL"],"picked":"CutThroughFate","floor":0},{"not_picked":["Halt","EmptyFist"],"picked":"Conclude","floor":0},{"not_picked":["BowlingBash","PathToVictory"],"picked":"WaveOfTheHand","floor":0},{"not_picked":["Turbo","EmptyBody"],"picked":"CarveReality","floor":0},{"not_picked":["Crescendo","SashWhip"],"picked":"Genetic Algorithm","floor":0},{"not_picked":["Redo","CarveReality"],"picked":"Reinforced Body","floor":0},{"not_picked":["Cold Snap","Hello World","LikeWater"],"picked":"SKIP","floor":1},{"not_picked":["Gash","Halt","Rebound"],"picked":"SKIP","floor":2},{"not_picked":["Blizzard","JustLucky"],"picked":"Hologram","floor":7},{"not_picked":["Steam","ForeignInfluence"],"picked":"Go for the Eyes","floor":8},{"not_picked":["Stack","Evaluate","Machine Learning"],"picked":"SKIP","floor":13},{"not_picked":["Protect","Undo"],"picked":"Go for the Eyes+1","floor":18},{"not_picked":["FlyingSleeves","Sunder","CrushJoints"],"picked":"SKIP","floor":19},{"not_picked":["Adaptation+1","Steam Power"],"picked":"WreathOfFlame","floor":24},{"not_picked":["Halt","Gash+1"],"picked":"Sunder","floor":25},{"not_picked":["Barrage","Evaluate"],"picked":"Beam Cell","floor":27},{"not_picked":["Melter+1","BootSequence"],"picked":"Skim+1","floor":29},{"not_picked":["Conserve Battery+1","FlyingSleeves"],"picked":"White Noise","floor":31},{"not_picked":["Vault","Fission"],"picked":"Establishment+1","floor":33},{"not_picked":["FlurryOfBlows","Rebound","Evaluate+1"],"picked":"SKIP","floor":35},{"not_picked":["Crescendo","Reinforced Body+1","BowlingBash+1"],"picked":"SKIP","floor":37},{"not_picked":["Biased Cognition+1","Study+1"],"picked":"Creative AI+1","floor":41},{"not_picked":["Chaos","Aggregate"],"picked":"Protect+1","floor":44},{"not_picked":["FlurryOfBlows+1","Consecrate"],"picked":"Sunder","floor":44},{"not_picked":["Indignation","Streamline+1"],"picked":"Echo Form+1","floor":44},{"not_picked":["Force Field+1","WaveOfTheHand+1"],"picked":"Wish+1","floor":47},{"not_picked":["Conserve Battery+1","ThirdEye+1"],"picked":"Auto Shields+1","floor":48}],"player_experience":917598,"relics_obtained":[{"floor":9,"key":"Potion Belt"},{"floor":11,"key":"Regal Pillow"},{"floor":13,"key":"Art of War"},{"floor":20,"key":"Enchiridion"},{"floor":26,"key":"Pear"},{"floor":27,"key":"HornCleat"},{"floor":27,"key":"The Courier"},{"floor":29,"key":"Ice Cream"},{"floor":29,"key":"Frozen Egg 2"},{"floor":39,"key":"Old Coin"},{"floor":41,"key":"Mango"},{"floor":41,"key":"MawBank"},{"floor":43,"key":"StoneCalendar"},{"floor":45,"key":"Turnip"},{"floor":46,"key":"Toxic Egg 2"},{"floor":47,"key":"Whetstone"},{"floor":47,"key":"Happy Flower"}],"event_choices":[{"damage_healed":0,"gold_gain":175,"player_choice":"AGREE","damage_taken":0,"max_hp_gain":0,"max_hp_loss":0,"event_name":"Liars Game","floor":3,"gold_loss":0,"cards_obtained":["Doubt"]},{"damage_healed":0,"gold_gain":75,"player_choice":"Gather Gold","damage_taken":11,"max_hp_gain":0,"max_hp_loss":0,"event_name":"World of Goop","floor":4,"gold_loss":0},{"damage_healed":0,"gold_gain":0,"player_choice":"Bought 3 Potions","damage_taken":0,"max_hp_gain":0,"max_hp_loss":0,"event_name":"The Woman in Blue","floor":5,"gold_loss":0},{"damage_healed":0,"gold_gain":0,"player_choice":"Take Wound","damage_taken":0,"relics_obtained":["Golden Idol"],"max_hp_gain":0,"max_hp_loss":0,"event_name":"Golden Idol","floor":10,"gold_loss":0,"cards_obtained":["Injury"]},{"damage_healed":0,"gold_gain":62,"player_choice":"Gained Gold","damage_taken":0,"max_hp_gain":0,"max_hp_loss":0,"event_name":"Golden Wing","floor":14,"gold_loss":0},{"damage_healed":0,"gold_gain":0,"player_choice":"Obtained Book","damage_taken":16,"max_hp_gain":0,"max_hp_loss":0,"event_name":"Cursed Tome","floor":20,"gold_loss":0},{"damage_healed":0,"gold_gain":0,"player_choice":"0 cards matched","damage_taken":0,"max_hp_gain":0,"max_hp_loss":0,"event_name":"Match and Keep!","floor":22,"gold_loss":0,"cards_obtained":[]},{"damage_healed":0,"gold_gain":0,"player_choice":"Fight","damage_taken":0,"max_hp_gain":0,"max_hp_loss":0,"event_name":"Colosseum","floor":29,"gold_loss":0},{"damage_healed":0,"gold_gain":0,"player_choice":"Fought Nobs","damage_taken":0,"max_hp_gain":0,"max_hp_loss":0,"event_name":"Colosseum","floor":29,"gold_loss":0},{"damage_healed":0,"gold_gain":0,"player_choice":"Obtained Relic","damage_taken":0,"relics_obtained":["PreservedInsect"],"max_hp_gain":0,"max_hp_loss":0,"event_name":"Addict","floor":30,"gold_loss":85},{"damage_healed":0,"gold_gain":0,"player_choice":"Max HP","damage_taken":0,"max_hp_gain":0,"max_hp_loss":4,"event_name":"Winding Halls","floor":36,"gold_loss":0},{"damage_healed":0,"gold_gain":333,"player_choice":"Gave Idol","damage_taken":0,"max_hp_gain":0,"max_hp_loss":0,"event_name":"The Moai Head","floor":38,"relics_lost":["Golden Idol"],"gold_loss":0},{"damage_healed":0,"gold_gain":0,"player_choice":"Fight","damage_taken":0,"max_hp_gain":0,"max_hp_loss":0,"event_name":"Mysterious Sphere","floor":39,"gold_loss":0},{"damage_healed":0,"gold_gain":0,"player_choice":"Fight","damage_taken":0,"max_hp_gain":0,"max_hp_loss":0,"event_name":"MindBloom","floor":45,"gold_loss":0}],"is_beta":false,"boss_relics":[{"not_picked":["Coffee Dripper","Philosopher\u0027s Stone"],"picked":"Black Star"},{"not_picked":["Velvet Choker","Tiny House"],"picked":"Snecko Eye"}],"items_purged_floors":[12,21,44],"is_endless":false,"potions_floor_spawned":[7,16,25,27,29,31,35,41,48],"ascension_level":0}}