{"host":"5p9hybygolzp0efr","time":1611410659,"event":{"mods":["AchievementEnabler","BaseMod","Bestiary","Colored Map","Minty Spire (QoL Compilation)","Permanent Neow","Relic Stats"],"gold_per_floor":[115,125,139,139,158,158,189,208,235,235,235,61,80,92,92,196,196,213,226,151,250,81,81,93,20,89,89,89],"floor_reached":27,"language":"ENG","playtime":1175,"items_purged":["Defend_P","Strike_P"],"score":294,"play_id":"93b58bcd-8195-41e9-abff-c7b5cd52e4e2","local_time":"20210123220419","is_ascension_mode":true,"campfire_choices":[{"data":"Blasphemy","floor":6,"key":"SMITH"},{"floor":10,"key":"REST"},{"floor":15,"key":"REST"},{"data":"PathToVictory","floor":23,"key":"SMITH"}],"circlet_count":0,"master_deck":["Strike_P","Defend_P","Defend_P","Defend_P","Eruption","Vigilance","InnerPeace","PathToVictory","MentalFortress","Blasphemy+1","Indignation","BowlingBash","PathToVictory","CutThroughFate","FlurryOfBlows","FlyingSleeves","Establishment","PathToVictory+1","PathToVictory","TalkToTheHand"],"relics":["Velvet Choker","Lizard Tail","Anchor","Calling Bell","Vajra","Eternal Feather","Turnip","Gremlin Horn"],"acts_visited":["Exordium","TheCity"],"potions_floor_usage":[7,13,16],"damage_taken":[{"damage":3.0,"enemies":"2 Louse","floor":1.0,"turns":2.0},{"damage":0,"enemies":"Jaw Worm","floor":2,"turns":3},{"damage":2,"enemies":"Small Slimes","floor":3,"turns":3},{"damage":9,"enemies":"2 Fungi Beasts","floor":5,"turns":4},{"damage":36,"enemies":"3 Sentries","floor":7,"turns":14},{"damage":13,"enemies":"Blue Slaver","floor":8,"turns":3},{"damage":0,"enemies":"Looter","floor":13,"turns":2},{"damage":6,"enemies":"Exordium Thugs","floor":14,"turns":3},{"damage":100028,"enemies":"The Guardian","floor":16,"turns":9},{"damage":0,"enemies":"Chosen","floor":18,"turns":3},{"damage":6,"enemies":"Shell Parasite","floor":19,"turns":3},{"damage":2,"enemies":"Snake Plant","floor":24,"turns":3},{"damage":75,"enemies":"Slavers","floor":27,"turns":4}],"seed_played":"-5134561025958779695","potions_obtained":[{"floor":1.0,"key":"ColorlessPotion"},{"floor":7,"key":"SkillPotion"},{"floor":14,"key":"Energy Potion"},{"floor":19,"key":"Weak Potion"}],"is_trial":false,"path_per_floor":["M","M","M","?","M","R","E","M","T","R","?","$","M","M","R","B",null,"M","M","?","?","$","R","M","$","T","E"],"character_chosen":"WATCHER","items_purchased":["PathToVictory","CutThroughFate","TalkToTheHand","Ancient Potion"],"campfire_rested":2,"item_purchase_floors":[12,12,22,25],"current_hp_per_floor":[69,69,67,60,51,51,15,2,2,23,23,23,23,17,38,36,63,63,57,57,57,57,69,67,67,67,0,0],"gold":89,"neow_bonus":"BOSS_RELIC","is_daily":false,"chose_seed":false,"campfire_upgraded":2,"win_rate":0.0,"timestamp":1611410659,"path_taken":["M","M","M","?","M","R","E","M","T","R","?","?","?","M","R","BOSS","M","M","?","?","$","R","M","?","T","E"],"items_purchased_type":["Card","Card","Card","Potion"],"build_version":"2020-12-22","purchased_purges":2,"victory":false,"max_hp_per_floor":[72,72,72,72,72,72,72,72,72,72,72,72,72,72,72,72,72,72,72,72,72,72,72,72,72,72,72,72],"relic_stats":{"Lizard Tail":36,"Gremlin Horn":[2,2],"counters":[13,56],"Eternal Feather":12,"Turnip":[2],"obtain_stats":[{"Calling Bell":17,"Lizard Tail":7,"Anchor":9,"Gremlin Horn":26,"Velvet Choker":0,"Vajra":17,"Eternal Feather":17,"Turnip":17,"PureWater":0},{"Calling Bell":9,"Lizard Tail":5,"Anchor":6,"Gremlin Horn":12,"Velvet Choker":0,"Vajra":9,"Eternal Feather":9,"Turnip":9,"PureWater":0},{"Calling Bell":43,"Lizard Tail":26,"Anchor":29,"Gremlin Horn":52,"Velvet Choker":0,"Vajra":43,"Eternal Feather":43,"Turnip":43,"PureWater":0}]},"card_choices":[{"not_picked":["Collect","CrushJoints"],"picked":"InnerPeace","floor":1.0},{"not_picked":["Evaluate","EmptyBody"],"picked":"PathToVictory","floor":2},{"not_picked":["DeceiveReality","Prostrate"],"picked":"MentalFortress","floor":3},{"not_picked":["SandsOfTime","FlyingSleeves"],"picked":"Blasphemy","floor":5},{"not_picked":["DeceiveReality","Swivel"],"picked":"Indignation","floor":7},{"not_picked":["Swivel","FearNoEvil"],"picked":"BowlingBash","floor":8},{"not_picked":["Wireheading","ClearTheMind"],"picked":"FlurryOfBlows","floor":13},{"not_picked":["Evaluate","Perseverance"],"picked":"FlyingSleeves","floor":14},{"not_picked":["Wish","ConjureBlade"],"picked":"Establishment","floor":16},{"not_picked":["FlurryOfBlows","MentalFortress"],"picked":"PathToVictory","floor":18},{"not_picked":["Conclude+1","ClearTheMind"],"picked":"PathToVictory","floor":19},{"not_picked":["Fasting2","BowlingBash","Halt"],"picked":"SKIP","floor":24}],"player_experience":523833,"relics_obtained":[{"floor":7,"key":"Lizard Tail"},{"floor":9,"key":"Anchor"},{"floor":17,"key":"Vajra"},{"floor":17,"key":"Eternal Feather"},{"floor":17,"key":"Turnip"},{"floor":26,"key":"Gremlin Horn"}],"event_choices":[{"cards_removed":["Strike_P"],"damage_healed":0,"gold_gain":0,"player_choice":"Card Removal","damage_taken":7,"max_hp_gain":0,"max_hp_loss":0,"event_name":"Golden Wing","floor":4,"gold_loss":0},{"damage_healed":0,"gold_gain":0,"player_choice":"Ignored","damage_taken":0,"max_hp_gain":0,"max_hp_loss":0,"event_name":"Shining Light","floor":11,"gold_loss":0},{"cards_removed":["Strike_P"],"damage_healed":0,"gold_gain":0,"player_choice":"Gave Gold","damage_taken":0,"max_hp_gain":0,"max_hp_loss":0,"event_name":"Beggar","floor":20,"gold_loss":75},{"damage_healed":0,"gold_gain":99,"player_choice":"Stole From Cult","damage_taken":0,"max_hp_gain":0,"max_hp_loss":0,"event_name":"Nest","floor":21,"gold_loss":0}],"is_beta":false,"boss_relics":[{"not_picked":["Busted Crown","Sozu"],"picked":"Calling Bell"}],"items_purged_floors":[12,22],"is_endless":false,"potions_floor_spawned":[1,7,14,19],"killed_by":"Slavers","ascension_level":5}}