{"host":"v1m5rkjj38qutr02","time":1611382690,"event":{"mods":["Act Like it!","BaseMod","Challenge The Spire","Conspire","Gensokyo","GungeonMod","Hallownest","Minty Spire (QoL Compilation)","Replay The Spire","StSLib","The Bug Knight","Youmu£®ªÍ∆«—˝√Œ£©"],"gold_per_floor":[114,114,60,70,70,102,102,129,129,129,148,161,32,67,67,162,162,181,95,95,95,107,107,126,160,184,184,197,197,48,58,58,160,160,178,190,190,95,107,133,145,155,155,155,181,198,215,215,215,215,215,215,13,41,41,41],"floor_reached":55,"language":"ZHS","playtime":3208,"items_purged":["Strike_YM","Strike_YM","Strike_YM"],"score":805,"play_id":"09ca267d-9f3e-4d49-ac25-fb3cdbd7a4bb","local_time":"20210123141809","is_ascension_mode":true,"campfire_choices":[{"data":"HumanKnowledgeSword","floor":7.0,"key":"SMITH"},{"data":"TwoHundredYojanaInOneSlash","floor":10.0,"key":"SMITH"},{"data":"SwordExtraction","floor":15.0,"key":"SMITH"},{"data":"RitualDagger","floor":23.0,"key":"SMITH"},{"data":"TransmigrationSlash","floor":27.0,"key":"SMITH"},{"data":"MatsuyoiReflectingSatelliteSlash","floor":29.0,"key":"SMITH"},{"data":"SuddenDivineSeveringOfKarmicWind","floor":32.0,"key":"SMITH"},{"data":"SuddenDivineSeveringOfKarmicWind","floor":44,"key":"SMITH"},{"floor":49,"key":"RECALL"},{"data":"HeavenSword","floor":52,"key":"SMITH"}],"circlet_count":0,"master_deck":["Defend_YM","Defend_YM","Defend_YM","Defend_YM","SlashOfPresentWorld","CrescentMoonSlash","HumanKnowledgeSword+1","TransmigrationSlash+1","SpiritCuttingSword+1","TwoHundredYojanaInOneSlash+1","HumanKnowledgeSword","HumanGodSword","SwordExtraction+1","BizarrenessOfSixRealms","MatsuyoiReflectingSatelliteSlash+1","HellFireSword","SwordExtraction+1","HeavenlyHaloSlash","RitualDagger+1","Decay","HellFireSword","AsTheSilentNirvana+1","SuddenDivineSeveringOfKarmicWind+1","SuddenDivineSeveringOfKarmicWind+1","Gensokyo:ImpossibleRequest","ObsessionWithThePresentWorld+1","SuddenPhantomFormationSlashOfKarmicWind+1","FantasyOfEnteringEnlightenment+1","HeavenSword+1","HumanRealmSword+1"],"relics":["HalfPhantom","NeowsBlessing","Matryoshka","conspire:InfiniteJournal","Mirror","Ancient Tea Set","Replay:Rubber Ducky","DemoMod:MeltedRock","Philosopher\u0027s Stone","Lantern","Onion Ring","conspire:SpecialSausage","ReplayTheSpireMod:CursedCoin","Bag of Marbles","Mummified Hand","War Paint","conspire:DecoderRing","Sundial"],"acts_visited":["Exordium","TheCity","TheBeyond","TheEnding"],"potions_floor_usage":[50,55,55],"damage_taken":[{"damage":0.0,"enemies":"Cultist","floor":1.0,"turns":1.0},{"damage":0.0,"enemies":"Small Slimes","floor":4.0,"turns":1.0},{"damage":0.0,"enemies":"Gremlin Nob","floor":6.0,"turns":1.0},{"damage":9.0,"enemies":"3 Sentries","floor":8.0,"turns":7.0},{"damage":0.0,"enemies":"2 Louse","floor":11.0,"turns":2.0},{"damage":0.0,"enemies":"Looter","floor":12.0,"turns":4.0},{"damage":15.0,"enemies":"Gremlin Nob","floor":14.0,"turns":5.0},{"damage":26.0,"enemies":"The Guardian","floor":16.0,"turns":15.0},{"damage":20.0,"enemies":"3 Byrds","floor":18.0,"turns":4.0},{"damage":17.0,"enemies":"Spheric Guardian","floor":22.0,"turns":4.0},{"damage":0.0,"enemies":"Centurion and Healer","floor":24.0,"turns":6.0},{"damage":16.0,"enemies":"HollowMod:Nosk","floor":25.0,"turns":10.0},{"damage":3.0,"enemies":"Snake Plant","floor":28.0,"turns":3.0},{"damage":6.0,"enemies":"Snecko","floor":31.0,"turns":6.0},{"damage":39.0,"enemies":"conspire:MysteriousRune","floor":33.0,"turns":13.0},{"damage":13.0,"enemies":"3 Shapes","floor":35.0,"turns":3.0},{"damage":0.0,"enemies":"Orb Walker","floor":36.0,"turns":3.0},{"damage":5.0,"enemies":"Sphere and 2 Shapes","floor":39.0,"turns":3.0},{"damage":18,"enemies":"Nemesis","floor":40,"turns":21},{"damage":0,"enemies":"Spire Growth","floor":41,"turns":3},{"damage":9,"enemies":"3 Darklings","floor":42,"turns":4},{"damage":9,"enemies":"Reptomancer","floor":45,"turns":3},{"damage":0,"enemies":"Maw","floor":46,"turns":7},{"damage":15,"enemies":"Transient","floor":47,"turns":5},{"damage":29,"enemies":"Awakened One","floor":50,"turns":11},{"damage":0,"enemies":"Shield and Spear","floor":54,"turns":3},{"damage":88,"enemies":"The Heart","floor":55,"turns":9}],"seed_played":"-4790993782633043235","potions_obtained":[{"floor":8.0,"key":"Venom Potion"},{"floor":16.0,"key":"DuplicationPotion"},{"floor":18.0,"key":"Energy Potion"},{"floor":31.0,"key":"AttackPotion"},{"floor":36.0,"key":"Doom Potion"},{"floor":37.0,"key":"Energy Potion"},{"floor":37.0,"key":"CausticAgent"}],"is_trial":false,"path_per_floor":["M","T","$","M","?","E","R","E","T","R","M","M","$","E","R","B",null,"M","$","?","?","M","R","M","E","T","R","M","R","$","M","R","B",null,"M","M","?","$","M","E","M","M","T","R","E","M","M","?","R","B",null,"R","$","E","B"],"character_chosen":"YOUMU","items_purchased":["HumanKnowledgeSword","SwordExtraction","SwordExtraction","HeavenlyHaloSlash","SuddenDivineSeveringOfKarmicWind","ReplayTheSpireMod:CursedCoin","Bag of Marbles","Reflective Coating"],"campfire_rested":0,"item_purchase_floors":[3,13,19,19,30,38,38,53],"current_hp_per_floor":[75,75,75,75,75,75,75,66,66,66,66,75,75,60,60,44,75,55,55,49,49,42,42,54,47,47,47,62,62,62,56,56,36,75,62,62,62,62,75,57,70,61,61,61,52,75,75,75,75,46,75,75,75,75,8,8],"gold":41,"neow_bonus":"THREE_ENEMY_KILL","is_daily":false,"chose_seed":false,"campfire_upgraded":9,"win_rate":0.0,"timestamp":1611382689,"path_taken":["M","?","$","M","?","E","R","E","T","R","M","?","$","E","R","BOSS","M","$","?","?","M","R","?","E","T","R","M","R","$","?","R","BOSS","M","M","?","$","M","E","M","M","T","R","E","?","M","?","R","BOSS","R","$","E","BOSS"],"items_purchased_type":["Card","Card","Card","Card","Card","Relic","Relic","Potion"],"build_version":"2020-12-22","purchased_purges":3,"victory":false,"max_hp_per_floor":[75,75,75,75,75,75,75,75,75,75,75,75,75,75,75,75,75,75,75,75,75,75,75,75,75,75,75,75,75,75,75,75,75,75,75,75,75,75,75,75,75,75,75,75,75,75,75,75,75,75,75,75,75,75,75,75],"card_choices":[{"not_picked":["DispleasureOfTheSevenHakus","SlashOfDelusionalInnerEye"],"picked":"CrescentMoonSlash","floor":1.0},{"not_picked":["ConstancyOfTheConventionalTruth","TwoHundredYojanaInOneSlash"],"picked":"TransmigrationSlash","floor":4.0},{"not_picked":["BloodOfAsura","ConstancyOfTheConventionalTruth"],"picked":"SpiritCuttingSword","floor":6.0},{"not_picked":["GhostSword","SlashOfMeditation"],"picked":"TwoHundredYojanaInOneSlash","floor":8.0},{"not_picked":["CrescentMoonSlash","FlashingScatteredFlowers"],"picked":"HumanKnowledgeSword","floor":11.0},{"not_picked":["KarmicPunishmentOfTheIdleAndUnfocused","SpiderLilyBurial"],"picked":"HumanGodSword","floor":12.0},{"not_picked":["TenKingsRetributionOnThePreta","SanzenSekai"],"picked":"BizarrenessOfSixRealms","floor":14.0},{"not_picked":["CherryBlossomSword","IrresoluteSoul"],"picked":"MatsuyoiReflectingSatelliteSlash","floor":16.0},{"not_picked":["SanzenSekai","GhostSword"],"picked":"HellFireSword","floor":18.0},{"not_picked":["SpiritCuttingSword+1","SanzenSekai"],"picked":"HellFireSword","floor":22.0},{"not_picked":["HumanKnowledgeSword","PhosphoricSlash+1","PreachingAvici"],"picked":"SKIP","floor":24.0},{"not_picked":["CherryBlossomFlashing","DispleasureOfTheSevenHakus","ConstancyOfTheConventionalTruth"],"picked":"SKIP","floor":25.0},{"not_picked":["HumanKnowledgeSword+1","TurningAngelCut"],"picked":"AsTheSilentNirvana+1","floor":28.0},{"not_picked":["LowerRealmReflectionSlash","RapidSlash","SpiritCuttingSword"],"picked":"SKIP","floor":31.0},{"not_picked":["HeavenGodSword","SlashOfTheEternalFuture"],"picked":"SuddenDivineSeveringOfKarmicWind","floor":33.0},{"not_picked":["CherryBlossomFlashing","SlashOfMeditation+1","LifeCuttingSword"],"picked":"SKIP","floor":35.0},{"not_picked":["HumanGodSword","DispleasureOfTheSevenHakus+1","SlashOfDepartureFromHesitation+1"],"picked":"SKIP","floor":36.0},{"not_picked":["RapidSlash","SanzenSekai"],"picked":"ObsessionWithThePresentWorld+1","floor":39.0},{"not_picked":["HeavenlyHaloSlash+1","CrescentMoonSlash+1"],"picked":"SuddenPhantomFormationSlashOfKarmicWind+1","floor":40},{"not_picked":["SwordExtraction+1","CrescentMoonSlash+1","ThoughtCuttingSword"],"picked":"SKIP","floor":41},{"not_picked":["HeavenlyHaloSlash+1","DispleasureOfTheSevenHakus+1"],"picked":"FantasyOfEnteringEnlightenment+1","floor":42},{"not_picked":["TwoHundredYojanaInOneSlash+1","EchoesOfTheInclemencyOfAllBeings"],"picked":"HeavenSword","floor":45},{"not_picked":["LifeCuttingSword","TurningAngelCut+1"],"picked":"HumanRealmSword+1","floor":46},{"not_picked":["SwordExtraction","CherryBlossomFlashing","RapidSlash+1"],"picked":"SKIP","floor":47},{"not_picked":["FlashingScatteredFlowers+1","HellRealmSword","DoubleWheelOfPain+1"],"picked":"SKIP","floor":54}],"player_experience":421151,"relics_obtained":[{"floor":2.0,"key":"Matryoshka"},{"floor":6.0,"key":"conspire:InfiniteJournal"},{"floor":8.0,"key":"Mirror"},{"floor":9.0,"key":"Ancient Tea Set"},{"floor":9.0,"key":"Replay:Rubber Ducky"},{"floor":14.0,"key":"DemoMod:MeltedRock"},{"floor":25.0,"key":"Lantern"},{"floor":26.0,"key":"Onion Ring"},{"floor":40,"key":"Mummified Hand"},{"floor":43,"key":"War Paint"},{"floor":45,"key":"conspire:DecoderRing"},{"floor":54,"key":"Sundial"}],"event_choices":[{"cards_removed":["Strike_YM"],"damage_healed":0.0,"max_hp_gain":0.0,"max_hp_loss":0.0,"gold_gain":0.0,"event_name":"Purifier","player_choice":"Purged","floor":5.0,"gold_loss":0.0,"damage_taken":0.0},{"damage_healed":0.0,"max_hp_gain":0.0,"max_hp_loss":0.0,"gold_gain":0.0,"event_name":"Nest","player_choice":"Joined the Cult","floor":20.0,"gold_loss":0.0,"damage_taken":6.0,"cards_obtained":["RitualDagger"]},{"damage_healed":0.0,"max_hp_gain":0.0,"max_hp_loss":0.0,"gold_gain":0.0,"event_name":"Forgotten Altar","player_choice":"Smashed Altar","floor":21.0,"gold_loss":0.0,"damage_taken":0.0,"cards_obtained":["Decay"]},{"damage_healed":0.0,"max_hp_gain":0.0,"max_hp_loss":0.0,"gold_gain":0.0,"event_name":"Lab","player_choice":"Got Potions","floor":37.0,"gold_loss":0.0,"damage_taken":0.0},{"cards_removed":["WheelOfPainOfLivingAndDead"],"damage_healed":0,"gold_gain":0,"player_choice":"Removed Skill","damage_taken":0,"max_hp_gain":0,"max_hp_loss":0,"event_name":"Falling","floor":48,"gold_loss":0}],"is_beta":false,"boss_relics":[{"not_picked":["conspire:SlowCooker","Ring of Chaos"],"picked":"Philosopher\u0027s Stone"},{"not_picked":["ReplayTheSpireMod:DimensionalGlitch","ChewingGum"],"picked":"conspire:SpecialSausage"}],"items_purged_floors":[13,38,53],"is_endless":false,"potions_floor_spawned":[8,16,18,31,36,41,45,47],"killed_by":"The Heart","ascension_level":1}}