{"host":"f0gpob8hq9vgebej","time":1611381073,"event":{"mods":["AchievementEnabler","BaseMod","Minty Spire (QoL Compilation)","Quick Restart","SuperFastMode"],"gold_per_floor":[314,115,126,126,51,63,63,98,98,143,143,178,193,58,89,89,194,194,208,33,51,51,67,67,79,112,112,62,62,62,12,22,22,122,122,133,133,47,67,80,80,99,99,99,114,64,0,0,0,0,0],"floor_reached":51,"language":"KOR","playtime":974,"items_purged":["Strike_G","Strike_G","Strike_G","Strike_G","Writhe","Dagger Spray","Noxious Fumes+1"],"score":1115,"play_id":"fb50ca2b-9e63-432c-8083-67ad90857336","local_time":"20210123145113","is_ascension_mode":true,"campfire_choices":[{"data":"Venomology","floor":6.0,"key":"SMITH"},{"data":"Noxious Fumes","floor":8.0,"key":"SMITH"},{"data":"Blade Dance","floor":15.0,"key":"SMITH"},{"floor":23.0,"key":"REST"},{"data":"Envenom","floor":28.0,"key":"SMITH"},{"data":"Accuracy","floor":32.0,"key":"SMITH"},{"data":"Accuracy","floor":40,"key":"SMITH"},{"data":"Choke","floor":42,"key":"SMITH"},{"floor":49,"key":"RECALL"}],"circlet_count":0,"master_deck":["AscendersBane","Defend_G+1","Defend_G+1","Defend_G+1","Survivor+1","Neutralize+1","Venomology+1","Poisoned Stab+1","Blade Dance+1","Footwork+1","Prepared+1","Finesse+1","Accuracy+1","Blade Dance+1","Envenom+1","Adrenaline+1","Deadly Poison+1","Sucker Punch+1","Dodge and Roll+1","Blade Dance+1","Neutralize+1","Choke+1","Accuracy+1","Terror+1","Phantasmal Killer+1"],"relics":["Ring of the Snake","Art of War","Smiling Mask","Kunai","Ornamental Fan","HoveringKite","Letter Opener","MealTicket","Matryoshka","Astrolabe","Nunchaku","Unceasing Top","Red Mask","Mark of the Bloom"],"acts_visited":["Exordium","TheCity","TheBeyond"],"potions_floor_usage":[39,41,44,44,47,47,50],"damage_taken":[{"damage":2.0,"enemies":"Jaw Worm","floor":1.0,"turns":6.0},{"damage":5.0,"enemies":"Cultist","floor":2.0,"turns":5.0},{"damage":4.0,"enemies":"2 Louse","floor":5.0,"turns":3.0},{"damage":18.0,"enemies":"Gremlin Nob","floor":7.0,"turns":5.0},{"damage":13.0,"enemies":"3 Sentries","floor":11.0,"turns":8.0},{"damage":6.0,"enemies":"Exordium Wildlife","floor":12.0,"turns":3.0},{"damage":0.0,"enemies":"Gremlin Nob","floor":14.0,"turns":3.0},{"damage":12.0,"enemies":"Slime Boss","floor":16.0,"turns":10.0},{"damage":12.0,"enemies":"3 Byrds","floor":18.0,"turns":4.0},{"damage":4.0,"enemies":"Chosen","floor":20.0,"turns":4.0},{"damage":28.0,"enemies":"Sentry and Sphere","floor":22.0,"turns":5.0},{"damage":10.0,"enemies":"Snake Plant","floor":24.0,"turns":5.0},{"damage":5.0,"enemies":"Gremlin Leader","floor":25.0,"turns":6.0},{"damage":14.0,"enemies":"Centurion and Healer","floor":31.0,"turns":4.0},{"damage":19.0,"enemies":"Automaton","floor":33.0,"turns":7.0},{"damage":7.0,"enemies":"3 Shapes","floor":35.0,"turns":3.0},{"damage":0.0,"enemies":"Orb Walker","floor":38.0,"turns":2.0},{"damage":0,"enemies":"Maw","floor":39,"turns":5},{"damage":17,"enemies":"Transient","floor":41,"turns":5},{"damage":7,"enemies":"4 Shapes","floor":44,"turns":5},{"damage":0,"enemies":"Spire Growth","floor":47,"turns":3},{"damage":0,"enemies":"Awakened One","floor":50,"turns":5}],"seed_played":"8903878308891868741","potions_obtained":[{"floor":1.0,"key":"GhostInAJar"},{"floor":12.0,"key":"Fire Potion"},{"floor":16.0,"key":"DistilledChaos"},{"floor":20.0,"key":"Ancient Potion"},{"floor":24.0,"key":"AttackPotion"},{"floor":44,"key":"Block Potion"}],"is_trial":false,"path_per_floor":["M","M","?","$","M","R","E","R","T","?","E","M","$","E","R","B",null,"M","$","M","?","M","R","M","E","T","$","R","?","$","M","R","B",null,"M","?","$","M","M","R","M","R","T","M","$","?","M","?","R","B",null],"character_chosen":"THE_SILENT","items_purchased":["Finesse","Accuracy","Blade Dance","Accuracy"],"campfire_rested":1,"item_purchase_floors":[13,19,19,37],"current_hp_per_floor":[49,61,56,61,61,57,57,39,39,39,39,41,35,35,35,35,23,62,50,50,46,46,18,40,30,25,25,40,40,40,55,41,41,22,62,55,55,70,70,70,70,53,53,53,46,61,61,61,61,61,61],"gold":0,"neow_bonus":"ONE_RANDOM_RARE_CARD","is_daily":false,"chose_seed":false,"campfire_upgraded":7,"win_rate":0.0,"timestamp":1611381073,"path_taken":["M","M","?","$","M","R","E","R","T","?","E","M","$","E","R","BOSS","M","$","?","?","M","R","M","E","T","$","R","?","$","M","R","BOSS","M","?","$","?","M","R","M","R","T","M","$","?","M","?","R","BOSS"],"items_purchased_type":["Card","Card","Card","Card"],"build_version":"2020-12-22","purchased_purges":7,"victory":true,"max_hp_per_floor":[63,70,70,75,75,75,75,75,75,75,75,75,75,75,75,75,75,75,75,75,75,75,75,75,75,75,75,75,75,75,75,75,75,75,75,75,75,75,75,75,75,75,75,75,75,75,75,75,75,75,75],"card_choices":[{"not_picked":["Acrobatics","Flying Knee"],"picked":"Poisoned Stab","floor":1.0},{"not_picked":["Dodge and Roll","Setup"],"picked":"Blade Dance","floor":2.0},{"not_picked":["Bane","Deadly Poison"],"picked":"Footwork","floor":5.0},{"not_picked":["Dash","Outmaneuver"],"picked":"Noxious Fumes","floor":7.0},{"not_picked":["Escape Plan","Blur"],"picked":"Prepared","floor":11.0},{"not_picked":["PiercingWail","Poisoned Stab","Outmaneuver"],"picked":"SKIP","floor":12.0},{"not_picked":["Flying Knee","Underhanded Strike"],"picked":"Dagger Spray","floor":14.0},{"not_picked":["Outmaneuver","Sucker Punch","Flying Knee+1"],"picked":"SKIP","floor":18.0},{"not_picked":["Deflect","PiercingWail","Quick Slash"],"picked":"SKIP","floor":20.0},{"not_picked":["Predator","Infinite Blades","Expertise"],"picked":"SKIP","floor":22.0},{"not_picked":["Poisoned Stab","Quick Slash","Bane+1"],"picked":"SKIP","floor":24.0},{"not_picked":["Underhanded Strike","Backflip"],"picked":"Envenom","floor":25.0},{"not_picked":["All Out Attack","Flying Knee","Deadly Poison"],"picked":"SKIP","floor":31.0},{"not_picked":["Doppelganger","Glass Knife"],"picked":"Adrenaline","floor":33.0},{"not_picked":["Prepared","PiercingWail+1"],"picked":"Blade Dance+1","floor":35.0},{"not_picked":["Poisoned Stab","Calculated Gamble+1"],"picked":"Terror+1","floor":38.0},{"not_picked":["PiercingWail+1","Terror","Dodge and Roll+1"],"picked":"SKIP","floor":39},{"not_picked":["Deflect","Dagger Throw+1","Deadly Poison+1"],"picked":"SKIP","floor":41},{"not_picked":["Poisoned Stab+1","Finisher"],"picked":"Phantasmal Killer","floor":44}],"player_experience":223596,"relics_obtained":[{"floor":7.0,"key":"Art of War"},{"floor":9.0,"key":"Smiling Mask"},{"floor":11.0,"key":"Kunai"},{"floor":14.0,"key":"Ornamental Fan"},{"floor":25.0,"key":"Letter Opener"},{"floor":26.0,"key":"MealTicket"},{"floor":43,"key":"Nunchaku"},{"floor":43,"key":"Unceasing Top"}],"event_choices":[{"damage_healed":0.0,"max_hp_gain":5.0,"max_hp_loss":0.0,"gold_gain":0.0,"event_name":"Big Fish","player_choice":"Donut","floor":3.0,"gold_loss":0.0,"damage_taken":0.0},{"damage_healed":0.0,"max_hp_gain":0.0,"max_hp_loss":0.0,"gold_gain":0.0,"event_name":"Upgrade Shrine","player_choice":"Upgraded","floor":10.0,"gold_loss":0.0,"damage_taken":0.0,"cards_upgraded":["Poisoned Stab"]},{"damage_healed":0.0,"max_hp_gain":0.0,"max_hp_loss":0.0,"gold_gain":0.0,"event_name":"The Mausoleum","player_choice":"Opened","floor":29.0,"gold_loss":0.0,"damage_taken":0.0,"relics_obtained":["Matryoshka"],"cards_obtained":["Writhe"]},{"damage_healed":0.0,"max_hp_gain":0.0,"max_hp_loss":0.0,"gold_gain":0.0,"event_name":"Match and Keep!","player_choice":"2 cards matched","floor":36.0,"gold_loss":0.0,"damage_taken":0.0,"cards_obtained":["Neutralize","Choke"]},{"damage_healed":0,"gold_gain":0,"player_choice":"Paid","damage_taken":0,"relics_obtained":["Red Mask"],"max_hp_gain":0,"max_hp_loss":0,"event_name":"Tomb of Lord Red Mask","floor":46,"gold_loss":64},{"damage_healed":0,"gold_gain":0,"player_choice":"Upgrade","damage_taken":0,"relics_obtained":["Mark of the Bloom"],"max_hp_gain":0,"max_hp_loss":0,"event_name":"MindBloom","floor":48,"gold_loss":0,"cards_upgraded":["Defend_G","Defend_G","Defend_G","Survivor","Neutralize","Footwork","Prepared","Finesse","Blade Dance","Adrenaline","Neutralize","Phantasmal Killer"]}],"is_beta":false,"boss_relics":[{"not_picked":["Busted Crown","Fusion Hammer"],"picked":"HoveringKite"},{"not_picked":["Philosopher\u0027s Stone","Runic Dome"],"picked":"Astrolabe"}],"items_purged_floors":[4,13,19,27,30,37,45],"is_endless":false,"potions_floor_spawned":[1,5,12,16,20,24,44],"ascension_level":10}}