{"host":"7tvb1em0d2fx72q7","time":1611381295,"event":{"mods":["BaseMod","Challenge The Spire","Minty Spire (QoL Compilation)","StSLib","everything is the same but u backflip on backflip"],"gold_per_floor":[115,126,145,145,145,145,178,178,227,242,277,301,31,44,44,119,119,139,167,179,191,202,202,202],"floor_reached":23,"language":"ENG","playtime":1922,"items_purged":["Defend_B"],"score":406,"play_id":"376b0bd0-2fd4-4491-9250-211d6bd17423","local_time":"20210123005455","is_ascension_mode":true,"campfire_choices":[{"floor":6.0,"key":"REST"},{"data":"Doom and Gloom","floor":8.0,"key":"SMITH"},{"floor":15.0,"key":"REST"}],"circlet_count":0,"master_deck":["AscendersBane","Strike_B","Strike_B","Strike_B","Defend_B","Defend_B+1","Defend_B+1","Zap","Dualcast","Self Repair","Doom and Gloom+1","Ball Lightning","Conserve Battery","Sweeping Beam","Coolheaded","Chaos","Storm","Coolheaded","Compile Driver","Ball Lightning","Biased Cognition","Barrage","Coolheaded","Force Field","Cold Snap"],"relics":["Cracked Core","Juzu Bracelet","Orichalcum","Anchor","Odd Mushroom","Sozu","Red Mask"],"acts_visited":["Exordium","TheCity"],"potions_floor_usage":[23,23],"damage_taken":[{"damage":12.0,"enemies":"Jaw Worm","floor":1.0,"turns":4.0},{"damage":8.0,"enemies":"Small Slimes","floor":2.0,"turns":2.0},{"damage":2.0,"enemies":"2 Louse","floor":3.0,"turns":3.0},{"damage":15.0,"enemies":"3 Sentries","floor":7.0,"turns":5.0},{"damage":3.0,"enemies":"Looter","floor":10.0,"turns":4.0},{"damage":27.0,"enemies":"Gremlin Nob","floor":11.0,"turns":4.0},{"damage":17.0,"enemies":"The Mushroom Lair","floor":12.0,"turns":4.0},{"damage":0.0,"enemies":"Blue Slaver","floor":14.0,"turns":5.0},{"damage":9.0,"enemies":"The Guardian","floor":16.0,"turns":12.0},{"damage":3.0,"enemies":"Spheric Guardian","floor":18.0,"turns":4.0},{"damage":35,"enemies":"Masked Bandits","floor":19,"turns":4},{"damage":10,"enemies":"Chosen","floor":20,"turns":5},{"damage":2,"enemies":"Snake Plant","floor":21,"turns":4},{"damage":19,"enemies":"Shelled Parasite and Fungi","floor":22,"turns":6},{"damage":14,"enemies":"Slavers","floor":23,"turns":1}],"seed_played":"4899362502208861469","potions_obtained":[{"floor":1.0,"key":"Strength Potion"},{"floor":3.0,"key":"Block Potion"},{"floor":12.0,"key":"SpeedPotion"},{"floor":16.0,"key":"FearPotion"}],"is_trial":false,"path_per_floor":["M","M","M","?","?","R","E","R","T","M","E","?","$","M","R","B",null,"M","?","M","M","M","E"],"character_chosen":"DEFECT","items_purchased":["Coolheaded","EntropicBrew","Compile Driver"],"campfire_rested":2,"item_purchase_floors":[13,13,13],"current_hp_per_floor":[59,51,56,35,35,56,41,41,41,38,18,1,1,8,29,27,60,64,29,26,24,12,0,0],"gold":202,"neow_bonus":"TRANSFORM_CARD","is_daily":false,"chose_seed":false,"campfire_upgraded":1,"win_rate":0.0,"timestamp":1611381295,"path_taken":["M","M","M","?","?","R","E","R","T","M","E","?","$","M","R","BOSS","M","?","M","M","M","E"],"items_purchased_type":["Card","Potion","Card"],"build_version":"2020-12-22","purchased_purges":1,"victory":false,"max_hp_per_floor":[71,71,71,71,71,71,71,71,71,71,71,71,71,71,71,71,71,71,71,71,71,71,71,71],"card_choices":[{"not_picked":["Barrage","Rebound"],"picked":"Doom and Gloom","floor":1.0},{"not_picked":["Reinforced Body","Lockon"],"picked":"Ball Lightning","floor":2.0},{"not_picked":["Beam Cell","Rebound"],"picked":"Conserve Battery","floor":3.0},{"not_picked":["Lockon","Creative AI"],"picked":"Sweeping Beam","floor":7.0},{"not_picked":["Steam","Redo"],"picked":"Coolheaded","floor":10.0},{"not_picked":["Sweeping Beam","Auto Shields"],"picked":"Chaos","floor":11.0},{"not_picked":["Force Field","Blizzard"],"picked":"Storm","floor":12.0},{"not_picked":["Darkness","Double Energy"],"picked":"Ball Lightning","floor":14.0},{"not_picked":["Hyperbeam","Echo Form"],"picked":"Biased Cognition","floor":16.0},{"not_picked":["Sweeping Beam","Recycle"],"picked":"Barrage","floor":18.0},{"not_picked":["Go for the Eyes","Redo"],"picked":"Coolheaded","floor":19},{"not_picked":["Stack","Streamline"],"picked":"Force Field","floor":20},{"not_picked":["Barrage","Gash","Streamline"],"picked":"SKIP","floor":21},{"not_picked":["Stack","Melter"],"picked":"Cold Snap","floor":22}],"player_experience":1957957,"relics_obtained":[{"floor":7.0,"key":"Juzu Bracelet"},{"floor":9.0,"key":"Orichalcum"},{"floor":11.0,"key":"Anchor"},{"floor":12.0,"key":"Odd Mushroom"},{"floor":19,"key":"Red Mask"}],"event_choices":[{"damage_healed":0.0,"max_hp_gain":0.0,"max_hp_loss":0.0,"gold_gain":0.0,"event_name":"Shining Light","player_choice":"Entered Light","floor":4.0,"gold_loss":0.0,"damage_taken":21.0,"cards_upgraded":["Defend_B","Defend_B"]},{"damage_healed":0.0,"max_hp_gain":0.0,"max_hp_loss":0.0,"gold_gain":0.0,"event_name":"Liars Game","player_choice":"Ignored","floor":5.0,"gold_loss":0.0,"damage_taken":0.0},{"damage_healed":0.0,"max_hp_gain":0.0,"max_hp_loss":0.0,"gold_gain":0.0,"event_name":"Mushrooms","player_choice":"Fought Mushrooms","floor":12.0,"gold_loss":0.0,"damage_taken":0.0},{"damage_healed":0,"gold_gain":0,"player_choice":"Fought Bandits","damage_taken":0,"max_hp_gain":0,"max_hp_loss":0,"event_name":"Masked Bandits","floor":19,"gold_loss":0}],"is_beta":false,"boss_relics":[{"not_picked":["Fusion Hammer","Runic Pyramid"],"picked":"Sozu"}],"items_purged_floors":[13],"is_endless":false,"potions_floor_spawned":[1,3,12,16,21,22],"killed_by":"Slavers","ascension_level":20}}