{"host":"sav7uxregyirlf69","time":1611411827,"event":{"mods":["AchievementEnabler","BaseMod","Colored Map","DeckTracker","Keyboard Shortcuts","Minty Spire (QoL Compilation)","READ ME - Guardian Mod","StSLib","SuperFastMode"],"gold_per_floor":[112,130,180,190,201,201,229,229,282,299,310,62,62,82,82,154,154,111,161,173,173,183,183,211,211,211,236,161,172,172,45,45,123,123,143,143,159,169,224,224,94,128,151,476,476,495,510,560,560,560,560,560,560,80,113,113],"floor_reached":57,"language":"KOR","playtime":1322,"items_purged":["Pain","Anger"],"score":2654,"play_id":"88cec171-81ed-40f8-aa77-4d46b1fff611","local_time":"20210123232347","is_ascension_mode":true,"campfire_choices":[{"data":"Infernal Blade","floor":6.0,"key":"SMITH"},{"data":"Rampage","floor":15.0,"key":"SMITH"},{"data":"Corruption","floor":23.0,"key":"SMITH"},{"data":"Evolve","floor":30.0,"key":"SMITH"},{"data":"Fire Breathing","floor":32.0,"key":"SMITH"},{"data":"Body Slam","floor":40.0,"key":"SMITH"},{"data":"Dark Embrace","floor":45.0,"key":"SMITH"},{"floor":49.0,"key":"RECALL"},{"data":"Feel No Pain","floor":53.0,"key":"SMITH"}],"circlet_count":0,"master_deck":["AscendersBane","Bash","Shrug It Off","Uppercut","Feel No Pain+1","Infernal Blade+1","Fire Breathing","Rampage+1","Fiend Fire","Corruption+1","Impervious","Disarm","Burning Pact","Reckless Charge","Dropkick","Impervious","Evolve+1","Fire Breathing+1","Flame Barrier","Power Through","Shockwave","Fiend Fire","Body Slam+1","Shrug It Off","Second Wind","Dark Embrace+1","Reckless Charge","Shrug It Off","Feel No Pain","Discovery"],"relics":["Burning Blood","Eternal Feather","Toy Ornithopter","Pandora\u0027s Box","WarpedTongs","Omamori","Strawberry","Coffee Dripper","Vajra","Lantern","Smiling Mask","Old Coin","FossilizedHelix","Bronze Scales","Bag of Preparation"],"acts_visited":["Exordium","TheCity","TheBeyond","TheEnding"],"potions_floor_usage":[],"damage_taken":[{"damage":1.0,"enemies":"Cultist","floor":1.0,"turns":3.0},{"damage":15.0,"enemies":"Small Slimes","floor":2.0,"turns":6.0},{"damage":0.0,"enemies":"2 Louse","floor":4.0,"turns":4.0},{"damage":9.0,"enemies":"Lots of Slimes","floor":5.0,"turns":7.0},{"damage":10.0,"enemies":"Gremlin Nob","floor":7.0,"turns":3.0},{"damage":8.0,"enemies":"3 Louse","floor":10.0,"turns":3.0},{"damage":9.0,"enemies":"Red Slaver","floor":11.0,"turns":6.0},{"damage":3.0,"enemies":"Blue Slaver","floor":14.0,"turns":3.0},{"damage":36.0,"enemies":"Slime Boss","floor":16.0,"turns":7.0},{"damage":14.0,"enemies":"2 Thieves","floor":18.0,"turns":5.0},{"damage":4.0,"enemies":"Chosen","floor":20.0,"turns":5.0},{"damage":1.0,"enemies":"Snake Plant","floor":22.0,"turns":5.0},{"damage":35.0,"enemies":"Gremlin Leader","floor":24.0,"turns":7.0},{"damage":18.0,"enemies":"3 Cultists","floor":29.0,"turns":5.0},{"damage":24.0,"enemies":"Champ","floor":33.0,"turns":10.0},{"damage":8.0,"enemies":"Orb Walker","floor":35.0,"turns":4.0},{"damage":24.0,"enemies":"3 Darklings","floor":37.0,"turns":6.0},{"damage":0.0,"enemies":"4 Shapes","floor":38.0,"turns":5.0},{"damage":10.0,"enemies":"Giant Head","floor":42.0,"turns":7.0},{"damage":15.0,"enemies":"Mind Bloom Boss Battle","floor":44.0,"turns":5.0},{"damage":26.0,"enemies":"Spire Growth","floor":46.0,"turns":5.0},{"damage":7.0,"enemies":"Sphere and 2 Shapes","floor":47.0,"turns":5.0},{"damage":2.0,"enemies":"2 Orb Walkers","floor":48.0,"turns":4.0},{"damage":27.0,"enemies":"Donu and Deca","floor":50.0,"turns":7.0},{"damage":32.0,"enemies":"Time Eater","floor":51.0,"turns":12.0},{"damage":47.0,"enemies":"Shield and Spear","floor":55.0,"turns":5.0},{"damage":16,"enemies":"The Heart","floor":56,"turns":11}],"seed_played":"-3193643050405770574","potions_obtained":[{"floor":2.0,"key":"Block Potion"},{"floor":5.0,"key":"BlessingOfTheForge"},{"floor":7.0,"key":"DistilledChaos"},{"floor":10.0,"key":"FairyPotion"},{"floor":18.0,"key":"DistilledChaos"},{"floor":29.0,"key":"DistilledChaos"},{"floor":48.0,"key":"AttackPotion"}],"is_trial":false,"path_per_floor":["M","M","?","M","M","R","E","?","T","M","M","$","?","M","R","B",null,"M","?","M","?","M","R","E","?","T","T","$","M","R","$","R","B",null,"M","?","M","M","T","R","$","E","T","?","R","M","M","?","R","B","B",null,"R","$","E","B",null],"character_chosen":"IRONCLAD","items_purchased":["Fire Breathing","Rampage","Fiend Fire","Power Through","Shockwave","Shrug It Off","Shrug It Off","Bronze Scales","Feel No Pain","Discovery","FearPotion"],"campfire_rested":0,"item_purchase_floors":[12,12,12,31,31,41,54,54,54,54,54],"current_hp_per_floor":[68,59,59,65,62,62,58,58,58,56,53,53,53,56,65,38,61,53,53,55,55,60,68,39,39,39,46,46,34,46,46,58,40,66,64,64,46,52,52,64,64,60,60,51,66,46,45,54,69,53,27,63,75,75,34,24],"gold":113,"neow_bonus":"REMOVE_TWO","is_daily":false,"chose_seed":false,"campfire_upgraded":8,"win_rate":0.0,"timestamp":1611411827,"path_taken":["M","?","?","?","M","R","E","?","T","M","M","$","?","M","R","BOSS","M","?","?","?","?","R","E","?","T","?","$","M","R","$","R","BOSS","M","?","?","M","?","R","$","E","T","?","R","M","M","?","R","BOSS","BOSS","R","$","E","BOSS"],"items_purchased_type":["Card","Card","Card","Card","Card","Card","Card","Relic","Card","Card","Potion"],"build_version":"2020-12-22","purchased_purges":2,"victory":true,"max_hp_per_floor":[68,68,68,68,68,68,68,68,68,68,68,68,68,68,68,68,68,68,68,68,68,68,68,68,68,68,75,75,75,75,75,75,75,75,75,75,75,75,75,75,75,75,75,75,75,75,75,75,75,75,75,75,75,75,75,75],"card_choices":[{"not_picked":["Battle Trance","Shockwave"],"picked":"Shrug It Off","floor":1.0},{"not_picked":["Seeing Red","Headbutt"],"picked":"Uppercut","floor":2.0},{"not_picked":["True Grit","Perfected Strike"],"picked":"Feel No Pain","floor":4.0},{"not_picked":["Clash","Rupture"],"picked":"Infernal Blade","floor":5.0},{"not_picked":["Wild Strike","Clash","Twin Strike"],"picked":"SKIP","floor":7.0},{"not_picked":["Warcry","Wild Strike","Disarm"],"picked":"SKIP","floor":10.0},{"not_picked":["Clothesline","Hemokinesis","Rupture"],"picked":"SKIP","floor":11.0},{"not_picked":["Sword Boomerang","Searing Blow","Fire Breathing"],"picked":"SKIP","floor":14.0},{"not_picked":["Exhume","Juggernaut"],"picked":"Corruption","floor":16.0},{"not_picked":["Perfected Strike","Fire Breathing","Flex"],"picked":"SKIP","floor":18.0},{"not_picked":["Warcry","Headbutt"],"picked":"Evolve","floor":20.0},{"not_picked":["Iron Wave","Twin Strike","Clothesline"],"picked":"SKIP","floor":22.0},{"not_picked":["Armaments","Flex"],"picked":"Fire Breathing","floor":24.0},{"not_picked":["Havoc","Brutality"],"picked":"Flame Barrier","floor":29.0},{"not_picked":["Reaper","Berserk"],"picked":"Fiend Fire","floor":33.0},{"not_picked":["Twin Strike","Searing Blow"],"picked":"Body Slam","floor":35.0},{"not_picked":["Headbutt","Inflame","Flex"],"picked":"SKIP","floor":37.0},{"not_picked":["Pommel Strike","Armaments","Whirlwind+1"],"picked":"SKIP","floor":38.0},{"not_picked":["Double Tap","Burning Pact+1"],"picked":"Second Wind","floor":42.0},{"not_picked":["Iron Wave+1","True Grit+1"],"picked":"Dark Embrace","floor":44.0},{"not_picked":["Rampage","Wild Strike"],"picked":"Reckless Charge","floor":46.0},{"not_picked":["Havoc","Feed","Sword Boomerang"],"picked":"SKIP","floor":47.0},{"not_picked":["Whirlwind","Havoc","Blood for Blood"],"picked":"SKIP","floor":55.0}],"player_experience":1365162,"relics_obtained":[{"floor":7.0,"key":"Eternal Feather"},{"floor":9.0,"key":"Toy Ornithopter"},{"floor":24.0,"key":"Omamori"},{"floor":27.0,"key":"Strawberry"},{"floor":39.0,"key":"Vajra"},{"floor":42.0,"key":"Lantern"},{"floor":43.0,"key":"Smiling Mask"},{"floor":44.0,"key":"Old Coin"},{"floor":48.0,"key":"FossilizedHelix"},{"floor":55.0,"key":"Bag of Preparation"}],"event_choices":[{"damage_healed":0.0,"max_hp_gain":0.0,"max_hp_loss":0.0,"gold_gain":50.0,"event_name":"Golden Shrine","player_choice":"Pray","floor":3.0,"gold_loss":0.0,"damage_taken":0.0},{"damage_healed":0.0,"max_hp_gain":0.0,"max_hp_loss":0.0,"gold_gain":0.0,"event_name":"Liars Game","player_choice":"Ignored","floor":8.0,"gold_loss":0.0,"damage_taken":0.0},{"damage_healed":0.0,"max_hp_gain":0.0,"max_hp_loss":0.0,"gold_gain":0.0,"event_name":"The Cleric","player_choice":"Leave","floor":13.0,"gold_loss":0.0,"damage_taken":0.0},{"damage_healed":0.0,"max_hp_gain":0.0,"max_hp_loss":0.0,"gold_gain":50.0,"event_name":"Golden Shrine","player_choice":"Pray","floor":19.0,"gold_loss":0.0,"damage_taken":0.0},{"damage_healed":0.0,"max_hp_gain":0.0,"max_hp_loss":0.0,"gold_gain":0.0,"event_name":"Accursed Blacksmith","player_choice":"Rummage","floor":21.0,"gold_loss":0.0,"damage_taken":0.0,"relics_obtained":["WarpedTongs"],"cards_obtained":["Pain"]},{"damage_healed":0.0,"max_hp_gain":0.0,"max_hp_loss":0.0,"gold_gain":0.0,"event_name":"Vampires","player_choice":"Ignored","floor":25.0,"gold_loss":0.0,"damage_taken":0.0},{"damage_healed":0.0,"max_hp_gain":0.0,"max_hp_loss":0.0,"gold_gain":0.0,"event_name":"Match and Keep!","player_choice":"0 cards matched","floor":36.0,"gold_loss":0.0,"damage_taken":0.0,"cards_obtained":[]},{"damage_healed":0.0,"max_hp_gain":0.0,"max_hp_loss":0.0,"gold_gain":0.0,"event_name":"MindBloom","player_choice":"Fight","floor":44.0,"gold_loss":0.0,"damage_taken":0.0},{"damage_healed":0.0,"max_hp_gain":0.0,"max_hp_loss":0.0,"gold_gain":0.0,"event_name":"Mysterious Sphere","player_choice":"Fight","floor":48.0,"gold_loss":0.0,"damage_taken":0.0}],"is_beta":false,"boss_relics":[{"not_picked":["Empty Cage","Cursed Key"],"picked":"Pandora\u0027s Box"},{"not_picked":["Tiny House","Black Blood"],"picked":"Coffee Dripper"}],"items_purged_floors":[28,41],"is_endless":false,"potions_floor_spawned":[2,5,7,10,18,29,37,38,47,48],"ascension_level":20}}