{"host":"y5l5jq411zt8gv60","time":1611378286,"event":{"mods":["BaseMod","BetterRewards","Colored Powertips","Highlight Path","Minty Spire (QoL Compilation)","Shop Mod","StSLib"],"gold_per_floor":[112,112,131,148,66,96,113,113,113,113,213,241,252,278,278,382,382,400,419,419,38,56,76,76,96,145,173,173,56,56,56,56,155,155,168,68,121,138,150,181,181,181,204,214,214,234,268,282,282,282],"floor_reached":51,"language":"ENG","playtime":2633,"items_purged":["Strike_G"],"score":847,"play_id":"977efcf5-5e22-488c-aa5d-1ef23faf1689","local_time":"20210123000446","is_ascension_mode":false,"campfire_choices":[{"data":"Accuracy","floor":8,"key":"SMITH"},{"data":"Terror","floor":15,"key":"SMITH"},{"data":"RitualDagger","floor":28,"key":"SMITH"},{"data":"Envenom","floor":30,"key":"SMITH"},{"data":"Footwork","floor":32,"key":"SMITH"},{"data":"PiercingWail","floor":41,"key":"SMITH"},{"floor":45,"key":"RECALL"},{"data":"Footwork","floor":49,"key":"SMITH"}],"circlet_count":0,"master_deck":["Strike_G","Strike_G","Strike_G","Defend_G","Defend_G","Defend_G","Defend_G","Defend_G","Survivor","Neutralize","Accuracy+1","Terror+1","Blade Dance","Flash of Steel","PiercingWail","Escape Plan","Blade Dance","Envenom+1","Escape Plan","Infinite Blades","Cloak And Dagger+1","Accuracy","RitualDagger+1","Footwork+1","Flash of Steel+1","A Thousand Cuts","Prepared+1","Mind Blast+1","Cloak And Dagger+1","Finisher+1","PiercingWail+1","Footwork+1","Finisher+1","Cloak And Dagger+1","Blade Dance+1","Footwork+1"],"relics":["Ring of the Snake","NeowsBlessing","Eternal Feather","Mango","The Specimen","Sundial","Runic Pyramid","Shuriken","MerchantsRug","Molten Egg 2","Black Star","Incense Burner","Ninja Scroll","Tough Bandages","War Paint","Boot","Akabeko"],"acts_visited":["Exordium","TheCity","TheBeyond"],"potions_floor_usage":[6,16,27,29,37,48,50,50],"damage_taken":[{"damage":0,"enemies":"Jaw Worm","floor":1,"turns":1},{"damage":0,"enemies":"Cultist","floor":3,"turns":1},{"damage":0,"enemies":"Small Slimes","floor":4,"turns":1},{"damage":3,"enemies":"Lagavulin","floor":6,"turns":6},{"damage":6,"enemies":"Looter","floor":7,"turns":4},{"damage":25,"enemies":"Gremlin Nob","floor":12,"turns":4},{"damage":5,"enemies":"Lots of Slimes","floor":13,"turns":4},{"damage":0,"enemies":"Lagavulin","floor":14,"turns":5},{"damage":29,"enemies":"Hexaghost","floor":16,"turns":8},{"damage":0,"enemies":"Chosen","floor":18,"turns":2},{"damage":2,"enemies":"2 Thieves","floor":19,"turns":4},{"damage":6,"enemies":"Snake Plant","floor":22,"turns":4},{"damage":0,"enemies":"Centurion and Healer","floor":23,"turns":5},{"damage":1,"enemies":"Snecko","floor":25,"turns":3},{"damage":8,"enemies":"Gremlin Leader","floor":27,"turns":6},{"damage":8,"enemies":"Champ","floor":33,"turns":7},{"damage":7,"enemies":"3 Darklings","floor":35,"turns":6},{"damage":39,"enemies":"2 Orb Walkers","floor":37,"turns":5},{"damage":4,"enemies":"Orb Walker","floor":38,"turns":2},{"damage":3,"enemies":"Maw","floor":39,"turns":7},{"damage":4,"enemies":"Giant Head","floor":40,"turns":6},{"damage":0,"enemies":"Spire Growth","floor":44,"turns":1},{"damage":0,"enemies":"3 Darklings","floor":46,"turns":5},{"damage":20,"enemies":"Nemesis","floor":47,"turns":7},{"damage":6,"enemies":"Sphere and 2 Shapes","floor":48,"turns":2},{"damage":40,"enemies":"Time Eater","floor":50,"turns":6}],"seed_played":"-1037169976740008151","potions_obtained":[{"floor":3,"key":"CunningPotion"},{"floor":7,"key":"FearPotion"},{"floor":12,"key":"Block Potion"},{"floor":13,"key":"Explosive Potion"},{"floor":18,"key":"Fire Potion"},{"floor":23,"key":"Strength Potion"},{"floor":25,"key":"EntropicBrew"},{"floor":35,"key":"SteroidPotion"},{"floor":37,"key":"Fruit Juice"},{"floor":39,"key":"LiquidBronze"}],"is_trial":false,"path_per_floor":["M","?","M","M","$","E","M","R","T","?","?","E","M","E","R","B",null,"M","M","?","$","M","M","?","M","T","E","R","$","R","$","R","B",null,"M","$","?","M","M","E","R","?","T","M","R","M","E","M","R","B",null],"character_chosen":"THE_SILENT","items_purchased":["Flash of Steel","Shuriken","MerchantsRug","Flash of Steel+1","Mind Blast+1","Cloak And Dagger"],"campfire_rested":0,"item_purchase_floors":[5,21,21,29,36,36],"current_hp_per_floor":[70,70,70,70,70,67,61,70,84,89,89,64,59,59,68,39,89,89,87,87,87,81,81,75,74,74,66,81,81,89,89,89,81,89,82,82,43,39,36,32,50,89,89,89,89,89,69,68,89,49],"gold":282,"neow_bonus":"THREE_ENEMY_KILL","is_daily":false,"chose_seed":false,"campfire_upgraded":7,"win_rate":0.0,"timestamp":1611378286,"path_taken":["M","?","M","?","?","E","M","R","T","?","?","E","?","E","R","BOSS","M","?","?","$","M","?","?","M","T","E","R","$","R","$","R","BOSS","M","$","?","M","M","E","R","?","T","M","R","?","E","M","R","BOSS"],"items_purchased_type":["Card","Relic","Relic","Card","Card","Card"],"build_version":"2020-12-22","purchased_purges":1,"victory":true,"max_hp_per_floor":[70,70,70,70,70,70,70,70,84,89,89,89,89,89,89,89,89,89,89,89,89,89,89,89,89,89,89,89,89,89,89,89,89,89,89,89,89,89,89,89,89,89,89,89,89,89,89,94,94,94],"card_choices":[{"not_picked":["Prepared","Sucker Punch"],"picked":"Accuracy","floor":1},{"not_picked":["Deadly Poison","Eviscerate"],"picked":"Terror","floor":3},{"not_picked":["Calculated Gamble","Finisher"],"picked":"Blade Dance","floor":4},{"not_picked":["Calculated Gamble","Caltrops"],"picked":"PiercingWail","floor":6},{"not_picked":["Dodge and Roll","Backflip"],"picked":"Escape Plan","floor":7},{"not_picked":["Bane","Eviscerate","Dash"],"picked":"SKIP","floor":12},{"not_picked":["Deadly Poison","Doppelganger"],"picked":"Blade Dance","floor":13},{"not_picked":["Prepared","Caltrops","Slice"],"picked":"SKIP","floor":14},{"not_picked":["Doppelganger","Unload"],"picked":"Envenom","floor":16},{"not_picked":["Dodge and Roll+1","Acrobatics"],"picked":"Escape Plan","floor":18},{"not_picked":["Cloak And Dagger","Predator"],"picked":"Infinite Blades","floor":19},{"not_picked":["Dagger Throw","Flying Knee"],"picked":"Cloak And Dagger","floor":22},{"not_picked":["All Out Attack+1","Distraction"],"picked":"Accuracy","floor":23},{"not_picked":["Endless Agony+1","Dash","Backstab"],"picked":"SKIP","floor":25},{"not_picked":["Underhanded Strike+1","Dodge and Roll+1"],"picked":"Footwork","floor":27},{"not_picked":["Doppelganger","Unload+1"],"picked":"A Thousand Cuts","floor":33},{"not_picked":["Dodge and Roll+1","Deadly Poison"],"picked":"Prepared+1","floor":35},{"not_picked":["Dash+1","Reflex"],"picked":"Finisher+1","floor":37},{"not_picked":["Eviscerate+1","Deadly Poison"],"picked":"PiercingWail","floor":38},{"not_picked":["Dagger Throw+1","Escape Plan+1"],"picked":"Footwork+1","floor":39},{"not_picked":["Reflex","Venomology"],"picked":"Finisher+1","floor":40},{"not_picked":["Backflip","Deadly Poison+1","Poisoned Stab+1"],"picked":"SKIP","floor":44},{"not_picked":["Skewer+1","Sucker Punch+1"],"picked":"Cloak And Dagger+1","floor":46},{"not_picked":["PiercingWail","Endless Agony+1"],"picked":"Blade Dance+1","floor":47},{"not_picked":["Cloak And Dagger","Catalyst"],"picked":"Footwork","floor":48}],"player_experience":145635,"relics_obtained":[{"floor":6,"key":"Eternal Feather"},{"floor":9,"key":"Mango"},{"floor":12,"key":"The Specimen"},{"floor":14,"key":"Sundial"},{"floor":27,"key":"Molten Egg 2"},{"floor":37,"key":"Incense Burner"},{"floor":40,"key":"Ninja Scroll"},{"floor":40,"key":"Tough Bandages"},{"floor":43,"key":"War Paint"},{"floor":47,"key":"Boot"},{"floor":47,"key":"Akabeko"}],"event_choices":[{"cards_removed":["Strike_G"],"damage_healed":0,"gold_gain":0,"player_choice":"Purged","damage_taken":0,"max_hp_gain":0,"max_hp_loss":0,"event_name":"Purifier","floor":2,"gold_loss":0},{"damage_healed":0,"gold_gain":0,"player_choice":"Donut","damage_taken":0,"max_hp_gain":5,"max_hp_loss":0,"event_name":"Big Fish","floor":10,"gold_loss":0},{"damage_healed":0,"gold_gain":100,"player_choice":"Pray","damage_taken":0,"max_hp_gain":0,"max_hp_loss":0,"event_name":"Golden Shrine","floor":11,"gold_loss":0},{"damage_healed":0,"gold_gain":0,"player_choice":"Bought 0 Potions","damage_taken":0,"max_hp_gain":0,"max_hp_loss":0,"event_name":"The Woman in Blue","floor":20,"gold_loss":0},{"damage_healed":0,"gold_gain":0,"player_choice":"Joined the Cult","damage_taken":6,"max_hp_gain":0,"max_hp_loss":0,"event_name":"Nest","floor":24,"gold_loss":0,"cards_obtained":["RitualDagger"]},{"damage_healed":0,"gold_gain":0,"player_choice":"Fight","damage_taken":0,"max_hp_gain":0,"max_hp_loss":0,"event_name":"Mysterious Sphere","floor":37,"gold_loss":0},{"damage_healed":39,"gold_gain":0,"player_choice":"Full Heal","damage_taken":0,"max_hp_gain":0,"max_hp_loss":0,"event_name":"Wheel of Change","floor":42,"gold_loss":0}],"is_beta":false,"boss_relics":[{"not_picked":["Runic Dome","Sozu"],"picked":"Runic Pyramid"},{"not_picked":["Ring of the Serpent","Snecko Eye"],"picked":"Black Star"}],"items_purged_floors":[29],"is_endless":false,"potions_floor_spawned":[3,7,12,13,18,23,25,35,37,39,44],"ascension_level":0}}