{"host":"knspyp6dy614fx6e","time":1611419088,"event":{"mods":["BaseMod","Better Altar","Better Match","Better Note","Better Sensory Stone","Better Skull","Better Third Choice","DeckTracker","Minty Spire (QoL Compilation)","Quick Restart","Relic Stats","Shop Mod","Spicy Shops","StSLib","Waifu the Spire"],"gold_per_floor":[114,114,129,143,158,193,212,238,286,79,113,125,136,149,149,251,251,263,276,276,19,19,19,52,52,52,67,67,80,80,111,111,207,207,227,245,261,276,46,72,87,112,162,162,162,182,192,207,207,207,207,207,90,117,117],"floor_reached":56,"language":"ZHS","playtime":3069,"items_purged":["Shame","Defend_R"],"score":1349,"play_id":"82f601af-73c9-4c4a-8c90-6af7b69b1e6f","local_time":"20210124002448","is_ascension_mode":true,"campfire_choices":[{"floor":15.0,"key":"REST"},{"data":"Dark Embrace","floor":23.0,"key":"SMITH"},{"data":"Shockwave","floor":25.0,"key":"SMITH"},{"data":"Battle Trance","floor":28.0,"key":"SMITH"},{"data":"Evolve","floor":32.0,"key":"SMITH"},{"floor":45.0,"key":"REST"},{"floor":49.0,"key":"RECALL"},{"data":"Fire Breathing","floor":52.0,"key":"SMITH"}],"circlet_count":0,"master_deck":["Strike_R","Strike_R","Defend_R","Defend_R","Defend_R","Bash","Demon Form+1","Fire Breathing+1","Thunderclap","Shrug It Off","Shockwave+1","Evolve+1","Pummel","Dark Embrace+1","Reaper","Apotheosis+1","Battle Trance+1","Pummel","Disarm+1","Barricade+1","Warcry+1","Exhume+1","Havoc+1","Warcry+1","Warcry+1","Metallicize+1","Warcry+1","Warcry+1"],"relics":["Burning Blood","Smiling Mask","Mercury Hourglass","Bag of Preparation","Lantern","Runic Dome","Oddly Smooth Stone","Toxic Egg 2","Tiny Chest","Frozen Egg 2","Champion Belt","MerchantsRug","Mummified Hand","Bronze Scales","Torii"],"acts_visited":["Exordium","TheCity","TheBeyond","TheEnding"],"potions_floor_usage":[55,55],"damage_taken":[{"damage":1.0,"enemies":"Jaw Worm","floor":1.0,"turns":3.0},{"damage":6.0,"enemies":"Cultist","floor":3.0,"turns":3.0},{"damage":2.0,"enemies":"2 Louse","floor":4.0,"turns":3.0},{"damage":16.0,"enemies":"Blue Slaver","floor":5.0,"turns":4.0},{"damage":28.0,"enemies":"Gremlin Nob","floor":6.0,"turns":4.0},{"damage":7.0,"enemies":"3 Louse","floor":7.0,"turns":4.0},{"damage":13.0,"enemies":"Lagavulin","floor":8.0,"turns":6.0},{"damage":12.0,"enemies":"3 Sentries","floor":11.0,"turns":4.0},{"damage":5.0,"enemies":"Looter","floor":12.0,"turns":3.0},{"damage":7.0,"enemies":"Exordium Thugs","floor":13.0,"turns":4.0},{"damage":11.0,"enemies":"Exordium Wildlife","floor":14.0,"turns":3.0},{"damage":33.0,"enemies":"Slime Boss","floor":16.0,"turns":6.0},{"damage":24.0,"enemies":"Spheric Guardian","floor":18.0,"turns":4.0},{"damage":19.0,"enemies":"Shell Parasite","floor":19.0,"turns":4.0},{"damage":18.0,"enemies":"Gremlin Leader","floor":24.0,"turns":5.0},{"damage":20.0,"enemies":"Snecko","floor":27.0,"turns":4.0},{"damage":8.0,"enemies":"3 Cultists","floor":29.0,"turns":5.0},{"damage":52.0,"enemies":"Slavers","floor":31.0,"turns":4.0},{"damage":46.0,"enemies":"Automaton","floor":33.0,"turns":8.0},{"damage":13.0,"enemies":"Orb Walker","floor":35.0,"turns":3.0},{"damage":28.0,"enemies":"3 Shapes","floor":36.0,"turns":3.0},{"damage":60.0,"enemies":"Transient","floor":37.0,"turns":5.0},{"damage":26.0,"enemies":"Writhing Mass","floor":38.0,"turns":5.0},{"damage":0.0,"enemies":"Nemesis","floor":40.0,"turns":7.0},{"damage":21.0,"enemies":"Sphere and 2 Shapes","floor":41.0,"turns":4.0},{"damage":89.0,"enemies":"Reptomancer","floor":42.0,"turns":5.0},{"damage":32.0,"enemies":"Spire Growth","floor":46.0,"turns":4.0},{"damage":42.0,"enemies":"Jaw Worm Horde","floor":47.0,"turns":4.0},{"damage":41.0,"enemies":"3 Darklings","floor":48.0,"turns":5.0},{"damage":19.0,"enemies":"Time Eater","floor":50.0,"turns":12.0},{"damage":54,"enemies":"Shield and Spear","floor":54,"turns":6},{"damage":97,"enemies":"The Heart","floor":55,"turns":11}],"seed_played":"-5673274670576613016","potions_obtained":[{"floor":4.0,"key":"LiquidBronze"},{"floor":5.0,"key":"GamblersBrew"},{"floor":11.0,"key":"ColorlessPotion"},{"floor":13.0,"key":"Energy Potion"},{"floor":18.0,"key":"EntropicBrew"},{"floor":29.0,"key":"Weak Potion"},{"floor":31.0,"key":"Fruit Juice"},{"floor":33.0,"key":"SneckoOil"},{"floor":38.0,"key":"Energy Potion"},{"floor":42.0,"key":"Swift Potion"},{"floor":46.0,"key":"ElixirPotion"},{"floor":47.0,"key":"Dexterity Potion"}],"is_trial":false,"path_per_floor":["M","?","M","M","M","E","M","E","T","$","E","M","M","M","R","B",null,"M","M","?","$","?","R","E","R","T","M","R","M","T","E","R","B",null,"M","M","M","M","$","E","M","E","T","?","R","M","M","M","R","B",null,"R","$","E","B",null],"character_chosen":"IRONCLAD","items_purchased":["Lantern","PowerPotion","Apotheosis","Battle Trance","MerchantsRug","Mummified Hand","Warcry+1","Metallicize+1","Bronze Scales"],"campfire_rested":2,"item_purchase_floors":[10,10,21,21,39,39,39,39,53],"current_hp_per_floor":[61,61,61,65,55,33,32,25,25,25,19,20,19,14,38,11,80,62,49,49,49,49,49,77,77,77,63,63,78,78,79,79,72,85,78,81,43,35,35,48,49,10,10,10,51,62,70,87,87,87,87,87,87,83,20],"gold":117,"neow_bonus":"THREE_RARE_CARDS","is_daily":false,"chose_seed":false,"campfire_upgraded":5,"win_rate":0.0,"timestamp":1611419088,"path_taken":["M","?","M","M","?","E","M","E","T","$","E","M","?","M","R","BOSS","M","?","?","$","?","R","E","R","T","?","R","M","?","E","R","BOSS","M","?","M","M","$","E","M","E","T","?","R","M","M","M","R","BOSS","R","$","E","BOSS"],"items_purchased_type":["Relic","Potion","Card","Card","Relic","Relic","Card","Card","Relic"],"build_version":"2020-12-22","purchased_purges":2,"victory":true,"max_hp_per_floor":[80,80,80,80,80,80,80,80,80,80,80,80,80,80,80,80,80,80,80,80,80,80,80,80,80,80,80,80,80,80,85,85,85,85,85,85,85,85,85,92,92,92,92,87,87,87,87,87,87,87,87,87,87,87,87],"relic_stats":{"Torii":25,"counters":[32,155],"Mummified Hand":[55],"Bronze Scales":[177],"Tiny Chest":0,"Bag of Preparation":[50],"Champion Belt":[61],"Smiling Mask":75,"obtain_stats":[{"MerchantsRug":39,"Lantern":10,"Regal Pillow":42,"Torii":54,"Astrolabe":34,"Oddly Smooth Stone":26,"Bag of Preparation":9,"Frozen Egg 2":30,"Smiling Mask":6,"Burning Blood":0,"Mercury Hourglass":8,"Runic Dome":17,"Dream Catcher":24,"Matryoshka":11,"Mummified Hand":39,"Strawberry":40,"Bronze Scales":53,"Tiny Chest":30,"Champion Belt":31,"Toxic Egg 2":26},{"MerchantsRug":23,"Lantern":7,"Regal Pillow":26,"Torii":31,"Astrolabe":19,"Oddly Smooth Stone":15,"Bag of Preparation":7,"Frozen Egg 2":17,"Smiling Mask":5,"Burning Blood":0,"Mercury Hourglass":7,"Runic Dome":12,"Dream Catcher":15,"Matryoshka":8,"Mummified Hand":23,"Strawberry":24,"Bronze Scales":30,"Tiny Chest":17,"Champion Belt":18,"Toxic Egg 2":15},{"MerchantsRug":97,"Lantern":27,"Regal Pillow":113,"Torii":144,"Astrolabe":81,"Oddly Smooth Stone":60,"Bag of Preparation":27,"Frozen Egg 2":69,"Smiling Mask":17,"Burning Blood":0,"Mercury Hourglass":27,"Runic Dome":47,"Dream Catcher":60,"Matryoshka":31,"Mummified Hand":97,"Strawberry":104,"Bronze Scales":138,"Tiny Chest":69,"Champion Belt":73,"Toxic Egg 2":60}],"Burning Blood":183,"Mercury Hourglass":[512]},"card_choices":[{"not_picked":["Berserk","Exhume"],"picked":"Demon Form","floor":0.0},{"not_picked":["Clothesline","Dual Wield","Rupture"],"picked":"SKIP","floor":1.0},{"not_picked":["Clothesline","Dual Wield","Rupture"],"picked":"SKIP","floor":1.0},{"not_picked":["Clothesline","Perfected Strike","Sever Soul"],"picked":"SKIP","floor":3.0},{"not_picked":["Flex","Armaments"],"picked":"Fire Breathing","floor":4.0},{"not_picked":["Sever Soul","Cleave"],"picked":"Thunderclap","floor":5.0},{"not_picked":["Anger","Hemokinesis"],"picked":"Shrug It Off","floor":6.0},{"not_picked":["Clothesline","Burning Pact"],"picked":"Shockwave","floor":7.0},{"not_picked":["Dark Embrace","Uppercut"],"picked":"Evolve","floor":8.0},{"not_picked":["Anger","Shrug It Off"],"picked":"Pummel","floor":11.0},{"not_picked":["Seeing Red","Twin Strike","Headbutt"],"picked":"SKIP","floor":12.0},{"not_picked":["Wild Strike","Cleave"],"picked":"Dark Embrace","floor":13.0},{"not_picked":["Entrench","Cleave","Sword Boomerang"],"picked":"SKIP","floor":14.0},{"not_picked":["Feed","Brutality"],"picked":"Reaper","floor":16.0},{"not_picked":["Shrug It Off","Clothesline","Pommel Strike"],"picked":"SKIP","floor":18.0},{"not_picked":["Anger+1","Wild Strike+1","Twin Strike"],"picked":"SKIP","floor":19.0},{"not_picked":["Havoc","Headbutt+1","Bloodletting"],"picked":"SKIP","floor":24.0},{"not_picked":["Entrench+1","Havoc+1"],"picked":"Pummel","floor":27.0},{"not_picked":["Heavy Blade","Armaments+1"],"picked":"Disarm+1","floor":29.0},{"not_picked":["Thunderclap","Iron Wave","Sword Boomerang"],"picked":"SKIP","floor":31.0},{"not_picked":["Feed","Berserk+1"],"picked":"Barricade+1","floor":33.0},{"not_picked":["Sword Boomerang","Heavy Blade+1","Cleave+1"],"picked":"SKIP","floor":35.0},{"not_picked":["Perfected Strike","Infernal Blade+1","Cleave+1"],"picked":"SKIP","floor":36.0},{"not_picked":["Body Slam","Seeing Red+1"],"picked":"Warcry+1","floor":37.0},{"not_picked":["Body Slam+1","Sword Boomerang","Dual Wield+1"],"picked":"SKIP","floor":38.0},{"not_picked":["Combust+1","Shrug It Off+1","Armaments+1"],"picked":"SKIP","floor":40.0},{"not_picked":["Rage+1","Perfected Strike+1","Heavy Blade"],"picked":"SKIP","floor":41.0},{"not_picked":["Rage+1","Perfected Strike+1","Heavy Blade"],"picked":"SKIP","floor":41.0},{"not_picked":["Barricade+1","Clash+1","Sword Boomerang+1"],"picked":"SKIP","floor":42.0},{"not_picked":["Twin Strike","Perfected Strike"],"picked":"Warcry+1","floor":46.0},{"not_picked":["Havoc+1","Pommel Strike"],"picked":"Warcry+1","floor":47.0},{"not_picked":["Whirlwind+1","Feel No Pain+1","Armaments+1"],"picked":"SKIP","floor":48.0},{"not_picked":["Whirlwind+1","Feel No Pain+1","Armaments+1"],"picked":"SKIP","floor":48.0},{"not_picked":["Whirlwind+1","Feel No Pain+1","Armaments+1"],"picked":"SKIP","floor":48.0},{"not_picked":["Rage+1","Intimidate+1","Clothesline+1"],"picked":"SKIP","floor":54}],"player_experience":258882,"relics_obtained":[{"floor":6.0,"key":"Smiling Mask"},{"floor":8.0,"key":"Mercury Hourglass"},{"floor":9.0,"key":"Bag of Preparation"},{"floor":11.0,"key":"Matryoshka"},{"floor":24.0,"key":"Dream Catcher"},{"floor":26.0,"key":"Oddly Smooth Stone"},{"floor":26.0,"key":"Toxic Egg 2"},{"floor":30.0,"key":"Tiny Chest"},{"floor":30.0,"key":"Frozen Egg 2"},{"floor":31.0,"key":"Champion Belt"},{"floor":40.0,"key":"Strawberry"},{"floor":42.0,"key":"Regal Pillow"},{"floor":54,"key":"Torii"}],"event_choices":[{"damage_healed":0.0,"max_hp_gain":0.0,"max_hp_loss":0.0,"gold_gain":0.0,"event_name":"Upgrade Shrine","player_choice":"Upgraded","floor":2.0,"gold_loss":0.0,"damage_taken":0.0,"cards_upgraded":["Demon Form"]},{"damage_healed":0.0,"max_hp_gain":0.0,"max_hp_loss":0.0,"gold_gain":0.0,"event_name":"Duplicator","player_choice":"Ignored","floor":20.0,"gold_loss":0.0,"damage_taken":0.0},{"damage_healed":0.0,"max_hp_gain":0.0,"max_hp_loss":0.0,"gold_gain":0.0,"event_name":"Accursed Blacksmith","player_choice":"Forge","floor":22.0,"gold_loss":0.0,"damage_taken":0.0,"cards_upgraded":["Apotheosis"]},{"damage_healed":0.0,"max_hp_gain":0.0,"max_hp_loss":5.0,"gold_gain":0.0,"event_name":"Winding Halls","player_choice":"Max HP","floor":44.0,"gold_loss":0.0,"damage_taken":0.0}],"is_beta":false,"boss_relics":[{"not_picked":["Tiny House","Black Blood"],"picked":"Runic Dome"},{"not_picked":["Calling Bell","Cursed Key"],"picked":"Astrolabe"}],"items_purged_floors":[10,53],"is_endless":false,"potions_floor_spawned":[4,5,11,13,18,29,31,33,38,42,46,47,54],"ascension_level":1}}