{"host":"c95txy58ipbu969e","time":1611379078,"event":{"mods":["Act Like it!","BaseMod","Downfall","Minty Spire (QoL Compilation)","Quick Restart","StSLib"],"gold_per_floor":[99,99,99,99,117,133,133,153,182,201,259,259,259,72,92,92,92,92],"floor_reached":16,"language":"ZHS","playtime":1013,"items_purged":[],"score":100,"play_id":"fc3d0e77-fee9-4fa0-87a8-8ab7782de8ed","local_time":"20210123131758","is_ascension_mode":false,"campfire_choices":[{"data":"bronze:Goto","floor":1.0,"key":"SMITH"},{"data":"bronze:RecursiveStrike","floor":13.0,"key":"SMITH"}],"circlet_count":0,"master_deck":["bronze:Strike","bronze:Strike","bronze:Strike","bronze:Strike","bronze:Defend","bronze:Defend","bronze:Defend","bronze:Defend","bronze:Replicate","bronze:Goto+1","bronze:GetLatest","bronze:WhirlingStrike","bronze:ClassDefault","bronze:HardenedForm","bronze:BronzeOrb","bronze:RecursiveStrike+1","bronze:FollowUp","bronze:ForLoop","bronze:Return","expansioncontent:DashGenerateEvil","bronze:Philosophize"],"relics":["bronze:BronzeCore","downfall:HeartsMalice","Mango","FossilizedHelix","Shovel"],"acts_visited":["Exordium"],"potions_floor_usage":[],"damage_taken":[{"damage":0.0,"enemies":"Small Slimes","floor":2.0,"turns":1.0},{"damage":0.0,"enemies":"Jaw Worm","floor":3.0,"turns":1.0},{"damage":0.0,"enemies":"2 Louse","floor":4.0,"turns":1.0},{"damage":6.0,"enemies":"Red Slaver","floor":5.0,"turns":3.0},{"damage":2.0,"enemies":"Exordium Thugs","floor":6.0,"turns":4.0},{"damage":5.0,"enemies":"Lots of Slimes","floor":8.0,"turns":2.0},{"damage":29.0,"enemies":"Gremlin Nob","floor":9.0,"turns":6.0},{"damage":0.0,"enemies":"3 Louse","floor":10.0,"turns":1.0},{"damage":13.0,"enemies":"3 Sentries","floor":11.0,"turns":7.0},{"damage":0,"enemies":"downfall:FleeingMerchant","floor":14,"turns":4},{"damage":0,"enemies":"Large Slime","floor":15,"turns":4},{"damage":30,"enemies":"SI_SHIV_ARCHETYPE","floor":16,"turns":7}],"seed_played":"7910334002871063185","potions_obtained":[{"floor":6.0,"key":"Ancient Potion"},{"floor":8.0,"key":"LiquidBronze"},{"floor":9.0,"key":"Fire Potion"}],"is_trial":false,"path_per_floor":["R","M","M","M","M","M","T","M","E","M","?","T","R","$","M","B"],"character_chosen":"THE_AUTOMATON","items_purchased":["expansioncontent:DashGenerateEvil"],"campfire_rested":0,"item_purchase_floors":[14],"current_hp_per_floor":[70,70,70,70,64,62,76,71,42,42,29,29,29,29,29,0,0,0],"gold":92,"neow_bonus":"THREE_ENEMY_KILL","is_daily":false,"chose_seed":false,"campfire_upgraded":2,"win_rate":0.0,"timestamp":1611379078,"path_taken":["R","M","M","M","M","M","T","M","E","M","?","?","R","$","M","BOSS"],"items_purchased_type":["Card"],"build_version":"2020-12-22","purchased_purges":0,"victory":false,"max_hp_per_floor":[70,70,70,70,70,70,84,84,84,84,84,84,84,84,84,84,84,84],"card_choices":[{"not_picked":["bronze:BugBarrage","bronze:ChildClass"],"picked":"bronze:GetLatest","floor":2.0},{"not_picked":["bronze:OilSpill","bronze:FineTuning"],"picked":"bronze:WhirlingStrike","floor":3.0},{"not_picked":["bronze:Frontload","bronze:ClassDefault","bronze:DelayedSlice"],"picked":"SKIP","floor":4.0},{"not_picked":["bronze:Frontload","bronze:DelayedSlice"],"picked":"bronze:ClassDefault","floor":4.0},{"not_picked":["bronze:Frontload","bronze:WhirlingStrike"],"picked":"bronze:HardenedForm","floor":5.0},{"not_picked":["bronze:DelayedGuard","bronze:ForceShield","bronze:Boost"],"picked":"SKIP","floor":6.0},{"not_picked":["bronze:Safeguard","bronze:CutThrough"],"picked":"bronze:BronzeOrb","floor":8.0},{"not_picked":["bronze:Invalidate","bronze:NullPointer"],"picked":"bronze:RecursiveStrike","floor":9.0},{"not_picked":["bronze:FineTuning","bronze:CutThrough"],"picked":"bronze:FollowUp","floor":10.0},{"not_picked":["bronze:DelayedGuard","bronze:Deprecate"],"picked":"bronze:ForLoop","floor":11.0},{"not_picked":["bronze:CutThrough","bronze:Iterate"],"picked":"bronze:Return","floor":14},{"not_picked":["bronze:Frontload","bronze:Backtrace"],"picked":"bronze:Philosophize","floor":15}],"player_experience":497281,"relics_obtained":[{"floor":7.0,"key":"Mango"},{"floor":9.0,"key":"FossilizedHelix"},{"floor":11.0,"key":"Shovel"}],"event_choices":[],"is_beta":false,"boss_relics":[],"items_purged_floors":[],"is_endless":false,"potions_floor_spawned":[6,8,9,11,15],"killed_by":"SI_SHIV_ARCHETYPE","ascension_level":0}}