{"host":"etaq29tqikxfqxk8","time":1611440919,"event":{"mods":["AchievementEnabler","BaseMod","Better Third Choice","BetterRewards","Colored Map","Colored Powertips","Minty Spire (QoL Compilation)","Rare Cards Sparkle","Shop Mod","StSLib","SuperFastMode","The Bug Knight","yUi"],"gold_per_floor":[115,115,115,75,95,95,111,140,164,181,181,198,212,20,20,121,171,182,194,194,194,119,119,130,130,130,140,140,160,178,178,178,178,178],"floor_reached":33,"language":"ENG","playtime":1380,"items_purged":[],"score":249,"play_id":"f8957856-3341-48db-bcf0-33bd649bc07c","local_time":"20210123232838","is_ascension_mode":false,"campfire_choices":[{"data":"Entrench","floor":6,"key":"SMITH"},{"floor":11,"key":"REST"},{"floor":15,"key":"REST"},{"floor":23,"key":"REST"},{"data":"Infernal Blade","floor":25,"key":"SMITH"},{"floor":28,"key":"REST"},{"floor":32,"key":"REST"}],"circlet_count":0,"master_deck":["Strike_R","Strike_R","Strike_R","Strike_R","Defend_R","Defend_R","Defend_R","Bash","Infernal Blade+1","Pommel Strike","Entrench+1","Anger","Body Slam+1","Anger","Perfected Strike","Armaments","Juggernaut","Iron Wave","Heavy Blade","Shrug It Off","Clash+1","Clash","Ghostly Armor+1"],"relics":["Burning Blood","Vajra","Anchor","Membership Card","Tiny House","Toy Ornithopter","MutagenicStrength","Mummified Hand"],"acts_visited":["Exordium","TheCity"],"potions_floor_usage":[17,24],"damage_taken":[{"damage":3,"enemies":"2 Louse","floor":1,"turns":2},{"damage":0,"enemies":"Cultist","floor":5,"turns":3},{"damage":11,"enemies":"Jaw Worm","floor":7,"turns":2},{"damage":44,"enemies":"HollowMod:MossKnight","floor":8,"turns":14},{"damage":0,"enemies":"3 Louse","floor":10,"turns":3},{"damage":1,"enemies":"Exordium Wildlife","floor":12,"turns":3},{"damage":14,"enemies":"Large Slime","floor":13,"turns":6},{"damage":65,"enemies":"The Guardian","floor":16,"turns":10},{"damage":26,"enemies":"2 Thieves","floor":18,"turns":4},{"damage":20,"enemies":"Spheric Guardian","floor":19,"turns":4},{"damage":30,"enemies":"Centurion and Healer","floor":24,"turns":5},{"damage":11,"enemies":"3 Cultists","floor":27,"turns":5},{"damage":20,"enemies":"Snecko","floor":29,"turns":5},{"damage":29,"enemies":"Cultist and Chosen","floor":30,"turns":7},{"damage":73,"enemies":"Automaton","floor":33,"turns":8}],"seed_played":"6116872077349315914","potions_obtained":[{"floor":1,"key":"Explosive Potion"},{"floor":5,"key":"Fruit Juice"},{"floor":13,"key":"Strength Potion"},{"floor":17,"key":"DistilledChaos"},{"floor":24,"key":"Fruit Juice"}],"is_trial":false,"path_per_floor":["M","$","?","$","M","R","M","E","T","M","R","M","M","$","R","B",null,"M","M","?","?","?","R","M","R","T","M","R","M","M","?","R","B"],"character_chosen":"IRONCLAD","items_purchased":["Entrench","Armaments","Membership Card"],"campfire_rested":5,"item_purchase_floors":[4,14,14],"current_hp_per_floor":[72,72,72,72,72,72,67,29,29,35,56,61,53,53,72,13,82,62,48,48,48,48,72,58,58,58,53,79,65,42,42,68,0,0],"gold":178,"neow_bonus":"TRANSFORM_TWO_CARDS","is_daily":false,"chose_seed":false,"campfire_upgraded":2,"win_rate":0.0,"timestamp":1611440918,"path_taken":["M","$","?","?","M","R","M","E","T","M","R","M","?","$","R","BOSS","M","M","?","?","?","R","M","R","T","?","R","M","M","?","R","BOSS"],"items_purchased_type":["Card","Card","Relic"],"build_version":"2020-12-22","purchased_purges":0,"victory":false,"max_hp_per_floor":[72,72,72,72,72,72,72,72,72,72,72,72,72,72,72,72,82,82,82,82,82,82,82,87,87,87,87,87,87,87,87,87,87,87],"card_choices":[{"not_picked":["Combust","Second Wind"],"picked":"Pommel Strike","floor":1},{"not_picked":["Dual Wield","Intimidate"],"picked":"Anger","floor":5},{"not_picked":["Shrug It Off","Armaments"],"picked":"Body Slam","floor":7},{"not_picked":["Pommel Strike","Thunderclap"],"picked":"Anger","floor":8},{"not_picked":["Wild Strike","Dark Embrace"],"picked":"Perfected Strike","floor":10},{"not_picked":["Combust","Feel No Pain","Twin Strike"],"picked":"SKIP","floor":12},{"not_picked":["Cleave","Evolve","Reckless Charge"],"picked":"SKIP","floor":13},{"not_picked":["Limit Break","Immolate"],"picked":"Juggernaut","floor":16},{"not_picked":["Dropkick","Thunderclap"],"picked":"Iron Wave","floor":17},{"not_picked":["Headbutt","Dropkick","Warcry"],"picked":"SKIP","floor":18},{"not_picked":["Clothesline","Twin Strike"],"picked":"Heavy Blade","floor":19},{"not_picked":["Whirlwind","Evolve+1"],"picked":"Shrug It Off","floor":24},{"not_picked":["Clothesline","Combust"],"picked":"Clash+1","floor":27},{"not_picked":["Impervious","Shrug It Off"],"picked":"Clash","floor":29},{"not_picked":["Headbutt+1","Rampage"],"picked":"Ghostly Armor+1","floor":30}],"player_experience":40091,"relics_obtained":[{"floor":8,"key":"Vajra"},{"floor":9,"key":"Anchor"},{"floor":26,"key":"Mummified Hand"}],"event_choices":[{"cards_removed":["Dark Embrace"],"damage_healed":0,"gold_gain":0,"player_choice":"Purged","damage_taken":0,"max_hp_gain":0,"max_hp_loss":0,"event_name":"Purifier","floor":3,"gold_loss":0},{"damage_healed":0,"gold_gain":0,"player_choice":"Opened","damage_taken":0,"relics_obtained":["Toy Ornithopter"],"max_hp_gain":0,"max_hp_loss":0,"event_name":"The Mausoleum","floor":20,"gold_loss":0,"cards_obtained":["Writhe"]},{"damage_healed":0,"gold_gain":0,"player_choice":"Inject Mutagens","damage_taken":0,"relics_obtained":["MutagenicStrength"],"max_hp_gain":0,"max_hp_loss":0,"event_name":"Drug Dealer","floor":21,"gold_loss":0},{"cards_removed":["Writhe"],"damage_healed":0,"gold_gain":0,"player_choice":"Gave Gold","damage_taken":0,"max_hp_gain":0,"max_hp_loss":0,"event_name":"Beggar","floor":22,"gold_loss":75},{"damage_healed":0,"gold_gain":0,"player_choice":"Ignored","damage_taken":0,"max_hp_gain":0,"max_hp_loss":0,"event_name":"Vampires","floor":31,"gold_loss":0}],"is_beta":false,"boss_relics":[{"not_picked":["Empty Cage","Runic Cube"],"picked":"Tiny House"}],"items_purged_floors":[],"is_endless":false,"potions_floor_spawned":[1,5,13,16,18,24],"killed_by":"Automaton","ascension_level":0}}