{"host":"i9z6y8pcdeu2qxnx","time":1611421107,"event":{"mods":["BaseMod","Colored Map","Googly Eyes","Highlight Path","Minty Spire (QoL Compilation)","Replay The Spire","StSLib"],"gold_per_floor":[153,192,192,243,282,381,381,414,440,488,578,578,620,653,653,956,956,1007,1007,1007,1037,199,199,304,304,328,370,379,663,696,732,732,732,732],"floor_reached":33,"language":"ENG","playtime":3832,"items_purged":["Defend_G"],"score":356,"play_id":"631e0863-101a-4ca9-8cfb-b3871c6fe6c3","local_time":"20210123115827","daily_mods":["Allstar","Vintage","Midas"],"is_ascension_mode":false,"campfire_choices":[{"floor":7,"key":"REST"},{"floor":15,"key":"DIG"},{"floor":23,"key":"REST"},{"floor":25,"key":"REST"},{"floor":32,"key":"REST"}],"circlet_count":0,"master_deck":["Strike_G+1","Strike_G+1","Strike_G+1","Strike_G","Strike_G","Defend_G","Defend_G","Defend_G","Defend_G","Survivor","Neutralize+1","Mind Blast","Dramatic Entrance","ReplayTheSpireMod:Necrogeddon","Deep Breath","Apotheosis","Acrobatics+1","Hidden Blade+1","Envenom+1","Flying Knee","Backflip+1","ReplayTheSpireMod:Scrap Shanks+1","Deadly Poison+1","Doubt","Regret"],"relics":["Ring of the Snake","Letter Opener","PreservedInsect","Juzu Bracelet","Potion Belt","Frozen Egg 2","Toxic Egg 2","Pet Ghost","Gremlin Food","Boot","Centennial Puzzle","Replay:Bottled Flurry","StrikeDummy","Oddly Smooth Stone","Bottled Flame","Vajra","Meat on the Bone","TheAbacus","CeramicFish","Tiny Chest","ReplayTheSpireMod:Lightbulb","Blood Vial","Bird Faced Urn","Bottled Tornado","Replay:Multitool"],"acts_visited":["Exordium","TheCity"],"potions_floor_usage":[11,16,24,31,33],"damage_taken":[{"damage":0,"enemies":"Cultist","floor":1,"turns":3},{"damage":5,"enemies":"2 Louse","floor":2,"turns":2},{"damage":0,"enemies":"Small Slimes","floor":4,"turns":3},{"damage":3,"enemies":"Exordium Thugs","floor":5,"turns":6},{"damage":9,"enemies":"3 Sentries","floor":6,"turns":4},{"damage":0,"enemies":"Exordium Wildlife","floor":8,"turns":3},{"damage":4,"enemies":"2 Fungi Beasts","floor":10,"turns":2},{"damage":5,"enemies":"Lagavulin","floor":11,"turns":4},{"damage":10,"enemies":"Looter","floor":13,"turns":3},{"damage":7,"enemies":"Large Slime","floor":14,"turns":6},{"damage":33,"enemies":"Slime Boss","floor":16,"turns":9},{"damage":21,"enemies":"3 Byrds","floor":18,"turns":5},{"damage":25,"enemies":"2 Thieves","floor":21,"turns":4},{"damage":18,"enemies":"Replay:Snechameleon","floor":24,"turns":5},{"damage":24,"enemies":"Centurion and Healer","floor":27,"turns":7},{"damage":40,"enemies":"3 Cultists","floor":30,"turns":6},{"damage":9,"enemies":"Cultist and Chosen","floor":31,"turns":3},{"damage":57,"enemies":"Collector","floor":33,"turns":7}],"seed_played":"-6558568074786216812","potions_obtained":[{"floor":4,"key":"Swift Potion"},{"floor":6,"key":"SteroidPotion"},{"floor":10,"key":"FearPotion"},{"floor":13,"key":"BlessingOfTheForge"},{"floor":16,"key":"FearPotion"},{"floor":18,"key":"Swift Potion"},{"floor":27,"key":"DistilledChaos"},{"floor":31,"key":"FearPotion"}],"is_trial":true,"path_per_floor":["M","M","?","M","M","E","R","M","T","M","E","?","M","M","R_BF","B",null,"M","?","T","M","$","R","E","R","T","M","?","?","M","M","R","B"],"character_chosen":"THE_SILENT","items_purchased":["Backflip+1","ReplayTheSpireMod:Scrap Shanks+1","Meat on the Bone","TheAbacus","CeramicFish","Regen Potion"],"campfire_rested":4,"item_purchase_floors":[22,22,22,22,22,22],"current_hp_per_floor":[70,65,70,70,67,58,75,75,75,71,66,51,41,34,34,1,75,54,54,54,29,29,51,47,69,69,45,45,45,21,30,52,0,0],"gold":732,"neow_bonus":"","is_daily":false,"chose_seed":false,"campfire_upgraded":0,"win_rate":0.0,"timestamp":1611421107,"path_taken":["M","?","?","M","M","E","R","M","T","M","E","?","M","M","R_BF","BOSS","M","?","?","M","$","R","E","R","T","M","?","?","M","M","R","BOSS"],"items_purchased_type":["Card","Card","Relic","Relic","Relic","Potion"],"build_version":"2020-12-22","purchased_purges":1,"victory":false,"max_hp_per_floor":[70,70,75,75,75,75,75,75,75,75,75,75,75,75,75,75,75,75,75,75,75,75,75,75,75,75,75,75,75,75,75,75,75,75],"card_choices":[{"not_picked":["Bane","ReplayTheSpireMod:The Works"],"picked":"Acrobatics","floor":6},{"not_picked":["Acrobatics+1","Poison Darts+1"],"picked":"Hidden Blade+1","floor":11},{"not_picked":["Tools of the Trade+1","Storm of Steel+1"],"picked":"Envenom+1","floor":16},{"not_picked":["Hidden Blade+1","Poisoned Stab"],"picked":"Deadly Poison+1","floor":24}],"player_experience":933465,"relics_obtained":[{"floor":1,"key":"Letter Opener"},{"floor":2,"key":"PreservedInsect"},{"floor":4,"key":"Juzu Bracelet"},{"floor":5,"key":"Potion Belt"},{"floor":6,"key":"Frozen Egg 2"},{"floor":8,"key":"Toxic Egg 2"},{"floor":9,"key":"Pet Ghost"},{"floor":10,"key":"Gremlin Food"},{"floor":11,"key":"Boot"},{"floor":13,"key":"Centennial Puzzle"},{"floor":14,"key":"Replay:Bottled Flurry"},{"floor":15,"key":"StrikeDummy"},{"floor":18,"key":"Oddly Smooth Stone"},{"floor":20,"key":"Bottled Flame"},{"floor":21,"key":"Vajra"},{"floor":24,"key":"Tiny Chest"},{"floor":26,"key":"ReplayTheSpireMod:Lightbulb"},{"floor":27,"key":"Blood Vial"},{"floor":30,"key":"Bottled Tornado"},{"floor":31,"key":"Replay:Multitool"}],"event_choices":[{"damage_healed":0,"gold_gain":0,"player_choice":"Donut","damage_taken":0,"max_hp_gain":5,"max_hp_loss":0,"event_name":"Big Fish","floor":3,"gold_loss":0},{"damage_healed":0,"gold_gain":0,"player_choice":"Entered Light","damage_taken":15,"max_hp_gain":0,"max_hp_loss":0,"event_name":"Shining Light","floor":12,"gold_loss":0,"cards_upgraded":["Neutralize","Strike_G"]},{"damage_healed":0,"gold_gain":0,"player_choice":"Read","damage_taken":0,"max_hp_gain":0,"max_hp_loss":0,"event_name":"The Library","floor":19,"gold_loss":0,"cards_obtained":["Flying Knee"]},{"damage_healed":0,"gold_gain":275,"player_choice":"Desecrate","damage_taken":0,"max_hp_gain":0,"max_hp_loss":0,"event_name":"Golden Shrine","floor":29,"gold_loss":0,"cards_obtained":["Regret"]}],"is_beta":false,"boss_relics":[{"not_picked":["ReplayTheSpireMod:DimensionalGlitch","Coffee Dripper","Kintsugi"]}],"items_purged_floors":[22],"is_endless":false,"potions_floor_spawned":[4,6,10,13,16,18,27,31],"killed_by":"Collector","ascension_level":0}}