{"host":"qmnyg5dk1o6rw6mz","time":1611399900,"event":{"mods":["100% Spire Juice","2.2 Compatiblity","AchievementEnabler","Act Like it!","Arknights The Spire","Aspiration","Astrologer","BaseMod","CapriCore","Challenge The Spire","ChefMod","Colored Map","Colored Powertips","Conjunction","Conspire","Decade(王小明)","DeckTracker","Defuse TimeMaze Blight","Disable Question Mark Monsters","Energized Spire","Friendly Minions","Gensokyo","GifTheSpireLib","Hermit","Highlight Path","HololiveMod","HornydragonMod","Hubris","Jedi Mod","Koishi","KomeijiMod","Lobotomy","LobotomyExtend","Marisa（霧雨　魔理沙）","Minty Spire (QoL Compilation)","Pale of the Ancients","Permanent Neow","Prisma Mod","Quick Restart","Reimu（博???）","Replay The Spire","Robot Space Explorer","SIMod","StSLib","The Alterego","The Bug Knight","The Cursed","The Dragon Tamer","The Gatherer","The Hierophant","The Immortal","The Marked","The Mystic","The Poker Player","The Runesmith","The Senshi","The Showman","Unceasing Turn Reminder","WarShipGirlsR/??少女R mod","Wide Potions","Youmu（魂魄妖?）","Yuri Mod","Yuyuko","vexMod"],"gold_per_floor":[118,136,7,7,7,7,7],"floor_reached":6,"language":"ZHS","playtime":572,"items_purged":["alterego_mod:Strike"],"score":34,"play_id":"33b7767a-fc0c-4007-a432-1fa23851b18c","local_time":"20210123190500","is_ascension_mode":false,"campfire_choices":[],"circlet_count":0,"master_deck":["alterego_mod:Strike","alterego_mod:Strike","alterego_mod:Strike","alterego_mod:Defend","alterego_mod:Defend","alterego_mod:Defend","alterego_mod:Defend","alterego_mod:Impale","alterego_mod:BigMeatyClaws","alterego_mod:BrynhildrsRune","alterego_mod:RocketPunch","alterego_mod:DiscoLights","Clumsy","Pain"],"relics":["alterego_mod:MasochisticConstitution","aspiration:Nostalgia","ats:Sanity","Gensokyo:NagashiBinaDoll","Gensokyo:LunaticRedEyes"],"acts_visited":["Gensokyo:Gensokyo"],"potions_floor_usage":[6],"damage_taken":[{"damage":10,"enemies":"Gensokyo:Gryphon","floor":1,"turns":6},{"damage":5,"enemies":"Gensokyo:3_Fairies","floor":2,"turns":4},{"damage":59,"enemies":"Gensokyo:Aya","floor":6,"turns":7}],"seed_played":"-5696171532454681078","potions_obtained":[{"floor":1,"key":"Languid Potion"}],"is_trial":false,"path_per_floor":["M","M","$","?","?","E"],"character_chosen":"The_Alterego","items_purchased":["alterego_mod:DiscoLights"],"campfire_rested":0,"item_purchase_floors":[3],"current_hp_per_floor":[61,57,57,57,57,0,0],"gold":7,"neow_bonus":"NOSTALGIA","is_daily":false,"chose_seed":false,"campfire_upgraded":0,"win_rate":0.0,"timestamp":1611399900,"path_taken":["M","M","$","?","?","E"],"items_purchased_type":["Card"],"build_version":"2020-12-22","purchased_purges":1,"victory":false,"max_hp_per_floor":[71,72,72,72,72,72,72],"card_choices":[{"not_picked":["alterego_mod:BoobPocket","alterego_mod:Bounce"],"picked":"alterego_mod:RocketPunch","floor":1},{"not_picked":["alterego_mod:DestructionOfProperty","alterego_mod:Punishment","alterego_mod:Jiggle"],"picked":"SKIP","floor":2}],"player_experience":224418,"relics_obtained":[],"event_choices":[],"is_beta":false,"boss_relics":[],"items_purged_floors":[3],"is_endless":false,"potions_floor_spawned":[1],"killed_by":"Gensokyo:Aya","ascension_level":0}}