{"host":"o6rpelx2jpc8yies","time":1611433044,"event":{"mods":["BaseMod","Downfall","Minty Spire (QoL Compilation)","StSLib"],"gold_per_floor":[0,13,30,130,130,144,168,188,219,244,269,69,69,80,97,97,97,97],"floor_reached":16,"language":"ENG","playtime":833,"items_purged":[],"score":151,"play_id":"273542dd-06d6-460d-8e91-9d4a1cdabbfe","local_time":"20210123131724","is_ascension_mode":true,"campfire_choices":[{"floor":1,"key":"RECALL"},{"data":"Guardian:PrimingBeam","floor":12,"key":"SMITH"}],"circlet_count":0,"master_deck":["Guardian:Strike_Guardian","Guardian:Strike_Guardian","Guardian:Strike_Guardian","Guardian:Strike_Guardian","Guardian:Defend_Guardian","Guardian:Defend_Guardian","Guardian:Defend_Guardian","Guardian:Defend_Guardian","Guardian:CurlUp","Guardian:TwinSlam+1","Guardian:PrismaticBeam","Guardian:PiercingHide+1","Guardian:PrimingBeam+1","Guardian:Reroute","Guardian:ChargeCore","downfall:Malfunctioning","Guardian:Recover","Guardian:Gem_Fragmented"],"relics":["Guardian:ModeShifter","Lizard Tail","downfall:BrokenWingStatue","MealTicket","Centennial Puzzle","Vajra","downfall:HeartBlessingRed","downfall:HeartBlessingGreen"],"acts_visited":["Exordium"],"potions_floor_usage":[9,9],"damage_taken":[{"damage":11,"enemies":"2 Louse","floor":2,"turns":4},{"damage":7,"enemies":"Small Slimes","floor":3,"turns":4},{"damage":2,"enemies":"Jaw Worm","floor":6,"turns":5},{"damage":0,"enemies":"2 Fungi Beasts","floor":8,"turns":4},{"damage":16,"enemies":"Gremlin Nob","floor":9,"turns":5},{"damage":18,"enemies":"3 Sentries","floor":11,"turns":8},{"damage":14,"enemies":"Lots of Slimes","floor":14,"turns":3},{"damage":1,"enemies":"Exordium Thugs","floor":15,"turns":5},{"damage":47,"enemies":"SI_SHIV_ARCHETYPE","floor":16,"turns":11}],"seed_played":"-6655857586699042277","potions_obtained":[{"floor":2,"key":"Slimebound:ThreeZeroPotion"},{"floor":6,"key":"ColorlessPotion"}],"is_trial":false,"path_per_floor":["R","M","M","?","?","M","T","M","E","T","E","R","?","M","M","B"],"character_chosen":"GUARDIAN","items_purchased":[],"campfire_rested":0,"item_purchase_floors":[],"current_hp_per_floor":[72,61,54,54,54,52,52,52,36,36,18,18,18,4,3,0,0,0],"gold":97,"neow_bonus":"ONE_RARE_RELIC","is_daily":false,"chose_seed":false,"campfire_upgraded":1,"win_rate":0.0,"timestamp":1611433044,"path_taken":["R","M","M","?","?","M","T","M","E","?","E","R","?","?","M","BOSS"],"items_purchased_type":[],"build_version":"2020-12-22","purchased_purges":0,"victory":false,"max_hp_per_floor":[80,80,80,80,80,80,80,80,80,80,80,80,80,80,80,80,80,80],"card_choices":[{"not_picked":["Guardian:PolyBeam","Guardian:Gem_Purple"],"picked":"Guardian:PrismaticBeam","floor":2},{"not_picked":["Guardian:TimeBomb","Guardian:Suspension"],"picked":"Guardian:PiercingHide","floor":3},{"not_picked":["Guardian:ShieldSpikes","Guardian:TemporalStrike"],"picked":"Guardian:PrimingBeam","floor":6},{"not_picked":["Guardian:DonusPower","Guardian:Planning"],"picked":"Guardian:Reroute","floor":8},{"not_picked":["Guardian:ExploitGems","Guardian:EvasiveProtocol"],"picked":"Guardian:Gem_Red","floor":9},{"not_picked":["Guardian:RefractedBeam","Guardian:GemFire"],"picked":"Guardian:ChargeCore","floor":11},{"not_picked":["Guardian:ArmoredProtocol","Guardian:Gem_Purple"],"picked":"Guardian:Recover","floor":14},{"not_picked":["Guardian:Planning","Guardian:RollAttack"],"picked":"Guardian:Gem_Fragmented","floor":15}],"player_experience":1826353,"relics_obtained":[{"floor":9,"key":"MealTicket"},{"floor":10,"key":"Centennial Puzzle"},{"floor":11,"key":"Vajra"}],"event_choices":[],"is_beta":false,"boss_relics":[],"items_purged_floors":[],"is_endless":false,"potions_floor_spawned":[2,6],"killed_by":"SI_SHIV_ARCHETYPE","ascension_level":7}}