{"host":"2yqfi47fogfu1ic4","time":1611394584,"event":{"mods":["AchievementEnabler","BaseMod","Colored Map","Colored Powertips","Highlight Path","Minty Spire (QoL Compilation)","Permanent Neow","Relic Stats","StSLib"],"gold_per_floor":[168,318,77,77,95,123,135,161,161,161,172,172,192,220,220,293,293,309,41,41,51,69,69,103,103,154,154,178,211,227,253,253,327,327,342,342,188,198,218,250,250,275,329,329,329,354,38,56,56,56,56,56,56,1,26,26],"floor_reached":57,"language":"DEU","playtime":7159,"items_purged":["Doubt","Strike_G","Unload"],"score":3042,"play_id":"42f49478-de44-4863-a257-d6c26b3d5130","local_time":"20210123103624","is_ascension_mode":true,"campfire_choices":[{"data":"Bane","floor":10.0,"key":"SMITH"},{"floor":12.0,"key":"REST"},{"data":"Bane","floor":15.0,"key":"SMITH"},{"data":"Wraith Form v2","floor":23,"key":"SMITH"},{"data":"Well Laid Plans","floor":32,"key":"SMITH"},{"data":"Wraith Form v2","floor":41,"key":"SMITH"},{"floor":49,"key":"RECALL"},{"data":"Madness","floor":53,"key":"SMITH"}],"circlet_count":0,"master_deck":["AscendersBane","Strike_G+1","Strike_G+1","Strike_G+1","Strike_G+1","Defend_G+1","Defend_G+1","Defend_G+1","Defend_G+1","Defend_G+1","Survivor","Neutralize","Poisoned Stab","Bane+1","Poisoned Stab","Dagger Spray","PiercingWail","Predator","Well Laid Plans+1","PiercingWail","Venomology","Wraith Form v2+1","Blade Dance","Expertise","Blade Dance","Blade Dance","Adrenaline","Madness+1","Madness","PiercingWail","Wraith Form v2+1","Accuracy+1","Leg Sweep","Wraith Form v2+1","Blade Dance"],"relics":["Tiny House","Orrery","StrikeDummy","Dead Branch","Oddly Smooth Stone","Lizard Tail","Meat on the Bone","Coffee Dripper","TwistedFunnel","Nilry\u0027s Codex","Kunai","Ancient Tea Set","Red Mask","Lantern","SlaversCollar","Letter Opener","Bottled Tornado","Strawberry","Omamori","CaptainsWheel","Paper Crane"],"acts_visited":["Exordium","TheCity","TheBeyond","TheEnding"],"potions_floor_usage":[21,22,24,24,29,30,31,33,33,33,38,39,40,42,46,56,56],"damage_taken":[{"damage":7.0,"enemies":"2 Louse","floor":1.0,"turns":3.0},{"damage":2.0,"enemies":"Jaw Worm","floor":5.0,"turns":3.0},{"damage":21.0,"enemies":"Gremlin Nob","floor":6.0,"turns":4.0},{"damage":0.0,"enemies":"Cultist","floor":7.0,"turns":2.0},{"damage":22.0,"enemies":"3 Sentries","floor":8.0,"turns":6.0},{"damage":7.0,"enemies":"Blue Slaver","floor":11.0,"turns":2.0},{"damage":0.0,"enemies":"2 Fungi Beasts","floor":13.0,"turns":3.0},{"damage":8.0,"enemies":"Gremlin Nob","floor":14.0,"turns":3.0},{"damage":38.0,"enemies":"Slime Boss","floor":16.0,"turns":8.0},{"damage":0.0,"enemies":"3 Byrds","floor":18.0,"turns":5.0},{"damage":2,"enemies":"Chosen","floor":21,"turns":5},{"damage":0,"enemies":"3 Cultists","floor":22,"turns":4},{"damage":0,"enemies":"Gremlin Leader","floor":24,"turns":4},{"damage":0,"enemies":"Masked Bandits","floor":29,"turns":4},{"damage":7,"enemies":"Centurion and Healer","floor":30,"turns":3},{"damage":0,"enemies":"Slavers","floor":31,"turns":5},{"damage":17,"enemies":"Collector","floor":33,"turns":8},{"damage":6,"enemies":"3 Darklings","floor":35,"turns":2},{"damage":6,"enemies":"3 Shapes","floor":38,"turns":4},{"damage":0,"enemies":"Maw","floor":39,"turns":7},{"damage":1,"enemies":"Giant Head","floor":40,"turns":7},{"damage":0,"enemies":"Nemesis","floor":42,"turns":7},{"damage":0,"enemies":"Reptomancer","floor":46,"turns":6},{"damage":0,"enemies":"Sphere and 2 Shapes","floor":48,"turns":4},{"damage":6,"enemies":"Awakened One","floor":50,"turns":20},{"damage":29,"enemies":"Time Eater","floor":51,"turns":16},{"damage":0,"enemies":"Shield and Spear","floor":55,"turns":10},{"damage":4,"enemies":"The Heart","floor":56,"turns":10}],"seed_played":"-3231444328221780421","potions_obtained":[{"floor":0.0,"key":"PowerPotion"},{"floor":6.0,"key":"Ancient Potion"},{"floor":8.0,"key":"LiquidBronze"},{"floor":11.0,"key":"Dexterity Potion"},{"floor":13.0,"key":"GamblersBrew"},{"floor":18.0,"key":"PowerPotion"},{"floor":24,"key":"ColorlessPotion"},{"floor":33,"key":"CultistPotion"},{"floor":35,"key":"Regen Potion"}],"is_trial":false,"path_per_floor":["M","?","$","?","M","E","M","E","T","R","M","R","M","E","R","B",null,"M","$","?","M","M","R","E","?","T","?","T","?","M","E","R","B",null,"M","?","$","M","M","E","R","E","T","?","?","E","$","M","R","B","B",null,"R","$","E","B",null],"character_chosen":"THE_SILENT","items_purchased":["Orrery","TwistedFunnel","PiercingWail","CaptainsWheel","Blade Dance"],"campfire_rested":1,"item_purchase_floors":[3,19,37,47,54],"current_hp_per_floor":[57,57,57,57,55,34,34,12,12,12,5,26,26,18,18,47,65,65,65,44,42,42,42,42,42,42,42,42,42,47,47,47,42,64,58,45,45,51,51,50,50,50,57,57,57,57,57,57,57,51,34,67,67,67,67,63],"gold":26,"neow_bonus":"BOSS_RELIC","is_daily":false,"chose_seed":false,"campfire_upgraded":6,"win_rate":0.0,"timestamp":1611394584,"path_taken":["M","?","$","?","M","E","?","E","T","R","M","R","M","E","R","BOSS","M","$","?","M","M","R","E","?","T","?","?","?","M","E","R","BOSS","M","?","?","M","?","E","R","E","T","?","?","E","$","?","R","BOSS","BOSS","R","$","E","BOSS"],"items_purchased_type":["Relic","Relic","Card","Relic","Card"],"build_version":"2020-12-22","purchased_purges":3,"victory":true,"max_hp_per_floor":[71,71,71,71,71,71,71,71,71,71,71,71,71,71,71,71,71,71,71,71,71,71,71,71,71,71,71,71,71,71,71,71,71,71,71,71,71,71,71,71,71,71,78,78,78,78,78,78,78,78,78,78,78,78,78,78],"relic_stats":{"Lizard Tail":35,"counters":[28,165],"Dead Branch":[379],"Kunai":[116],"Letter Opener":[259],"obtain_stats":[{"TwistedFunnel":19,"Lantern":31,"Tiny House":0,"Nilry\u0027s Codex":20,"Dead Branch":6,"Oddly Smooth Stone":8,"Omamori":46,"Letter Opener":40,"Bottled Tornado":42,"Paper Crane":55,"Ancient Tea Set":28,"SlaversCollar":34,"Lizard Tail":9,"CaptainsWheel":47,"Strawberry":43,"Orrery":3,"Coffee Dripper":17,"Red Mask":29,"Kunai":24,"StrikeDummy":4,"Ring of the Snake":0,"Meat on the Bone":14},{"TwistedFunnel":10,"Lantern":16,"Tiny House":0,"Nilry\u0027s Codex":10,"Dead Branch":3,"Oddly Smooth Stone":5,"Omamori":23,"Letter Opener":21,"Bottled Tornado":22,"Paper Crane":27,"Ancient Tea Set":13,"SlaversCollar":17,"Lizard Tail":5,"CaptainsWheel":23,"Strawberry":22,"Orrery":1,"Coffee Dripper":9,"Red Mask":14,"Kunai":13,"StrikeDummy":1,"Ring of the Snake":0,"Meat on the Bone":8},{"TwistedFunnel":39,"Lantern":64,"Tiny House":0,"Nilry\u0027s Codex":39,"Dead Branch":10,"Oddly Smooth Stone":18,"Omamori":105,"Letter Opener":92,"Bottled Tornado":99,"Paper Crane":155,"Ancient Tea Set":52,"SlaversCollar":72,"Lizard Tail":18,"CaptainsWheel":105,"Strawberry":99,"Orrery":3,"Coffee Dripper":34,"Red Mask":56,"Kunai":52,"StrikeDummy":3,"Ring of the Snake":0,"Meat on the Bone":26}],"Meat on the Bone":48},"card_choices":[{"not_picked":["Acrobatics","Deadly Poison"],"picked":"Poisoned Stab","floor":0.0},{"not_picked":["Acrobatics","Escape Plan"],"picked":"Bane","floor":1.0},{"not_picked":["Cloak And Dagger","Finisher"],"picked":"Poisoned Stab","floor":3.0},{"not_picked":["Underhanded Strike","Slice"],"picked":"Dagger Spray","floor":3.0},{"not_picked":["Eviscerate","Finisher"],"picked":"Bane","floor":3.0},{"not_picked":["Storm of Steel","Noxious Fumes"],"picked":"PiercingWail","floor":3.0},{"not_picked":["Well Laid Plans","Dodge and Roll"],"picked":"Predator","floor":5.0},{"not_picked":["Poisoned Stab","Cloak And Dagger"],"picked":"Unload","floor":6.0},{"not_picked":["Skewer","Dagger Spray"],"picked":"Well Laid Plans","floor":7.0},{"not_picked":["Choke","Riddle With Holes","Tools of the Trade"],"picked":"SKIP","floor":8.0},{"not_picked":["Choke","Riddle With Holes","Tools of the Trade"],"picked":"SKIP","floor":8.0},{"not_picked":["Expertise","Concentrate"],"picked":"Bane","floor":11.0},{"not_picked":["Sucker Punch","Poisoned Stab"],"picked":"PiercingWail","floor":13.0},{"not_picked":["Poisoned Stab","Slice"],"picked":"Venomology","floor":14.0},{"not_picked":["Storm of Steel","A Thousand Cuts"],"picked":"Wraith Form v2","floor":16.0},{"not_picked":["Slice","Outmaneuver","Flying Knee"],"picked":"SKIP","floor":18.0},{"not_picked":["Quick Slash+1","Dagger Spray","Finisher"],"picked":"SKIP","floor":21},{"not_picked":["Glass Knife","Poisoned Stab","Quick Slash"],"picked":"SKIP","floor":22},{"not_picked":["Accuracy","Underhanded Strike+1","Reflex"],"picked":"SKIP","floor":24},{"not_picked":["Accuracy","Underhanded Strike+1","Reflex"],"picked":"SKIP","floor":24},{"not_picked":["Dodge and Roll","Prepared"],"picked":"Expertise","floor":29},{"not_picked":["Outmaneuver","Cloak And Dagger"],"picked":"Blade Dance","floor":30},{"not_picked":["Dagger Spray","Flying Knee+1"],"picked":"Blade Dance","floor":31},{"not_picked":["Corpse Explosion","Doppelganger"],"picked":"Adrenaline","floor":33},{"not_picked":["Bane","Dagger Throw","Cloak And Dagger"],"picked":"SKIP","floor":35},{"not_picked":["Quick Slash","Backflip","Bane+1"],"picked":"SKIP","floor":38},{"not_picked":["Quick Slash+1","Catalyst+1"],"picked":"Wraith Form v2","floor":39},{"not_picked":["Deflect","PiercingWail+1"],"picked":"Accuracy+1","floor":40},{"not_picked":["Footwork+1","Predator"],"picked":"Leg Sweep","floor":42},{"not_picked":["Outmaneuver","Glass Knife","Noxious Fumes"],"picked":"SKIP","floor":46},{"not_picked":["Dodge and Roll","Dash+1","Accuracy"],"picked":"SKIP","floor":48},{"not_picked":["Deadly Poison","Flechettes+1","Sucker Punch"],"picked":"SKIP","floor":55}],"player_experience":1586977,"relics_obtained":[{"floor":6.0,"key":"Dead Branch"},{"floor":8.0,"key":"Oddly Smooth Stone"},{"floor":9.0,"key":"Lizard Tail"},{"floor":14.0,"key":"Meat on the Bone"},{"floor":20,"key":"Nilry\u0027s Codex"},{"floor":24,"key":"Kunai"},{"floor":28,"key":"Ancient Tea Set"},{"floor":29,"key":"Red Mask"},{"floor":31,"key":"Lantern"},{"floor":40,"key":"Letter Opener"},{"floor":42,"key":"Bottled Tornado"},{"floor":43,"key":"Strawberry"},{"floor":46,"key":"Omamori"},{"floor":55,"key":"Paper Crane"}],"event_choices":[{"damage_healed":0.0,"max_hp_gain":0.0,"max_hp_loss":0.0,"gold_gain":150.0,"event_name":"Liars Game","player_choice":"AGREE","floor":2.0,"gold_loss":0.0,"damage_taken":0.0,"cards_obtained":["Doubt"]},{"cards_removed":["Bane"],"damage_healed":0.0,"max_hp_gain":0.0,"max_hp_loss":0.0,"gold_gain":0.0,"event_name":"WeMeetAgain","player_choice":"Gave Card","floor":4.0,"gold_loss":0.0,"damage_taken":0.0,"relics_obtained":["StrikeDummy"]},{"damage_healed":0,"gold_gain":0,"player_choice":"Obtained Book","damage_taken":21,"max_hp_gain":0,"max_hp_loss":0,"event_name":"Cursed Tome","floor":20,"gold_loss":0},{"damage_healed":0,"gold_gain":0,"player_choice":"Read","damage_taken":0,"max_hp_gain":0,"max_hp_loss":0,"event_name":"The Library","floor":25,"gold_loss":0,"cards_obtained":["Blade Dance"]},{"damage_healed":0,"gold_gain":0,"player_choice":"Simplicity","damage_taken":0,"max_hp_gain":0,"max_hp_loss":0,"event_name":"Back to Basics","floor":27,"gold_loss":0,"cards_upgraded":["Strike_G","Strike_G","Strike_G","Defend_G","Defend_G","Defend_G","Defend_G","Defend_G"]},{"damage_healed":0,"gold_gain":0,"player_choice":"Fought Bandits","damage_taken":0,"max_hp_gain":0,"max_hp_loss":0,"event_name":"Masked Bandits","floor":29,"gold_loss":0},{"damage_healed":0,"gold_gain":0,"player_choice":"Embrace Madness","damage_taken":13,"max_hp_gain":0,"max_hp_loss":0,"event_name":"Winding Halls","floor":36,"gold_loss":0,"cards_obtained":["Madness","Madness"]},{"cards_removed":["Bane"],"damage_healed":0,"gold_gain":0,"player_choice":"Removed Attack","damage_taken":0,"max_hp_gain":0,"max_hp_loss":0,"event_name":"Falling","floor":44,"gold_loss":0},{"damage_healed":0,"gold_gain":0,"player_choice":"Copied","damage_taken":0,"max_hp_gain":0,"max_hp_loss":0,"event_name":"Duplicator","floor":45,"gold_loss":0,"cards_obtained":["Wraith Form v2"]}],"is_beta":false,"boss_relics":[{"not_picked":["Calling Bell","Astrolabe"],"picked":"Coffee Dripper"},{"not_picked":["Empty Cage","Busted Crown"],"picked":"SlaversCollar"}],"items_purged_floors":[3,19,37],"is_endless":false,"potions_floor_spawned":[6,8,11,13,18,21,24,33,35,40,48],"ascension_level":20}}