{"host":"mo324zvkdr1xwprd","time":1611365909,"event":{"mods":["BaseMod","Better Note","BetterRewards","Hermit","Highlight Path","Hubris","Minty Spire (QoL Compilation)","Quick Restart","Rare Cards Sparkle","Shop Mod","StSLib","The Cursed","The Hierophant"],"gold_per_floor":[115,134,209,223,239,270,282,140,167,167,202,222,235,266,266,367,367,379,379,391,12,30,61,61,90,90,90,90,105,117,137,137,235,235,245,245,69,88,103,103,103,133,133,133,133,146,146,180,180,180,180,180,23,57,57,57],"floor_reached":55,"language":"ENG","playtime":5125,"items_purged":[],"score":888,"play_id":"2019e3c2-5292-40f5-bacf-d5e52c4c201f","local_time":"20210123013829","is_ascension_mode":true,"campfire_choices":[{"floor":10,"key":"RECALL"},{"floor":15,"key":"REST"},{"floor":24,"key":"REST"},{"floor":27,"key":"REST"},{"floor":32,"key":"REST"},{"data":"Chrysalis","floor":40,"key":"SMITH"},{"floor":45,"key":"REST"},{"data":"hubris:ReadiedAction","floor":49,"key":"SMITH"},{"data":"Reaper","floor":52,"key":"SMITH"}],"circlet_count":0,"master_deck":["Strike_R","Strike_R","Strike_R","Defend_R","Defend_R","Defend_R","Defend_R","Bash","Headbutt","Evolve","Fire Breathing","Shrug It Off","Thunderclap","Anger","Trip","Intimidate","Demon Form","Pommel Strike","Reaper+1","Feed","Carnage","hubris:ReadiedAction+1","Chrysalis+1","Inflame","Rampage","Pommel Strike","Anger","Clothesline","Headbutt+1","Heavy Blade+1","Cleave+1","Thunderclap","hubris:StunningStrike","Perfected Strike+1","Havoc","Flex","Dropkick+1","Iron Wave+1","Madness","Madness","Inflame+1","Parasite","Intimidate+1","Flex","Rampage+1"],"relics":["Burning Blood","Orichalcum","Toy Ornithopter","Ice Cream","Letter Opener","Mark of Pain","Enchiridion","Oddly Smooth Stone","hubris:DisguiseKit","Potion Belt","Runic Cube","HandDrill","Strawberry","Nunchaku","Dead Branch","hubris:Spice","hubris:SlimyHat","Centennial Puzzle"],"acts_visited":["Exordium","TheCity","TheBeyond","TheEnding"],"potions_floor_usage":[6,7,8,16,18,20,22,25,33,33,39,39,55,55],"damage_taken":[{"damage":6,"enemies":"Jaw Worm","floor":1,"turns":3},{"damage":0,"enemies":"Cultist","floor":2,"turns":3},{"damage":4,"enemies":"Small Slimes","floor":4,"turns":5},{"damage":14,"enemies":"Exordium Wildlife","floor":5,"turns":4},{"damage":23,"enemies":"Gremlin Nob","floor":6,"turns":6},{"damage":5,"enemies":"Blue Slaver","floor":7,"turns":3},{"damage":42,"enemies":"Lagavulin","floor":11,"turns":7},{"damage":1,"enemies":"Large Slime","floor":12,"turns":5},{"damage":8,"enemies":"Red Slaver","floor":13,"turns":3},{"damage":16,"enemies":"3 Sentries","floor":14,"turns":5},{"damage":40,"enemies":"The Guardian","floor":16,"turns":10},{"damage":27,"enemies":"2 Thieves","floor":18,"turns":4},{"damage":14,"enemies":"Chosen","floor":20,"turns":6},{"damage":7,"enemies":"Sentry and Sphere","floor":22,"turns":4},{"damage":50,"enemies":"Book of Stabbing","floor":23,"turns":6},{"damage":59,"enemies":"Gremlin Leader","floor":25,"turns":6},{"damage":34,"enemies":"3 Cultists","floor":29,"turns":5},{"damage":3,"enemies":"Cultist and Chosen","floor":30,"turns":3},{"damage":12,"enemies":"Centurion and Healer","floor":31,"turns":4},{"damage":43,"enemies":"Collector","floor":33,"turns":7},{"damage":23,"enemies":"3 Darklings","floor":35,"turns":4},{"damage":7,"enemies":"Orb Walker","floor":38,"turns":3},{"damage":21,"enemies":"Jaw Worm Horde","floor":39,"turns":3},{"damage":36,"enemies":"Reptomancer","floor":42,"turns":6},{"damage":19,"enemies":"Writhing Mass","floor":46,"turns":5},{"damage":18,"enemies":"Giant Head","floor":48,"turns":7},{"damage":72,"enemies":"Donu and Deca","floor":50,"turns":5},{"damage":48,"enemies":"Shield and Spear","floor":54,"turns":7},{"damage":130,"enemies":"The Heart","floor":55,"turns":5}],"seed_played":"4055260899727627545","potions_obtained":[{"floor":5,"key":"Weak Potion"},{"floor":6,"key":"SneckoOil"},{"floor":12,"key":"DuplicationPotion"},{"floor":14,"key":"DistilledChaos"},{"floor":16,"key":"EssenceOfSteel"},{"floor":20,"key":"AttackPotion"},{"floor":22,"key":"Dexterity Potion"},{"floor":23,"key":"CultistPotion"},{"floor":29,"key":"FearPotion"},{"floor":33,"key":"SteroidPotion"},{"floor":35,"key":"Energy Potion"},{"floor":38,"key":"CultistPotion"},{"floor":42,"key":"SteroidPotion"},{"floor":48,"key":"EssenceOfSteel"}],"is_trial":false,"path_per_floor":["M","M","?","M","M","E","M","$","T","R","E","M","M","E","R","B",null,"M","?","M","$","M","E","R","E","T","R","?","M","M","M","R","B",null,"M","?","$","M","M","R","?","E","T","?","R","M","?","E","R","B",null,"R","$","E","B"],"character_chosen":"IRONCLAD","items_purchased":["Trip","BloodPotion","Chrysalis","Inflame","Rampage","Pommel Strike","HandDrill","Flex","hubris:SlimyHat"],"campfire_rested":5,"item_purchase_floors":[8,8,21,21,21,21,37,37,53],"current_hp_per_floor":[80,80,72,74,66,49,55,76,76,76,40,45,43,33,57,37,80,78,62,67,67,71,34,59,24,24,49,49,54,57,51,77,50,89,75,75,75,77,85,85,73,50,50,50,80,67,67,74,74,40,110,110,110,87,0,0],"gold":57,"neow_bonus":"RANDOM_COMMON_RELIC","is_daily":false,"chose_seed":false,"campfire_upgraded":3,"win_rate":0.0,"timestamp":1611365909,"path_taken":["M","M","?","M","M","E","M","?","T","R","E","M","M","E","R","BOSS","M","?","M","$","M","E","R","E","T","R","?","M","M","M","R","BOSS","M","?","$","?","M","R","?","E","T","?","R","?","?","E","R","BOSS","R","$","E","BOSS"],"items_purchased_type":["Card","Potion","Card","Card","Card","Card","Relic","Card","Relic"],"build_version":"2020-12-22","purchased_purges":0,"victory":false,"max_hp_per_floor":[80,80,80,80,80,80,80,80,80,80,80,80,80,80,80,80,80,83,83,83,83,83,86,86,86,86,86,86,89,89,89,89,89,89,92,92,92,95,95,95,95,102,102,102,102,102,102,110,110,110,110,110,110,110,110,110],"card_choices":[{"not_picked":["Clothesline","Sword Boomerang"],"picked":"Headbutt","floor":1},{"not_picked":["Body Slam","Hemokinesis"],"picked":"Evolve","floor":2},{"not_picked":["Barricade","Carnage"],"picked":"Fire Breathing","floor":4},{"not_picked":["Clash","Wild Strike"],"picked":"Shrug It Off","floor":5},{"not_picked":["True Grit","Reckless Charge"],"picked":"Thunderclap","floor":6},{"not_picked":["Armaments","Burning Pact"],"picked":"Anger","floor":7},{"not_picked":["Wild Strike","Dark Embrace"],"picked":"Intimidate","floor":11},{"not_picked":["Wild Strike","Armaments"],"picked":"Demon Form","floor":12},{"not_picked":["Rupture","Searing Blow"],"picked":"Pommel Strike","floor":13},{"not_picked":["Pommel Strike","Thunderclap"],"picked":"Reaper","floor":14},{"not_picked":["Offering","Impervious"],"picked":"Feed","floor":16},{"not_picked":["Wild Strike","Armaments"],"picked":"Carnage","floor":18},{"not_picked":["Wild Strike","Second Wind+1"],"picked":"hubris:ReadiedAction","floor":20},{"not_picked":["Armaments","Dark Embrace+1"],"picked":"Anger","floor":22},{"not_picked":["Second Wind","hubris:SharpeningStone"],"picked":"Clothesline","floor":23},{"not_picked":["Clothesline","Havoc"],"picked":"Headbutt+1","floor":25},{"not_picked":["Spot Weakness","Armaments","TheCursedMod:CursedMace"],"picked":"Heavy Blade+1","floor":29},{"not_picked":["Twin Strike+1","Blood for Blood","TheCursedMod:SpitefulStrike"],"picked":"Cleave+1","floor":30},{"not_picked":["Shrug It Off","Havoc","TheCursedMod:WearCloak"],"picked":"Thunderclap","floor":31},{"not_picked":["Offering","Fiend Fire","TheCursedMod:CursedRelics"],"picked":"hubris:StunningStrike","floor":33},{"not_picked":["Sentinel+1","Clash","TheCursedMod:SmokeScreen"],"picked":"Perfected Strike+1","floor":35},{"not_picked":["Uppercut","Flex","TheCursedMod:CursedShiv"],"picked":"Dropkick+1","floor":38},{"not_picked":["Armaments+1","Bloodletting","TheCursedMod:PrepareRite"],"picked":"Iron Wave+1","floor":39},{"not_picked":["hubris:CleavingFinish+1","Wild Strike+1","TheCursedMod:SpitefulPlan"],"picked":"Inflame+1","floor":42},{"not_picked":["Heavy Blade","Battle Trance+1","TheCursedMod:HellfireBreathing"],"picked":"Intimidate+1","floor":46},{"not_picked":["Whirlwind+1","Spot Weakness","TheCursedMod:CircleOfAmplification"],"picked":"Flex","floor":48},{"not_picked":["Inflame","Wild Strike+1","TheCursedMod:Wield"],"picked":"Rampage+1","floor":54}],"player_experience":335922,"relics_obtained":[{"floor":6,"key":"Toy Ornithopter"},{"floor":11,"key":"Ice Cream"},{"floor":14,"key":"Letter Opener"},{"floor":19,"key":"Enchiridion"},{"floor":23,"key":"Oddly Smooth Stone"},{"floor":25,"key":"hubris:DisguiseKit"},{"floor":26,"key":"Potion Belt"},{"floor":42,"key":"Strawberry"},{"floor":43,"key":"Nunchaku"},{"floor":48,"key":"hubris:Spice"},{"floor":54,"key":"Centennial Puzzle"}],"event_choices":[{"damage_healed":0,"gold_gain":75,"player_choice":"Touch","damage_taken":8,"max_hp_gain":0,"max_hp_loss":0,"event_name":"FaceTrader","floor":3,"gold_loss":0},{"damage_healed":0,"gold_gain":0,"player_choice":"Obtained Book","damage_taken":16,"max_hp_gain":0,"max_hp_loss":0,"event_name":"Cursed Tome","floor":19,"gold_loss":0},{"damage_healed":0,"gold_gain":0,"player_choice":"Ignored","damage_taken":0,"max_hp_gain":0,"max_hp_loss":0,"event_name":"Vampires","floor":28,"gold_loss":0},{"damage_healed":0,"gold_gain":0,"cards_transformed":["Strike_R"],"player_choice":"Transformed","damage_taken":0,"max_hp_gain":0,"max_hp_loss":0,"event_name":"Transmorgrifier","floor":36,"gold_loss":0,"cards_obtained":["Havoc"]},{"damage_healed":0,"gold_gain":0,"player_choice":"Embrace Madness","damage_taken":12,"max_hp_gain":0,"max_hp_loss":0,"event_name":"Winding Halls","floor":41,"gold_loss":0,"cards_obtained":["Madness","Madness"]},{"damage_healed":0,"gold_gain":0,"player_choice":"Gave Potion","damage_taken":0,"relics_obtained":["Dead Branch"],"max_hp_gain":0,"max_hp_loss":0,"event_name":"WeMeetAgain","floor":44,"gold_loss":0},{"cards_removed":["Strike_R"],"damage_healed":0,"gold_gain":0,"player_choice":"Purged","damage_taken":0,"max_hp_gain":0,"max_hp_loss":0,"event_name":"Purifier","floor":47,"gold_loss":0}],"is_beta":false,"boss_relics":[{"not_picked":["Snecko Eye","hubris:GrandSneckoEye"],"picked":"Mark of Pain"},{"not_picked":["SacredBark","hubris:VirtuousBlindfold"],"picked":"Runic Cube"}],"items_purged_floors":[],"is_endless":false,"potions_floor_spawned":[5,6,12,14,16,20,22,23,29,33,35,38,42,48],"killed_by":"The Heart","ascension_level":2}}