{"host":"9gt1gyw31qbqqib1","time":1611370931,"event":{"mods":["AchievementEnabler","BaseMod","Better Sensory Stone","BetterRewards","Colored Map","Colored Powertips","Downfall","Fox Events","Highlight Path","Infinite Spire","Ironclad Rager","Marked Mod","Minty Spire (QoL Compilation)","Permanent Neow","Rare Cards Sparkle","Spicy Shops","StSLib","The Marked"],"gold_per_floor":[0,150,165,182,247,247,247,247,267,281,281,314,214,47,60,62,62,62],"floor_reached":16,"language":"ENG","playtime":727,"items_purged":[],"score":100,"play_id":"6ff86dc8-0ad5-46c5-a53f-6696568f0d58","local_time":"20210123040211","is_ascension_mode":false,"campfire_choices":[{"floor":1,"key":"RECALL"},{"floor":11,"key":"REST"},{"data":"bronze:Format","floor":13,"key":"SMITH"}],"circlet_count":0,"master_deck":["bronze:Strike","bronze:Strike","bronze:Strike","bronze:Strike","bronze:Defend","bronze:Defend","bronze:Defend","bronze:Defend","bronze:Replicate","bronze:Goto","downfall:Icky","bronze:Overheat","bronze:FineTuning","bronze:Philosophize","bronze:DelayedGuard","bronze:Format+1","bronze:Return","bronze:Shield","bronze:Allocate","bronze:OilSpill"],"relics":["bronze:BronzeCore","StoneCalendar","infinitespire:Midas Blood","Gremlin Horn","Matryoshka","Bird Faced Urn","downfall:HeartBlessingRed","Strange Spoon"],"acts_visited":["Exordium"],"potions_floor_usage":[12],"damage_taken":[{"damage":2,"enemies":"2 Louse","floor":3,"turns":3},{"damage":8,"enemies":"Small Slimes","floor":4,"turns":3},{"damage":37,"enemies":"3 Sentries","floor":5,"turns":7},{"damage":13,"enemies":"Jaw Worm","floor":9,"turns":3},{"damage":8,"enemies":"Gremlin Gang","floor":10,"turns":4},{"damage":26,"enemies":"Gremlin Nob","floor":12,"turns":4},{"damage":3,"enemies":"downfall:FleeingMerchant","floor":14,"turns":4},{"damage":5,"enemies":"3 Louse","floor":15,"turns":4},{"damage":19,"enemies":"DF_ARCHETYPE_STREAMLINE","floor":16,"turns":3}],"seed_played":"-4051088673504065738","potions_obtained":[{"floor":4,"key":"FairyPotion"},{"floor":10,"key":"hexamod:SoulburnPotion"},{"floor":12,"key":"Guardian:BlockOnCardUsePotion"},{"floor":15,"key":"GamblersBrew"}],"is_trial":false,"path_per_floor":["R","?","M","M","?","T","T","?","M","M","R","E","R","$","M","B"],"character_chosen":"THE_AUTOMATON","items_purchased":["Strange Spoon","bronze:Allocate"],"campfire_rested":1,"item_purchase_floors":[14,14],"current_hp_per_floor":[70,70,68,60,23,23,23,23,10,2,23,21,21,18,13,0,0,0],"gold":62,"neow_bonus":"ONE_RARE_RELIC","is_daily":false,"chose_seed":false,"campfire_upgraded":1,"win_rate":0.0,"timestamp":1611370931,"path_taken":["R","?","M","M","?","?","T","?","M","M","R","E","R","$","M","BOSS"],"items_purchased_type":["Relic","Card"],"build_version":"2020-12-22","purchased_purges":0,"victory":false,"max_hp_per_floor":[70,70,70,70,70,70,70,70,70,70,70,70,70,70,70,70,70,70],"card_choices":[{"not_picked":["bronze:DelayedGuard","bronze:ForceShield"],"picked":"bronze:Overheat","floor":3},{"not_picked":["bronze:DelayedSlice","bronze:BuggyMess"],"picked":"bronze:FineTuning","floor":4},{"not_picked":["bronze:Iterate","bronze:Overload"],"picked":"bronze:Philosophize","floor":5},{"not_picked":["bronze:Frontload","bronze:GetLatest"],"picked":"bronze:DelayedGuard","floor":9},{"not_picked":["bronze:Repair","bronze:CloningBeam"],"picked":"bronze:Format","floor":10},{"not_picked":["bronze:DelayedSlice","bronze:Deprecate"],"picked":"bronze:Return","floor":12},{"not_picked":["bronze:Deprecate","bronze:Return"],"picked":"bronze:Shield","floor":14},{"not_picked":["bronze:WhirlingStrike","bronze:Safeguard"],"picked":"bronze:OilSpill","floor":15}],"player_experience":256514,"relics_obtained":[{"floor":5,"key":"infinitespire:Midas Blood"},{"floor":6,"key":"Gremlin Horn"},{"floor":7,"key":"Matryoshka"},{"floor":12,"key":"Bird Faced Urn"}],"event_choices":[{"damage_healed":0,"gold_gain":0,"player_choice":"Ignored","damage_taken":0,"max_hp_gain":0,"max_hp_loss":0,"event_name":"NoteForYourself","floor":8,"gold_loss":0}],"is_beta":false,"boss_relics":[],"items_purged_floors":[],"is_endless":false,"potions_floor_spawned":[4,10,12,15],"killed_by":"DF_ARCHETYPE_STREAMLINE","ascension_level":0}}