{"host":"irwdypew7j0recua","time":1611420515,"event":{"mods":["AchievementEnabler","BaseMod","Better Third Choice","Better Vampires","BetterRewards","Conspire","Custom Start","Downfall","Googly Eyes","Hermit","Infinite Spire","KomeijiMod","Marisa????????","Minty Spire (QoL Compilation)","Quick Restart","Rare Cards Sparkle","Reworked Bosses","Shop Mod","Spicy Shops","StSLib","The Construct","The Cursed","The Necromancer","WarShipGirlsR/????R mod"],"gold_per_floor":[118,118,130,230,241,272,272,304,304,304,304],"floor_reached":10,"language":"ENG","playtime":463,"items_purged":[],"score":184,"play_id":"a43b3a54-1313-4ee8-86e8-f7a1afc4ed03","local_time":"20210123144835","is_ascension_mode":true,"campfire_choices":[{"data":"hermit:Combo","floor":7,"key":"SMITH"}],"circlet_count":0,"master_deck":["hermit:Strike_Hermit","hermit:Strike_Hermit","hermit:Strike_Hermit","hermit:Strike_Hermit","hermit:Defend_Hermit","hermit:Defend_Hermit","hermit:Defend_Hermit","hermit:Defend_Hermit","hermit:Snapshot","hermit:Covet","hermit:Purgatory","hermit:PistolWhip","hermit:Combo+1","CurseOfTheBell","CurseOfTheBell","Regret","hermit:Gambit","Normality","conspire:Blindness","hermit:HighNoon","hermit:GhostlyPresence","hermit:Maintenance"],"relics":["hermit:Momento","downfall:ExtraCursedBell","Happy Flower","Eternal Feather","infinitespire:CursedDice","Darkstone Periapt","ShirouKen","TungstenRod"],"acts_visited":["Exordium"],"potions_floor_usage":[10],"damage_taken":[{"damage":31,"enemies":"2 Louse","floor":1,"turns":2},{"damage":5,"enemies":"Cultist","floor":3,"turns":4},{"damage":16,"enemies":"Small Slimes","floor":5,"turns":4},{"damage":33,"enemies":"Gremlin Nob","floor":6,"turns":4},{"damage":26,"enemies":"Lagavulin","floor":8,"turns":8},{"damage":41,"enemies":"3 Sentries","floor":10,"turns":9}],"seed_played":"8343400330631645087","potions_obtained":[{"floor":2,"key":"infinitespire:BlackPotion"},{"floor":2,"key":"Dexterity Potion"},{"floor":2,"key":"JyouchiReiPotion"}],"is_trial":false,"path_per_floor":["M","?","M","?","M","E","R","E","T","E"],"character_chosen":"HERMIT","items_purchased":[],"campfire_rested":0,"item_purchase_floors":[],"current_hp_per_floor":[44,44,39,44,28,49,61,35,35,0,0],"gold":304,"neow_bonus":"ONE_RANDOM_RARE_CARD","is_daily":false,"chose_seed":false,"campfire_upgraded":1,"win_rate":0.0,"timestamp":1611420515,"path_taken":["M","?","?","?","M","E","R","E","T","E"],"items_purchased_type":[],"build_version":"2020-12-22","purchased_purges":0,"victory":false,"max_hp_per_floor":[75,75,75,80,80,80,80,80,80,80,80],"card_choices":[{"not_picked":["hermit:WideOpen","hermit:Dive"],"picked":"hermit:PistolWhip","floor":1},{"not_picked":["hermit:Misfire","hermit:Ricochet"],"picked":"hermit:Combo","floor":3},{"not_picked":["hermit:Vantage","hermit:TakeCover"],"picked":"hermit:HighNoon","floor":5},{"not_picked":["hermit:CalledShot","hermit:LoneWolf"],"picked":"hermit:GhostlyPresence","floor":6},{"not_picked":["hermit:CursedWeapon","hermit:TrackingShot"],"picked":"hermit:Maintenance","floor":8}],"player_experience":173057,"relics_obtained":[{"floor":4,"key":"Happy Flower"},{"floor":4,"key":"Eternal Feather"},{"floor":4,"key":"infinitespire:CursedDice"},{"floor":6,"key":"Darkstone Periapt"},{"floor":8,"key":"ShirouKen"},{"floor":9,"key":"TungstenRod"}],"event_choices":[{"damage_healed":0,"gold_gain":0,"player_choice":"Got Potions","damage_taken":0,"max_hp_gain":0,"max_hp_loss":0,"event_name":"Lab","floor":2,"gold_loss":0}],"is_beta":false,"boss_relics":[],"items_purged_floors":[],"is_endless":false,"potions_floor_spawned":[],"killed_by":"3 Sentries","ascension_level":2}}