{"host":"bplbr8uekuotory4","time":1611382651,"event":{"mods":["Act Like it!","BaseMod","Custom Start","Gensokyo","GungeonMod","Hermit","KinomotoSakuraMod(木之本樱)","Marisa（F雨　魔理沙）","Minty Spire (QoL Compilation)","Prisma Mod","Quick Restart","Reimu（博丽灵梦）","SOS（斯巴达之子）","Spicy Shops","StSLib","TestMod","The Blackbeard","The Cursed","The Marked","The Mystic","The Poker Player","The Runesmith","The Saiyan","The Senshi","The Servant 0.9.4","Yuri Mod","[IsaacMod]以撒尖塔"],"gold_per_floor":[119,129,129,129,129,161,161,186,186,204,204,218,241,340,340,442,442,458,288,213,239,338,364,364,395,419,45,45,131,145,176,176,276,276,294,294,294],"floor_reached":36,"language":"ZHS","playtime":954,"items_purged":["theMarked:Strike","theMarked:Defend","BettingIsNotGood"],"score":703,"play_id":"7ea4ae84-7120-45db-9b6f-281340964c9a","local_time":"20210123141731","is_ascension_mode":true,"campfire_choices":[{"data":"theMarked:SoldierOfQuellstein","floor":7,"key":"SMITH"},{"data":"theMarked:Abjuration","floor":11,"key":"SMITH"},{"data":"theMarked:ResourceFulStrike","floor":15,"key":"SMITH"},{"data":"theMarked:WardOff","floor":24,"key":"SMITH"},{"data":"theMarked:EternalStudent","floor":28,"key":"SMITH"},{"data":"theMarked:TakeOffHeels","floor":32,"key":"SMITH"}],"circlet_count":0,"master_deck":["theMarked:Strike+1","theMarked:Defend+1","theMarked:SoldierOfQuellstein+1","theMarked:ChainLightning","theMarked:SuspiciousRaven","theMarked:Abjuration+1","theMarked:WardOff+1","theMarked:ResourceFulStrike+1","theMarked:TakeOffHeels+1","theMarked:ParalyzingBlade","theMarked:SwordAndMagic+1","theMarked:EternalStudent+1","theMarked:MuscleMemory"],"relics":["theMarked:ArtifactOfAir","testmod-TestBox","HushsDoor","GuppysHead","testmod-Temperance","NeowsBlessing","YidongShenshe:ReiMu","Gambling Chip","BFFS","Smiling Mask","testmod-CardMagician","SatanicBible","DemoMod:BlueGuonStone","DemoMod:ClearGuonStone","FossilizedHelix","Pen Nib","Toolbox","DemoMod:GlassGuonStoneRelic","DemoMod:MonsterBlood","Runic Pyramid","DeathBook"],"acts_visited":["Exordium","TheCity","TheBeyond"],"potions_floor_usage":[25,31,33],"damage_taken":[{"damage":0,"enemies":"Cultist","floor":1,"turns":1},{"damage":0,"enemies":"Small Slimes","floor":2,"turns":1},{"damage":0,"enemies":"Lagavulin","floor":6,"turns":1},{"damage":10,"enemies":"Gremlin Nob","floor":8,"turns":3},{"damage":2,"enemies":"2 Louse","floor":10,"turns":2},{"damage":0,"enemies":"Large Slime","floor":12,"turns":3},{"damage":0,"enemies":"Lagavulin","floor":13,"turns":2},{"damage":0,"enemies":"Slime Boss","floor":16,"turns":3},{"damage":0,"enemies":"Spheric Guardian","floor":18,"turns":1},{"damage":0,"enemies":"2 Thieves","floor":21,"turns":2},{"damage":0,"enemies":"Book of Stabbing","floor":23,"turns":4},{"damage":16,"enemies":"Gremlin Leader","floor":25,"turns":5},{"damage":0,"enemies":"Cultist and Chosen","floor":30,"turns":4},{"damage":2,"enemies":"Slavers","floor":31,"turns":3},{"damage":0,"enemies":"Champ","floor":33,"turns":4},{"damage":0,"enemies":"Orb Walker","floor":35,"turns":2},{"damage":0,"enemies":"3 Darklings","floor":36,"turns":2}],"seed_played":"5573521841401211132","potions_obtained":[{"floor":8,"key":"SkillPotion"},{"floor":10,"key":"testmod-SpacePotion"},{"floor":13,"key":"Fire Potion"},{"floor":31,"key":"Fire Potion"}],"is_trial":false,"path_per_floor":["M","M","?","?","?","E","R","E","T","M","R","M","E","?","R","B",null,"M","$","?","M","?","E","R","E","T","$","R","?","M","E","R","B",null,"M","M"],"character_chosen":"THE_DEFAULT","items_purchased":["SatanicBible","DemoMod:BlueGuonStone","Toolbox","theMarked:EternalStudent","DeathBook"],"campfire_rested":0,"item_purchase_floors":[17,19,27,27,34],"current_hp_per_floor":[70,70,63,49,49,49,49,44,44,47,47,47,52,37,37,42,55,55,55,55,55,55,55,55,39,39,39,39,24,29,34,34,34,45,45,45,45],"gold":294,"neow_bonus":"THREE_ENEMY_KILL","is_daily":false,"chose_seed":false,"campfire_upgraded":6,"win_rate":0.0,"timestamp":1611382651,"path_taken":["M","?","?","?","?","E","R","E","T","M","R","M","E","?","R","BOSS","M","$","?","M","?","E","R","E","T","$","R","?","M","E","R","BOSS","M","M"],"items_purchased_type":["Relic","Relic","Relic","Card","Relic"],"build_version":"2020-12-22","purchased_purges":3,"victory":false,"max_hp_per_floor":[70,70,70,70,70,70,70,70,70,70,70,70,70,70,70,70,55,55,55,55,55,55,55,55,55,55,55,55,55,55,62,62,62,45,45,45,45],"card_choices":[{"not_picked":[],"picked":"BettingIsNotGood","floor":0},{"not_picked":["theMarked:ElectricStrings","theMarked:Convert","theMarked:WastefulDefense"],"picked":"SKIP","floor":1},{"not_picked":["theMarked:Frustration","theMarked:SelfDefenseTraining"],"picked":"theMarked:ChainLightning","floor":2},{"not_picked":["theMarked:ChainLightning","theMarked:TwofoldDefense"],"picked":"theMarked:SuspiciousRaven","floor":6},{"not_picked":["theMarked:ElementalBlade","theMarked:ElectricStrings"],"picked":"theMarked:Abjuration","floor":8},{"not_picked":["theMarked:ElectricStrings","theMarked:Parkour"],"picked":"theMarked:WardOff","floor":10},{"not_picked":["theMarked:Parry","theMarked:RogueSparks"],"picked":"theMarked:ResourceFulStrike","floor":12},{"not_picked":["theMarked:CreepingChasm","theMarked:HeightenedSenses","theMarked:Static"],"picked":"SKIP","floor":13},{"not_picked":["theMarked:ThrowWeapon","theMarked:Defy"],"picked":"theMarked:TakeOffHeels","floor":16},{"not_picked":["theMarked:EmpowerWeapon","theMarked:Opportunist"],"picked":"theMarked:ParalyzingBlade","floor":18},{"not_picked":["theMarked:Improvise","theMarked:BanishingStrike"],"picked":"theMarked:SwordAndMagic+1","floor":21},{"not_picked":["theMarked:EmpowerWeapon","theMarked:SelfDefenseTraining","theMarked:BanishingStrike"],"picked":"SKIP","floor":23},{"not_picked":["theMarked:Frustration","theMarked:Polarize+1","theMarked:Improvise"],"picked":"SKIP","floor":25},{"not_picked":["theMarked:ElectricStrings+1","theMarked:StartUp","theMarked:Frustration"],"picked":"SKIP","floor":30},{"not_picked":["theMarked:Improvise","theMarked:RogueSparks+1","theMarked:TwofoldDefense+1"],"picked":"SKIP","floor":31},{"not_picked":["theMarked:Abjuration","theMarked:ThrowWeapon"],"picked":"theMarked:MuscleMemory","floor":33},{"not_picked":["theMarked:CreepingChasm","theMarked:Parkour+1","theMarked:Electrocute"],"picked":"SKIP","floor":35}],"player_experience":1196569,"relics_obtained":[{"floor":6,"key":"Gambling Chip"},{"floor":8,"key":"BFFS"},{"floor":13,"key":"Smiling Mask"},{"floor":23,"key":"DemoMod:ClearGuonStone"},{"floor":25,"key":"FossilizedHelix"},{"floor":26,"key":"Pen Nib"},{"floor":31,"key":"DemoMod:MonsterBlood"}],"event_choices":[{"cards_removed":["theMarked:Strike"],"damage_healed":0,"gold_gain":0,"player_choice":"Card Removal","damage_taken":7,"max_hp_gain":0,"max_hp_loss":0,"event_name":"Golden Wing","floor":3,"gold_loss":0},{"damage_healed":0,"gold_gain":0,"player_choice":"Entered Light","damage_taken":14,"max_hp_gain":0,"max_hp_loss":0,"event_name":"Shining Light","floor":4,"gold_loss":0,"cards_upgraded":["theMarked:Defend","theMarked:Strike"]},{"damage_healed":0,"gold_gain":0,"player_choice":"带走神社","damage_taken":0,"relics_obtained":["YidongShenshe:ReiMu"],"max_hp_gain":0,"max_hp_loss":0,"event_name":"yidonshenshe","floor":5,"gold_loss":0,"cards_obtained":["Poor:ReiMu"]},{"cards_removed":["theMarked:Strike"],"damage_healed":0,"gold_gain":0,"player_choice":"Gave Gold","damage_taken":0,"max_hp_gain":0,"max_hp_loss":0,"event_name":"Beggar","floor":20,"gold_loss":75},{"damage_healed":0,"gold_gain":99,"player_choice":"Stole From Cult","damage_taken":0,"max_hp_gain":0,"max_hp_loss":0,"event_name":"Nest","floor":22,"gold_loss":0}],"is_beta":false,"boss_relics":[{"not_picked":["testmod-DreamHouse","theMarked:SpiritSword"],"picked":"testmod-CardMagician"},{"not_picked":[]},{"not_picked":["Black Star","testmod-KeyOfTheVoid"],"picked":"Runic Pyramid"},{"not_picked":[]}],"items_purged_floors":[17,19,34],"is_endless":false,"potions_floor_spawned":[8,10,13,16,18,23,31],"killed_by":"3 Darklings","ascension_level":3}}