{"host":"j4g6ia6asvpyu2b0","time":1611428062,"event":{"mods":["BaseMod","Colored Map","Minty Spire (QoL Compilation)","Permanent Neow","Quick Restart","Relic Stats","StSLib","Unceasing Turn Reminder"],"gold_per_floor":[367,379,679,829,625,625,639,668,668,668,681,661,686,705,705,779,779,792,803,822,841,445,471,488,488,488,488,3,3,17,33,33,111,111,124,135,155,173,225,258,278,303,330,605,455,474,499,518,518,518,518,518,7,7,7],"floor_reached":54,"language":"ENG","playtime":2199,"items_purged":["Doubt","Clumsy","Strike_G","Regret","Strike_G"],"score":1563,"play_id":"3d8ffcdb-73e6-49f4-b3e4-69f2d04fe09f","local_time":"20210123115422","is_ascension_mode":true,"campfire_choices":[{"data":"Well Laid Plans","floor":6.0,"key":"SMITH"},{"data":"Bouncing Flask","floor":10.0,"key":"SMITH"},{"data":"Leg Sweep","floor":15.0,"key":"SMITH"},{"data":"A Thousand Cuts","floor":27,"key":"SMITH"},{"data":"Noxious Fumes","floor":32,"key":"SMITH"},{"floor":49,"key":"RECALL"},{"floor":52,"key":"DIG"}],"circlet_count":0,"master_deck":["AscendersBane","Strike_G","Strike_G","Defend_G","Defend_G","Defend_G","Defend_G","Defend_G","Survivor","Neutralize","Blade Dance","Blade Dance","Well Laid Plans+1","Escape Plan","Endless Agony","Bouncing Flask+1","Leg Sweep+1","Terror","Dagger Throw","A Thousand Cuts+1","Cloak And Dagger","Cloak And Dagger","Acrobatics","Finisher","Noxious Fumes+1","Cloak And Dagger","Dodge and Roll","Blade Dance","Endless Agony","Blade Dance","Accuracy","Corpse Explosion","Outmaneuver","Crippling Poison","Infinite Blades","Sucker Punch+1","Blade Dance","Cloak And Dagger+1","Backflip","Caltrops","Calculated Gamble","Footwork+1","Noxious Fumes+1","Accuracy","PiercingWail","Dark Shackles"],"relics":["Ring of the Snake","Old Coin","Dream Catcher","Gremlin Horn","Strawberry","WristBlade","Oddly Smooth Stone","Lantern","FossilizedHelix","Ornamental Fan","Philosopher\u0027s Stone","Shovel","Mercury Hourglass","Anchor","Ninja Scroll","Blue Candle","Membership Card","Bottled Tornado"],"acts_visited":["Exordium","TheCity","TheBeyond","TheEnding"],"potions_floor_usage":[19,21,23,33],"damage_taken":[{"damage":0.0,"enemies":"Small Slimes","floor":1.0,"turns":4.0},{"damage":0.0,"enemies":"2 Louse","floor":2.0,"turns":3.0},{"damage":6.0,"enemies":"Cultist","floor":7.0,"turns":3.0},{"damage":8.0,"enemies":"Lagavulin","floor":8.0,"turns":10.0},{"damage":10.0,"enemies":"3 Louse","floor":11.0,"turns":3.0},{"damage":12.0,"enemies":"Gremlin Nob","floor":13.0,"turns":4.0},{"damage":1.0,"enemies":"Red Slaver","floor":14.0,"turns":5.0},{"damage":4.0,"enemies":"Hexaghost","floor":16.0,"turns":10.0},{"damage":0.0,"enemies":"Chosen","floor":18.0,"turns":3.0},{"damage":3,"enemies":"2 Thieves","floor":19,"turns":4},{"damage":10,"enemies":"Snecko","floor":20,"turns":4},{"damage":8,"enemies":"Shelled Parasite and Fungi","floor":21,"turns":6},{"damage":22,"enemies":"Slavers","floor":23,"turns":6},{"damage":0,"enemies":"3 Cultists","floor":24,"turns":3},{"damage":0,"enemies":"Snecko","floor":30,"turns":3},{"damage":0,"enemies":"Cultist and Chosen","floor":31,"turns":4},{"damage":0,"enemies":"Collector","floor":33,"turns":6},{"damage":0,"enemies":"3 Darklings","floor":35,"turns":1},{"damage":6,"enemies":"Orb Walker","floor":36,"turns":4},{"damage":0,"enemies":"3 Darklings","floor":37,"turns":4},{"damage":4,"enemies":"Spire Growth","floor":38,"turns":4},{"damage":0,"enemies":"2 Orb Walkers","floor":39,"turns":3},{"damage":14,"enemies":"Reptomancer","floor":40,"turns":5},{"damage":0,"enemies":"Maw","floor":41,"turns":5},{"damage":0,"enemies":"Giant Head","floor":42,"turns":6},{"damage":4,"enemies":"Writhing Mass","floor":46,"turns":7},{"damage":3,"enemies":"Nemesis","floor":47,"turns":5},{"damage":0,"enemies":"4 Shapes","floor":48,"turns":1},{"damage":37,"enemies":"Donu and Deca","floor":50,"turns":8},{"damage":59,"enemies":"Shield and Spear","floor":54,"turns":4}],"seed_played":"6351588199333897316","potions_obtained":[{"floor":1.0,"key":"Dexterity Potion"},{"floor":11.0,"key":"EntropicBrew"},{"floor":12.0,"key":"CunningPotion"},{"floor":14.0,"key":"Explosive Potion"},{"floor":19,"key":"LiquidBronze"},{"floor":20,"key":"Energy Potion"},{"floor":21,"key":"Energy Potion"},{"floor":30,"key":"Strength Potion"},{"floor":35,"key":"Poison Potion"},{"floor":38,"key":"FairyPotion"}],"is_trial":false,"path_per_floor":["M","M","?","?","$","R","M","E","T","R","M","?","E","M","R","B",null,"M","M","M","M","$","E","M","?","T","R","$","?","M","M","R","B",null,"M","M","M","M","?","E","M","E","T","?","$","M","E","M","R","B",null,"R","$","E"],"character_chosen":"THE_SILENT","items_purchased":["Well Laid Plans","Escape Plan","Oddly Smooth Stone","Noxious Fumes","Cloak And Dagger","Ornamental Fan","PowerPotion","Endless Agony","Membership Card","Accuracy","PiercingWail","Bottled Tornado","Dark Shackles"],"campfire_rested":0,"item_purchase_floors":[5,5,22,22,22,28,28,28,53,53,53,53,53],"current_hp_per_floor":[59,59,41,41,41,41,35,27,27,27,17,17,12,11,11,7,57,57,54,44,36,36,14,14,29,29,29,29,29,29,29,29,29,62,62,56,56,52,52,38,38,38,38,38,38,34,31,31,31,16,59,59,59,0,0],"gold":7,"neow_bonus":"TWO_FIFTY_GOLD","is_daily":false,"chose_seed":false,"campfire_upgraded":5,"win_rate":0.0,"timestamp":1611428062,"path_taken":["M","M","?","?","$","R","M","E","T","R","M","?","E","M","R","BOSS","M","M","M","?","$","E","M","?","T","R","$","?","M","M","R","BOSS","M","M","M","M","?","E","M","E","T","?","$","M","E","M","R","BOSS","R","$","E"],"items_purchased_type":["Card","Card","Relic","Card","Card","Relic","Potion","Card","Relic","Card","Card","Relic","Card"],"build_version":"2020-12-22","purchased_purges":5,"victory":false,"max_hp_per_floor":[66,66,66,66,66,66,66,66,66,66,66,66,73,73,73,73,73,73,73,73,73,73,73,73,73,73,73,73,73,73,73,73,73,73,73,73,73,73,73,73,73,73,73,73,73,73,73,73,73,73,73,73,73,73,73],"relic_stats":{"Dream Catcher":0,"Shovel":1,"Gremlin Horn":[24,24],"counters":[30,138],"Ornamental Fan":[276],"Blue Candle":[0],"obtain_stats":[{"Lantern":23,"Gremlin Horn":9,"Blue Candle":52,"Oddly Smooth Stone":22,"Bottled Tornado":53,"Old Coin":3,"Mercury Hourglass":40,"Dream Catcher":8,"Anchor":42,"Shovel":39,"WristBlade":17,"Ornamental Fan":28,"Ninja Scroll":47,"Strawberry":13,"Philosopher\u0027s Stone":34,"Membership Card":53,"FossilizedHelix":26,"Ring of the Snake":0},{"Lantern":13,"Gremlin Horn":4,"Blue Candle":29,"Oddly Smooth Stone":12,"Bottled Tornado":29,"Old Coin":2,"Mercury Hourglass":23,"Dream Catcher":4,"Anchor":25,"Shovel":22,"WristBlade":8,"Ornamental Fan":14,"Ninja Scroll":27,"Strawberry":6,"Philosopher\u0027s Stone":17,"Membership Card":29,"FossilizedHelix":14,"Ring of the Snake":0},{"Lantern":65,"Gremlin Horn":20,"Blue Candle":134,"Oddly Smooth Stone":59,"Bottled Tornado":134,"Old Coin":7,"Mercury Hourglass":102,"Dream Catcher":20,"Anchor":113,"Shovel":97,"WristBlade":42,"Ornamental Fan":68,"Ninja Scroll":125,"Strawberry":27,"Philosopher\u0027s Stone":81,"Membership Card":134,"FossilizedHelix":68,"Ring of the Snake":0}],"Ring of the Snake":[59],"Mercury Hourglass":[113]},"card_choices":[{"not_picked":["Expertise","Quick Slash"],"picked":"Blade Dance","floor":1.0},{"not_picked":["All Out Attack","Prepared"],"picked":"Blade Dance","floor":2.0},{"not_picked":["Bane","Slice"],"picked":"Endless Agony","floor":7.0},{"not_picked":["PiercingWail","Deadly Poison"],"picked":"Bouncing Flask","floor":8.0},{"not_picked":["Backstab","Caltrops"],"picked":"Leg Sweep","floor":11.0},{"not_picked":["Dagger Spray","Choke"],"picked":"Terror","floor":13.0},{"not_picked":["Poisoned Stab","Blade Dance"],"picked":"Dagger Throw","floor":14.0},{"not_picked":["Night Terror","Die Die Die"],"picked":"A Thousand Cuts","floor":16.0},{"not_picked":["Underhanded Strike","Bane"],"picked":"Cloak And Dagger","floor":18.0},{"not_picked":["Poisoned Stab","Well Laid Plans+1"],"picked":"Cloak And Dagger","floor":19},{"not_picked":["Poisoned Stab","All Out Attack"],"picked":"Acrobatics","floor":20},{"not_picked":["Deflect","Dodge and Roll"],"picked":"Finisher","floor":21},{"not_picked":["Underhanded Strike","Slice"],"picked":"Dodge and Roll","floor":23},{"not_picked":["Heel Hook","Acrobatics"],"picked":"Blade Dance","floor":24},{"not_picked":["Backflip","Deflect"],"picked":"Blade Dance","floor":30},{"not_picked":["Endless Agony","Concentrate"],"picked":"Accuracy","floor":31},{"not_picked":["Doppelganger","Grand Finale"],"picked":"Corpse Explosion","floor":33},{"not_picked":["Prepared+1","Backstab"],"picked":"Outmaneuver","floor":35},{"not_picked":["Choke","Quick Slash"],"picked":"Crippling Poison","floor":36},{"not_picked":["Dagger Spray","Poisoned Stab"],"picked":"Infinite Blades","floor":37},{"not_picked":["Deflect","Bane"],"picked":"Sucker Punch+1","floor":38},{"not_picked":["Dagger Throw+1","Outmaneuver"],"picked":"Blade Dance","floor":39},{"not_picked":["Reflex","Outmaneuver+1"],"picked":"Cloak And Dagger+1","floor":40},{"not_picked":["Underhanded Strike","Slice"],"picked":"Backflip","floor":41},{"not_picked":["Quick Slash","Glass Knife"],"picked":"Caltrops","floor":42},{"not_picked":["Dagger Spray","Riddle With Holes"],"picked":"Calculated Gamble","floor":46},{"not_picked":["Doppelganger","Blur"],"picked":"Footwork+1","floor":47},{"not_picked":["Quick Slash","Bane+1"],"picked":"Noxious Fumes+1","floor":48}],"player_experience":958633,"relics_obtained":[{"floor":8.0,"key":"Dream Catcher"},{"floor":9.0,"key":"Gremlin Horn"},{"floor":13.0,"key":"Strawberry"},{"floor":23,"key":"Lantern"},{"floor":26,"key":"FossilizedHelix"},{"floor":39,"key":"Shovel"},{"floor":40,"key":"Mercury Hourglass"},{"floor":42,"key":"Anchor"},{"floor":47,"key":"Ninja Scroll"},{"floor":52,"key":"Blue Candle"}],"event_choices":[{"damage_healed":0.0,"max_hp_gain":0.0,"max_hp_loss":0.0,"gold_gain":0.0,"event_name":"Scrap Ooze","player_choice":"Success","floor":3.0,"gold_loss":0.0,"damage_taken":18.0,"relics_obtained":["Old Coin"]},{"damage_healed":0.0,"max_hp_gain":0.0,"max_hp_loss":0.0,"gold_gain":150.0,"event_name":"Liars Game","player_choice":"AGREE","floor":4.0,"gold_loss":0.0,"damage_taken":0.0,"cards_obtained":["Doubt"]},{"damage_healed":0.0,"max_hp_gain":0.0,"max_hp_loss":0.0,"gold_gain":0.0,"event_name":"The Woman in Blue","player_choice":"Bought 1 Potion","floor":12.0,"gold_loss":0.0,"damage_taken":0.0},{"damage_healed":15,"gold_gain":0,"player_choice":"Heal","damage_taken":0,"max_hp_gain":0,"max_hp_loss":0,"event_name":"The Library","floor":25,"gold_loss":0},{"cards_removed":["Strike_G"],"damage_healed":0,"gold_gain":0,"player_choice":"Card Removal","damage_taken":0,"max_hp_gain":0,"max_hp_loss":0,"event_name":"Wheel of Change","floor":29,"gold_loss":0},{"damage_healed":0,"gold_gain":0,"player_choice":"Fight","damage_taken":0,"max_hp_gain":0,"max_hp_loss":0,"event_name":"Mysterious Sphere","floor":39,"gold_loss":0},{"damage_healed":0,"gold_gain":275,"player_choice":"Desecrate","damage_taken":0,"max_hp_gain":0,"max_hp_loss":0,"event_name":"Golden Shrine","floor":44,"gold_loss":0,"cards_obtained":["Regret"]}],"is_beta":false,"boss_relics":[{"not_picked":["Astrolabe","Pandora\u0027s Box"],"picked":"WristBlade"},{"not_picked":["HoveringKite","Runic Dome"],"picked":"Philosopher\u0027s Stone"}],"items_purged_floors":[5,22,28,45,53],"is_endless":false,"potions_floor_spawned":[1,11,14,19,20,21,30,31,35,38,39,41,46],"killed_by":"Shield and Spear","ascension_level":16}}