{"host":"f0gpob8hq9vgebej","time":1611385606,"event":{"mods":["AchievementEnabler","BaseMod","Minty Spire (QoL Compilation)","Quick Restart","SuperFastMode"],"gold_per_floor":[11,27,41,60,74,74,93,93,116,41,41,41,53,53,53,158,158,174,189,189,205,205,205,224,240,289,301,293,320,344,391,403,415,415],"floor_reached":33,"language":"KOR","playtime":890,"items_purged":["Strike_G"],"score":408,"play_id":"5c648788-11ff-4098-b1a4-9fe7f0f1b472","local_time":"20210123160646","is_ascension_mode":true,"campfire_choices":[{"data":"Sadistic Nature","floor":6.0,"key":"SMITH"},{"data":"Accuracy","floor":8.0,"key":"SMITH"},{"data":"Neutralize","floor":12.0,"key":"SMITH"},{"floor":15.0,"key":"REST"},{"data":"Strike_G","floor":23.0,"key":"PURGE"},{"floor":32.0,"key":"REST"}],"circlet_count":0,"master_deck":["AscendersBane","Strike_G","Strike_G","Strike_G","Defend_G","Defend_G","Defend_G","Defend_G","Defend_G","Survivor","Neutralize+1","Sadistic Nature+1","Accuracy+1","Infinite Blades","Deadly Poison","Blur","PiercingWail","Die Die Die","Distraction+1","Blade Dance","After Image","Blade Dance","Blade Dance+1","Bullet Time","Tactician","Choke"],"relics":["Ring of the Snake","Akabeko","Peace Pipe","Runic Pyramid","MawBank","Boot"],"acts_visited":["Exordium","TheCity"],"potions_floor_usage":[],"damage_taken":[{"damage":4.0,"enemies":"Cultist","floor":1.0,"turns":5.0},{"damage":1.0,"enemies":"2 Louse","floor":2.0,"turns":4.0},{"damage":11.0,"enemies":"Jaw Worm","floor":3.0,"turns":7.0},{"damage":10.0,"enemies":"Looter","floor":4.0,"turns":5.0},{"damage":2.0,"enemies":"2 Fungi Beasts","floor":5.0,"turns":4.0},{"damage":12.0,"enemies":"Gremlin Gang","floor":7.0,"turns":6.0},{"damage":3.0,"enemies":"3 Louse","floor":13.0,"turns":4.0},{"damage":4.0,"enemies":"The Guardian","floor":16.0,"turns":14.0},{"damage":1.0,"enemies":"3 Byrds","floor":18.0,"turns":4.0},{"damage":0.0,"enemies":"Chosen","floor":19.0,"turns":6.0},{"damage":9.0,"enemies":"Centurion and Healer","floor":21.0,"turns":6.0},{"damage":9.0,"enemies":"Snecko","floor":24.0,"turns":5.0},{"damage":6.0,"enemies":"Snake Plant","floor":25.0,"turns":4.0},{"damage":0.0,"enemies":"Cultist and Chosen","floor":29.0,"turns":5.0},{"damage":3.0,"enemies":"3 Cultists","floor":30.0,"turns":4.0},{"damage":18.0,"enemies":"Gremlin Leader","floor":31.0,"turns":7.0},{"damage":0,"enemies":"Automaton","floor":33,"turns":1}],"seed_played":"8372131591126981555","potions_obtained":[{"floor":3.0,"key":"Swift Potion"},{"floor":4.0,"key":"Strength Potion"},{"floor":13.0,"key":"Dexterity Potion"},{"floor":16.0,"key":"CunningPotion"},{"floor":24.0,"key":"Swift Potion"},{"floor":28.0,"key":"Dexterity Potion"},{"floor":31.0,"key":"SpeedPotion"}],"is_trial":false,"path_per_floor":["M","M","M","M","M","R","M","R","T","$","?","R","M","?","R","B",null,"M","M","?","M","?","R","M","M","T","?","?","M","M","E","R","B"],"character_chosen":"THE_SILENT","items_purchased":[],"campfire_rested":2,"item_purchase_floors":[],"current_hp_per_floor":[59,58,47,37,35,35,23,23,23,23,16,16,13,13,34,30,60,59,59,59,50,50,50,41,35,35,22,22,22,19,1,23,23,23],"gold":415,"neow_bonus":"RANDOM_COLORLESS_2","is_daily":false,"chose_seed":false,"campfire_upgraded":3,"win_rate":0.0,"timestamp":1611385606,"path_taken":["M","M","M","M","M","R","M","R","T","?","?","R","M","?","R","BOSS","M","M","?","M","?","R","M","?","T","?","?","?","M","E","R","BOSS"],"items_purchased_type":[],"build_version":"2020-12-22","purchased_purges":1,"victory":false,"max_hp_per_floor":[70,70,70,70,70,70,70,70,70,70,70,70,70,70,70,70,70,70,70,70,70,70,70,70,70,70,75,75,75,75,75,75,75,75],"card_choices":[{"not_picked":["Violence","Magnetism"],"picked":"Sadistic Nature","floor":0.0},{"not_picked":["Flechettes","Sucker Punch","Setup"],"picked":"SKIP","floor":1.0},{"not_picked":["Dodge and Roll","Dagger Throw"],"picked":"Accuracy","floor":2.0},{"not_picked":["Catalyst","Flechettes"],"picked":"Infinite Blades","floor":3.0},{"not_picked":["Deflect","Flying Knee"],"picked":"Deadly Poison","floor":4.0},{"not_picked":["Leg Sweep","Flying Knee"],"picked":"Blur","floor":5.0},{"not_picked":["Bane","Heel Hook","Outmaneuver"],"picked":"SKIP","floor":7.0},{"not_picked":["Infinite Blades","Distraction"],"picked":"PiercingWail","floor":13.0},{"not_picked":["Night Terror","Glass Knife"],"picked":"Die Die Die","floor":16.0},{"not_picked":["Sucker Punch","Bane"],"picked":"Distraction+1","floor":18.0},{"not_picked":["PiercingWail","Slice+1"],"picked":"Blade Dance","floor":19.0},{"not_picked":["Eviscerate+1","Deadly Poison"],"picked":"After Image","floor":21.0},{"not_picked":["Bane","Flechettes"],"picked":"Blade Dance+1","floor":24.0},{"not_picked":["Caltrops+1","Slice+1","Heel Hook"],"picked":"SKIP","floor":25.0},{"not_picked":["Bane","Poisoned Stab"],"picked":"Bullet Time","floor":29.0},{"not_picked":["Cloak And Dagger","Dodge and Roll"],"picked":"Tactician","floor":30.0},{"not_picked":["Crippling Poison+1","Terror"],"picked":"Choke","floor":31.0}],"player_experience":233367,"relics_obtained":[{"floor":9.0,"key":"Akabeko"},{"floor":26.0,"key":"MawBank"},{"floor":31.0,"key":"Boot"}],"event_choices":[{"damage_healed":0.0,"max_hp_gain":0.0,"max_hp_loss":0.0,"gold_gain":0.0,"event_name":"Scrap Ooze","player_choice":"Success","floor":11.0,"gold_loss":0.0,"damage_taken":7.0,"relics_obtained":["Peace Pipe"]},{"damage_healed":0.0,"max_hp_gain":0.0,"max_hp_loss":0.0,"gold_gain":0.0,"event_name":"Dead Adventurer","player_choice":"Searched \u00270\u0027 times","floor":14.0,"gold_loss":0.0,"damage_taken":0.0},{"damage_healed":0.0,"max_hp_gain":0.0,"max_hp_loss":0.0,"gold_gain":0.0,"event_name":"Cursed Tome","player_choice":"Ignored","floor":20.0,"gold_loss":0.0,"damage_taken":0.0},{"damage_healed":0.0,"max_hp_gain":0.0,"max_hp_loss":0.0,"gold_gain":0.0,"event_name":"Duplicator","player_choice":"Copied","floor":22.0,"gold_loss":0.0,"damage_taken":0.0,"cards_obtained":["Blade Dance"]},{"damage_healed":0.0,"max_hp_gain":5.0,"max_hp_loss":0.0,"gold_gain":0.0,"event_name":"Forgotten Altar","player_choice":"Shed Blood","floor":27.0,"gold_loss":0.0,"damage_taken":18.0},{"damage_healed":0.0,"max_hp_gain":0.0,"max_hp_loss":0.0,"gold_gain":0.0,"event_name":"The Woman in Blue","player_choice":"Bought 1 Potion","floor":28.0,"gold_loss":0.0,"damage_taken":0.0}],"is_beta":false,"boss_relics":[{"not_picked":["Ring of the Serpent","Fusion Hammer"],"picked":"Runic Pyramid"}],"items_purged_floors":[10],"is_endless":false,"potions_floor_spawned":[3,4,5,13,16,24,29,30,31],"killed_by":"Automaton","ascension_level":11}}