{"host":"nx6ib2o6hmd449ys","time":1611396745,"event":{"mods":["2.2 Compatiblity","Act Like it!","Aspiration","BaseMod","BetterRewards","CCEM","Colorless Booster Pack","Conjunction","Conspire","Downfall","Energized Spire","Fox Events","Friendly Minions","Gensokyo","GifTheSpireLib","GungeonMod","Halation","HornydragonMod","Hubris","Infinite Spire","Jedi Mod","Marisa????????","Minty Spire (QoL Compilation)","MostiFishMod","Quick Restart","RRrroohrrRGHHhhh!!","Rare Cards Sparkle","RatMod","Reimu??????","Replay The Spire","RumiaBox-????????","Shop Mod","Small Relic Pack","Spicy Shops","Spikes Relics","Spire Arcade","StS++","StSLib","Stuff the Spire","TestMod","The Blue Laboratory","The Factory","The Jungle","Wandering Minibosses","Wide Potions","[IsaacMod]????","noobMod","sanctuary","vexMod","??????REMEMod"],"gold_per_floor":[17,2,112,112,125,141,164,189,212,228,242,262,162,162,175,279,279,279,298,74,74,112,146,146,164,164,164,174,274,301,317,217,250,263,365,465,465,477,494,494,507,518,518,530,553,592,592,492,492,260,260,260,260,260,116,116,116,116,116],"floor_reached":57,"language":"ENG","playtime":3388,"items_purged":["Parasite"],"score":1051,"play_id":"ad458811-d38a-4d28-af2e-023a3fb7df1b","local_time":"20210123111225","is_ascension_mode":false,"campfire_choices":[{"data":"EpicFetus","floor":1,"key":"SMITH"},{"floor":13,"key":"RECALL"},{"data":"Midas Touch","floor":18,"key":"SMITH"},{"data":"champ:PerfectedStrike","floor":37,"key":"SMITH"},{"data":"Conjunction:Offense","floor":48,"key":"SMITH"},{"data":"champ:StanceDance","floor":56,"key":"SMITH"}],"circlet_count":0,"master_deck":["champ:Strike","champ:Strike","champ:Strike","champ:Defend","champ:Defend","champ:Defend","champ:Defend","champ:Taunt","EpicFetus+1","Midas Touch+1","champ:IronFortress","champ:DefensiveShout","champ:StanceDance+1","champ:FanOfKnives","champ:EndlessRage","champ:TornadoPunch","champ:Haymaker","champ:PerfectedStrike","champ:HoldFirm+1","champ:FaceSlap+1","champ:Execute","expansioncontent:DashGenerateEvil+1","champ:CrownThrow+1","champ:PerfectedStrike+1","champ:MurderStrike+1","champ:Encircle+1","champ:FlashCut+1","champ:Duel+1","Conjunction:Offense+1","Conjunction:Defense"],"relics":["testmod-TestBox","ice","HushsDoor","DaveBox","REME_ComplimentaryCards","SteamSale","testmod-AssaultLearning","Transparent","halation:SelfBoilingWater","MagicDraw4","Art of War","ClockworkSouvenir","vexMod:Spyglass","Golden Egg","jedi:HeartOfTheCards","downfall:HeartBlessingBlue","halation:PinkSoulGem","ExusiaiGun","conspire:TreasureMap","StuffTheSpire:Mouthbags","CCEMRelics:Pendulum","MerchantsRug","testmod-LifeArmor","LugNut","DemoMod:GlassGuonStoneRelic","jedi:arcanewood","Blue Candle","Oddly Smooth Stone","downfall:HeartBlessingRed","Eternal Feather","Replay:Wanted Poster","TheBean","testmod-Fortitude","jedi:cryingmask","jedi:ominousloannote","Replay:WaspNest","ReplayTheSpireMod:Lightbulb","halation:OrihimeAndHikoboshiSamaAndTears","Conjunction:SoulLantern","downfall:HeartBlessingGreen","conspire:TopHat","Frozen Eye","halation:Jellyphish","UnicornStump","Strawberry","DemoMod:Metronome","StSpp:Dice","CCEMRelics:Sandal","Sundial"],"acts_visited":["Exordium","Gensokyo:Gensokyo","Gensokyo:Gensokyoer","TheEnding"],"potions_floor_usage":[],"damage_taken":[{"damage":48,"enemies":"downfall:FleeingMerchant","floor":2,"turns":4},{"damage":18,"enemies":"Gensokyo:Gryphon","floor":3,"turns":2},{"damage":27,"enemies":"Gensokyo:3_Fairies","floor":5,"turns":3},{"damage":18,"enemies":"Gensokyo:2_Kodama","floor":6,"turns":2},{"damage":36,"enemies":"Gensokyo:Mamizou","floor":8,"turns":4},{"damage":18,"enemies":"Gensokyo:Gryphon_and_Rabbit","floor":10,"turns":2},{"damage":9,"enemies":"Gensokyo:VengefulSpirit","floor":11,"turns":1},{"damage":28,"enemies":"Gensokyo:LivingMonolith","floor":12,"turns":2},{"damage":21,"enemies":"Gensokyo:Python_and_Kodama","floor":15,"turns":2},{"damage":74,"enemies":"SI_SHIV_ARCHETYPE","floor":16,"turns":4},{"damage":11,"enemies":"Gensokyo:CosmicMonolith","floor":19,"turns":1},{"damage":11,"enemies":"downfall:FleeingMerchant","floor":20,"turns":1},{"damage":22,"enemies":"Gensokyo:2_Gloops","floor":22,"turns":2},{"damage":22,"enemies":"Gensokyo:Reisen","floor":23,"turns":2},{"damage":11,"enemies":"Gensokyo:2_Gloops","floor":25,"turns":1},{"damage":11,"enemies":"Gensokyo:Slime_Group","floor":28,"turns":1},{"damage":11,"enemies":"Gensokyo:Chomper_and_Gloop","floor":31,"turns":1},{"damage":11,"enemies":"Nightmare","floor":33,"turns":1},{"damage":33,"enemies":"Gensokyo:Wraith","floor":34,"turns":3},{"damage":23,"enemies":"IC_MUSHROOM_ARCHETYPE","floor":35,"turns":2},{"damage":12,"enemies":"Gensokyo:3_Boulders","floor":38,"turns":1},{"damage":12,"enemies":"Gensokyo:3_Bats","floor":39,"turns":1},{"damage":12,"enemies":"Gensokyo:Rafflesia","floor":41,"turns":1},{"damage":12,"enemies":"Gensokyo:3_Boulders","floor":42,"turns":1},{"damage":12,"enemies":"Gensokyo:Dusk_and_Dawn","floor":44,"turns":1},{"damage":74,"enemies":"Gensokyo:Kasen","floor":47,"turns":2},{"damage":12,"enemies":"Gensokyo:AtlasGolem","floor":51,"turns":1},{"damage":12,"enemies":"WA_ARCHETYPE_DIVINITY","floor":52,"turns":1},{"damage":27,"enemies":"downfall:CharBossMerchant","floor":54,"turns":2},{"damage":116,"enemies":"downfall:NeowBoss","floor":57,"turns":7}],"seed_played":"4846573724089969910","potions_obtained":[{"floor":10,"key":"blueLaboratory:Moonshine"},{"floor":11,"key":"blueLaboratory:BottleOfVodka"},{"floor":12,"key":"PowerPotion"},{"floor":25,"key":"Adrenaline Potion"},{"floor":28,"key":"Languid Potion"},{"floor":31,"key":"SpeedPotion"}],"is_trial":false,"path_per_floor":["R","$","M","T","M","M","T","E","T","M","M","M","R","?","M","B",null,"R","M","$","T","?","E","T","M","PTL","PTL","M","?","T","M","R","NM","M","B",null,"R","M","M","T","M","M","T","M","T","$","E","R","T","$","M","B",null,"E","$","R","B"],"character_chosen":"THE_CHAMP","items_purchased":["halation:SelfBoilingWater","MagicDraw4","Art of War","ClockworkSouvenir","CCEMRelics:FestiveHat","vexMod:Spyglass","conspire:TreasureMap","StuffTheSpire:Mouthbags","CCEMRelics:Pendulum","MerchantsRug","expansioncontent:DashGenerateEvil","jedi:ominousloannote","Replay:WaspNest","ReplayTheSpireMod:Lightbulb","halation:OrihimeAndHikoboshiSamaAndTears","Frozen Eye","halation:Jellyphish","UnicornStump","DemoMod:Metronome","StSpp:Dice"],"campfire_rested":0,"item_purchase_floors":[0,0,0,0,0,0,20,20,20,20,20,46,46,46,46,50,50,50,55,55],"current_hp_per_floor":[49,90,91,91,91,93,93,93,93,94,94,94,104,104,105,116,116,116,116,113,113,113,113,113,113,113,113,113,113,113,113,113,113,117,120,120,120,120,120,120,120,120,120,120,120,120,121,121,121,121,121,130,130,156,156,156,42,42,42],"gold":116,"neow_bonus":"","is_daily":false,"chose_seed":false,"campfire_upgraded":5,"win_rate":0.0,"timestamp":1611396745,"path_taken":["R","$","M","?","M","M","T","E","?","M","M","M","R","?","M","BOSS","R","M","?","?","?","E","T","?","PTL","PTL","M","?","?","?","R","NM","M","BOSS","R","M","M","?","M","M","T","M","?","$","E","R","?","?","M","BOSS","E","$","R","BOSS"],"items_purchased_type":["Relic","Relic","Relic","Relic","Relic","Relic","Relic","Relic","Relic","Relic","Card","Relic","Relic","Relic","Relic","Relic","Relic","Relic","Relic","Relic"],"build_version":"2020-12-13","purchased_purges":1,"victory":false,"max_hp_per_floor":[90,90,91,91,91,93,93,93,93,94,94,94,104,104,105,116,116,116,116,113,113,113,113,113,113,113,113,113,113,113,113,113,113,117,120,120,120,120,120,120,120,120,120,120,120,120,121,121,121,121,121,130,130,156,156,156,156,156,156],"card_choices":[{"not_picked":[],"picked":"EpicFetus","floor":0},{"not_picked":["champ:Lariat","champ:ArenaPreparation"],"picked":"champ:IronFortress","floor":2},{"not_picked":["champ:FancyFootwork","champ:Lariat"],"picked":"champ:DefensiveShout","floor":3},{"not_picked":["champ:GutPunch","champ:AdrenalArmor"],"picked":"champ:StanceDance","floor":5},{"not_picked":["champ:FlashCut","champ:SetATrap"],"picked":"champ:FanOfKnives","floor":6},{"not_picked":["champ:EnragedBash","champ:ShieldSlam"],"picked":"champ:EndlessRage","floor":8},{"not_picked":["champ:Circumvent","champ:Encircle"],"picked":"champ:TornadoPunch","floor":8},{"not_picked":["champ:FocusedBerserking","champ:EnGarde"],"picked":"champ:Haymaker","floor":10},{"not_picked":["champ:EnGarde","champ:Lariat"],"picked":"champ:PerfectedStrike","floor":11},{"not_picked":["champ:BladeFlurry","champ:SetATrap","champ:AdrenalArmor"],"picked":"SKIP","floor":12},{"not_picked":["champ:AdrenalArmor","champ:SwordThrow","champ:Endure"],"picked":"SKIP","floor":15},{"not_picked":["champ:SteelEdge","champ:GladiatorForm"],"picked":"champ:HoldFirm","floor":16},{"not_picked":["champ:RapidStrikes","champ:ShieldWall","champ:AdrenalArmor"],"picked":"SKIP","floor":19},{"not_picked":["champ:PerfectedStrike+1","champ:Endure"],"picked":"champ:FaceSlap","floor":20},{"not_picked":["champ:ShieldWall","champ:DeathBlow","champ:SetATrap"],"picked":"SKIP","floor":22},{"not_picked":["champ:HoldFirm","champ:Shatter"],"picked":"champ:CrownThrow+1","floor":23},{"not_picked":["champ:PerfectedStrike","champ:FancyFootwork+1","champ:Endure+1"],"picked":"SKIP","floor":25},{"not_picked":["champ:SkillfulDodge+1","champ:HeartStrike+1","champ:BringItOn"],"picked":"SKIP","floor":28},{"not_picked":["champ:SkillfulDodge","champ:FocusedDefense+1"],"picked":"champ:PerfectedStrike","floor":31},{"not_picked":["champ:StanceDance","champ:FocusedDefense+1","champ:Endure"],"picked":"SKIP","floor":33},{"not_picked":["champ:GladiatorForm","champ:RecklessLeap","champ:PerfectedStrike+1"],"picked":"SKIP","floor":34},{"not_picked":["champ:DancingMaster","champ:Improvising"],"picked":"champ:MurderStrike","floor":35},{"not_picked":["champ:GladiatorStyle","champ:BringItOn","champ:CrownThrow+1"],"picked":"SKIP","floor":38},{"not_picked":["champ:Backstep+1","champ:Haymaker+1","champ:Circumvent"],"picked":"SKIP","floor":39},{"not_picked":["champ:RecklessLeap+1","champ:TornadoPunch"],"picked":"champ:Encircle+1","floor":41},{"not_picked":["champ:ShieldThrow","champ:FanOfKnives+1"],"picked":"champ:FlashCut+1","floor":42},{"not_picked":["champ:EnGarde","champ:DefensiveShout"],"picked":"champ:Duel+1","floor":44},{"not_picked":["champ:IgnorePain","champ:Lariat","champ:SetATrap+1"],"picked":"SKIP","floor":47},{"not_picked":["champ:GutPunch+1","champ:DefensiveShout+1","champ:BerserkersShout"],"picked":"SKIP","floor":51},{"not_picked":["champ:DefensiveShout","champ:SkillfulDodge+1","champ:IronFortress+1"],"picked":"SKIP","floor":54}],"player_experience":368126,"relics_obtained":[{"floor":4,"key":"Golden Egg"},{"floor":8,"key":"jedi:HeartOfTheCards"},{"floor":9,"key":"halation:KoshaPiece"},{"floor":21,"key":"testmod-LifeArmor"},{"floor":22,"key":"LugNut"},{"floor":23,"key":"jedi:arcanewood"},{"floor":24,"key":"Blue Candle"},{"floor":30,"key":"Oddly Smooth Stone"},{"floor":33,"key":"Eternal Feather"},{"floor":40,"key":"TheBean"},{"floor":43,"key":"testmod-Fortitude"},{"floor":45,"key":"jedi:cryingmask"},{"floor":47,"key":"Conjunction:SoulLantern"},{"floor":49,"key":"conspire:TopHat"},{"floor":54,"key":"Strawberry"}],"event_choices":[],"is_beta":false,"boss_relics":[{"not_picked":["GreenFoldingFan","Cursed Key"],"picked":"ExusiaiGun"},{"not_picked":[]},{"not_picked":["RhineCircuit","hubris:RunicObelisk"],"picked":"Replay:Wanted Poster"},{"not_picked":[]}],"items_purged_floors":[20],"is_endless":false,"potions_floor_spawned":[10,11,12,15,25,28,31,35,39,42,47],"killed_by":"downfall:NeowBoss","ascension_level":0}}