{"host":"xkfvvb2eqyo6l3km","time":1611365068,"event":{"mods":["AchievementEnabler","AlwaysNeverKeys","BaseMod","Better Third Choice","BetterRewards","Block Reminder","Card Forge","Colored Map","Colored Powertips","DeckTracker","Energized Spire","Force Act Four","Hubris","Jorbs\u0027s Wanderer Trilogy","Minty Spire (QoL Compilation)","Permanent Neow","Quick Restart","Replay The Spire","Spicy Shops","StSLib","The Blackbeard","The Blue Laboratory","The Cursed","The Disciple","The Hierophant","The Necromancer","The Sage","The Valiant","vexMod"],"gold_per_floor":[117,117,117,132,145,179,192,224,249,249,249],"floor_reached":10,"language":"ENG","playtime":699,"items_purged":["Strike_Br","Defend_Br"],"score":82,"play_id":"bc139255-fe7f-4e74-93f5-1eaeeeaa8ffe","local_time":"20210122232428","is_ascension_mode":true,"campfire_choices":[],"circlet_count":0,"master_deck":["Strike_Br","Strike_Br","Strike_Br","Defend_Br","Defend_Br","Defend_Br","SecondHand","PatternShift","PrimeTime","Accruing","ResonantCall","ReapSow","Analog","ReapSow","LockedBlood"],"relics":["Chronometer","Hammer of Thor","Seething Fire","Anvil of the Gods","Potion Belt","PreservedInsect","hubris:SlimyHat","Boot","Mercury?","vexMod:ScavengeHelm","Omamori","Tiny Chest"],"acts_visited":["Exordium"],"potions_floor_usage":[8,8],"damage_taken":[{"damage":6.0,"enemies":"2 Louse","floor":1.0,"turns":3.0},{"damage":0,"enemies":"Small Slimes","floor":4,"turns":3},{"damage":1,"enemies":"Cultist","floor":5,"turns":3},{"damage":13,"enemies":"Lagavulin","floor":6,"turns":5},{"damage":8,"enemies":"Gremlin Gang","floor":7,"turns":3},{"damage":7,"enemies":"Gremlin Nob","floor":8,"turns":3},{"damage":13,"enemies":"Lagavulin","floor":10,"turns":2}],"seed_played":"-2290904827509841615","potions_obtained":[{"floor":4,"key":"EssenceOfSteel"},{"floor":5,"key":"blueLaboratory:Moonshine"},{"floor":6,"key":"WardPotion"}],"is_trial":false,"path_per_floor":["M","?","?","M","M","E","M","E","T","E"],"character_chosen":"CHRONO_CLASS","items_purchased":["Potion Belt","PreservedInsect","hubris:SlimyHat","Boot","PrimeTime","Accruing","Energy Potion"],"campfire_rested":0,"item_purchase_floors":[0,0,0,0,0,0,0],"current_hp_per_floor":[28,28,34,34,33,20,12,5,5,0,0],"gold":249,"neow_bonus":"","is_daily":false,"chose_seed":false,"campfire_upgraded":0,"win_rate":0.0,"timestamp":1611365068,"path_taken":["M","?","?","M","M","E","M","E","T","E"],"items_purchased_type":["Relic","Relic","Relic","Relic","Card","Card","Potion"],"build_version":"2020-12-22","purchased_purges":2,"victory":false,"max_hp_per_floor":[65,65,65,65,65,65,65,65,65,65,65],"card_choices":[{"not_picked":["EscortCommand","Facsimile"],"picked":"ResonantCall","floor":1.0},{"not_picked":["Tempo","LockedMercury"],"picked":"ReapSow","floor":4},{"not_picked":["ExoVibe","Echoward"],"picked":"Analog","floor":5},{"not_picked":["LockedTornado","Accruing"],"picked":"ReapSow","floor":6},{"not_picked":["BiteCommand","LockedWarPaint","Fragmentalize"],"picked":"SKIP","floor":7},{"not_picked":["LockedMedicine","LockedPlans"],"picked":"LockedBlood","floor":8}],"player_experience":284787,"relics_obtained":[{"floor":6,"key":"vexMod:ScavengeHelm"},{"floor":8,"key":"Omamori"},{"floor":9,"key":"Tiny Chest"}],"event_choices":[],"is_beta":false,"boss_relics":[],"items_purged_floors":[0,0],"is_endless":false,"potions_floor_spawned":[4,5,6],"killed_by":"Lagavulin","ascension_level":1}}