{"host":"7j2n82b2zha9fuyn","time":1611436755,"event":{"mods":["BaseMod","Block Reminder","Minty Spire (QoL Compilation)","Replay The Spire","StSLib"],"gold_per_floor":[113,126,142,142,162,195,195,207,234,234,261,279,306,306,306,402,402,422,422,347,364,100,128,128,138,138,152,480,495,495,495,495],"floor_reached":31,"language":"ENG","playtime":2579,"items_purged":["Blood for Blood"],"score":475,"play_id":"6eb230e3-bedd-4ae1-b0eb-9fc466342288","local_time":"20210123141915","is_ascension_mode":true,"campfire_choices":[{"data":"Fiend Fire","floor":7.0,"key":"SMITH"},{"data":"Pommel Strike","floor":10.0,"key":"SMITH"},{"floor":15,"key":"REST"},{"data":"Feel No Pain","floor":24,"key":"SMITH"},{"data":"ReplayTheSpireMod:Stacked","floor":30,"key":"SMITH"}],"circlet_count":0,"master_deck":["AscendersBane","Strike_R","Strike_R+1","Defend_R","Defend_R","Defend_R","Defend_R","Bash+1","Wild Strike","Headbutt","Pommel Strike+1","Fiend Fire+1","Eclipse","Sentinel","ReplayTheSpireMod:Stacked+1","Burning Pact","Demonic Infusion","Feel No Pain+1","Havoc+1","Reaper","Combust+1","Metallicize","Disarm","Fire Breathing+1"],"relics":["Burning Blood","Toy Ornithopter","Bag of Marbles","Replay:Mystery Machine","Gremlin Food","Runic Pyramid","Orrery","Oddly Smooth Stone","PreservedInsect","Old Coin"],"acts_visited":["Exordium","TheCity"],"potions_floor_usage":[16],"damage_taken":[{"damage":8.0,"enemies":"Jaw Worm","floor":1.0,"turns":4.0},{"damage":1.0,"enemies":"Cultist","floor":2.0,"turns":4.0},{"damage":0.0,"enemies":"Small Slimes","floor":3.0,"turns":3.0},{"damage":1.0,"enemies":"2 Fungi Beasts","floor":5.0,"turns":3.0},{"damage":40.0,"enemies":"3 Sentries","floor":6.0,"turns":9.0},{"damage":11.0,"enemies":"Blue Slaver","floor":8.0,"turns":3.0},{"damage":20.0,"enemies":"Lagavulin","floor":11.0,"turns":3.0},{"damage":0,"enemies":"Exordium Wildlife","floor":12,"turns":2},{"damage":32,"enemies":"Replay:BlueRogue","floor":13,"turns":9},{"damage":8,"enemies":"Slime Boss","floor":16,"turns":6},{"damage":23,"enemies":"2 Thieves","floor":18,"turns":3},{"damage":6,"enemies":"3 Byrds","floor":21,"turns":4},{"damage":30,"enemies":"Gremlin Leader","floor":23,"turns":4},{"damage":4,"enemies":"3 Cultists","floor":25,"turns":5},{"damage":34,"enemies":"Snake Plant","floor":27,"turns":3},{"damage":21,"enemies":"Book of Stabbing","floor":28,"turns":3},{"damage":17,"enemies":"Centurion and Healer","floor":29,"turns":6},{"damage":22,"enemies":"Shelled Parasite and Fungi","floor":31,"turns":2}],"seed_played":"-9148069683032654794","potions_obtained":[{"floor":6.0,"key":"Fire Potion"},{"floor":11.0,"key":"AttackPotion"},{"floor":16,"key":"Adrenaline Potion"}],"is_trial":false,"path_per_floor":["M","M","M","?","M","E","R","M","T","R","E","M","E","?","R","B",null,"M","?","?","M","$","E","R","M","T","M","E","M","R","M"],"character_chosen":"IRONCLAD","items_purchased":["Havoc+1","Orrery"],"campfire_rested":1,"item_purchase_floors":[22,22],"current_hp_per_floor":[78,83,88,88,88,54,54,49,49,49,35,41,18,18,45,48,80,63,63,63,63,63,66,66,68,68,40,25,20,20,0,0],"gold":495,"neow_bonus":"TEN_PERCENT_HP_BONUS","is_daily":false,"chose_seed":false,"campfire_upgraded":4,"win_rate":0.0,"timestamp":1611436755,"path_taken":["M","M","M","?","M","E","R","M","T","R","E","M","E","?","R","BOSS","M","?","?","M","?","E","R","M","T","?","E","M","R","M"],"items_purchased_type":["Card","Relic"],"build_version":"2020-12-22","purchased_purges":1,"victory":false,"max_hp_per_floor":[88,88,88,88,88,88,88,88,88,88,88,88,91,91,91,91,91,91,91,91,91,91,91,91,91,91,91,91,91,91,91,91],"card_choices":[{"not_picked":["Heavy Blade","Sentinel"],"picked":"Wild Strike","floor":1.0},{"not_picked":["Iron Wave","Warcry"],"picked":"Headbutt","floor":2.0},{"not_picked":["Heavy Blade","Flame Barrier"],"picked":"Pommel Strike","floor":3.0},{"not_picked":["Combust","Offering","Clash"],"picked":"SKIP","floor":5.0},{"not_picked":["Whirlwind","Wild Strike"],"picked":"Fiend Fire","floor":6.0},{"not_picked":["ReplayTheSpireMod:Muscle Training","Sword Boomerang","Second Wind"],"picked":"SKIP","floor":8.0},{"not_picked":["Flex","Massacre"],"picked":"Eclipse","floor":11.0},{"not_picked":["Second Wind","Pommel Strike"],"picked":"Sentinel","floor":12},{"not_picked":["Evolve","Clothesline"],"picked":"ReplayTheSpireMod:Stacked","floor":13},{"not_picked":["Double Tap","Berserk"],"picked":"Demonic Infusion","floor":16},{"not_picked":["Pommel Strike","Heavy Blade","ReplayTheSpireMod:Strike From Hell"],"picked":"SKIP","floor":18},{"not_picked":["Iron Wave","Anger","Clash"],"picked":"SKIP","floor":21},{"not_picked":["ReplayTheSpireMod:Strike From Hell","Defy Death"],"picked":"Reaper","floor":22},{"not_picked":["Blood for Blood","Whirlwind"],"picked":"Combust+1","floor":22},{"not_picked":["Perfected Strike","Heavy Blade","Body Slam"],"picked":"SKIP","floor":23},{"not_picked":["Wild Strike+1","Twin Strike"],"picked":"Metallicize","floor":25},{"not_picked":["Havoc+1","Evolve","Life Link"],"picked":"SKIP","floor":27},{"not_picked":["Body Slam","Eclipse"],"picked":"Disarm","floor":28},{"not_picked":["Twin Strike","Anger+1"],"picked":"Fire Breathing+1","floor":29}],"player_experience":1910488,"relics_obtained":[{"floor":6.0,"key":"Toy Ornithopter"},{"floor":9.0,"key":"Bag of Marbles"},{"floor":11.0,"key":"Replay:Mystery Machine"},{"floor":13,"key":"Gremlin Food"},{"floor":23,"key":"Oddly Smooth Stone"},{"floor":26,"key":"PreservedInsect"},{"floor":28,"key":"Old Coin"}],"event_choices":[{"damage_healed":0,"gold_gain":0,"player_choice":"1 cards matched","damage_taken":0,"max_hp_gain":0,"max_hp_loss":0,"event_name":"Match and Keep!","floor":14,"gold_loss":0,"cards_obtained":["Burning Pact"]},{"damage_healed":0,"gold_gain":0,"cards_transformed":["Strike_R","Strike_R"],"player_choice":"Became Test Subject","damage_taken":0,"max_hp_gain":0,"max_hp_loss":0,"event_name":"Drug Dealer","floor":19,"gold_loss":0,"cards_obtained":["Feel No Pain","Blood for Blood"]},{"cards_removed":["Strike_R"],"damage_healed":0,"gold_gain":0,"player_choice":"Gave Gold","damage_taken":0,"max_hp_gain":0,"max_hp_loss":0,"event_name":"Beggar","floor":20,"gold_loss":75}],"is_beta":false,"boss_relics":[{"not_picked":["Abe\u0027s Treasure","Runic Cube"],"picked":"Runic Pyramid"}],"items_purged_floors":[22],"is_endless":false,"potions_floor_spawned":[6,11,12,16,21,23,27,29],"killed_by":"Shelled Parasite and Fungi","ascension_level":12}}