{"host":"xzukajja6sl452e9","time":1611371907,"event":{"mods":["BaseMod","Colored Powertips","Minty Spire (QoL Compilation)","Rare Cards Sparkle","Relic Stats"],"gold_per_floor":[114,114,64,79,94,124,139,139,139,64,79,79,79],"floor_reached":12,"language":"ENG","playtime":582,"items_purged":["Strike_R"],"score":80,"play_id":"d29bddef-b26c-4caa-a77d-59bf1305a68d","local_time":"20210122221827","daily_mods":["Cursed Run","Purple Cards","DeadlyEvents"],"is_ascension_mode":false,"campfire_choices":[{"data":"Prostrate","floor":8,"key":"SMITH"}],"circlet_count":0,"master_deck":["Strike_R","Strike_R","Strike_R","Defend_R","Defend_R","Defend_R","Bash","Prostrate+1","Seeing Red","FollowUp","Halt","EmptyMind","Writhe","CutThroughFate"],"relics":["Cursed Key","Darkstone Periapt","Du-Vu Doll","Turnip","InkBottle"],"acts_visited":["Exordium"],"potions_floor_usage":[12,12],"damage_taken":[{"damage":1,"enemies":"Jaw Worm","floor":1,"turns":3},{"damage":0,"enemies":"2 Louse","floor":4,"turns":3},{"damage":0,"enemies":"Cultist","floor":5,"turns":3},{"damage":37,"enemies":"Lagavulin","floor":6,"turns":9},{"damage":19,"enemies":"Exordium Thugs","floor":7,"turns":5},{"damage":6,"enemies":"Exordium Wildlife","floor":11,"turns":3},{"damage":29,"enemies":"3 Sentries","floor":12,"turns":6}],"seed_played":"-4692305807027556167","potions_obtained":[{"floor":5,"key":"ElixirPotion"},{"floor":6,"key":"LiquidBronze"}],"is_trial":false,"path_per_floor":["M","?","?","M","M","E","M","R","T","$","M","E"],"character_chosen":"IRONCLAD","items_purchased":[],"campfire_rested":0,"item_purchase_floors":[],"current_hp_per_floor":[79,79,79,79,79,42,23,23,29,29,23,0,0],"gold":79,"neow_bonus":"","is_daily":true,"chose_seed":false,"campfire_upgraded":1,"win_rate":0.0,"timestamp":1611371907,"path_taken":["M","?","?","M","M","E","M","R","T","$","?","?"],"items_purchased_type":[],"build_version":"2020-12-22","purchased_purges":1,"victory":false,"max_hp_per_floor":[80,80,80,80,80,80,80,80,86,86,86,86,86],"relic_stats":{"Darkstone Periapt":6,"counters":[7,32],"Turnip":[0],"Cursed Key":1,"obtain_stats":[{"Darkstone Periapt":0,"Du-Vu Doll":0,"Turnip":6,"Cursed Key":0,"InkBottle":9},{"Darkstone Periapt":0,"Du-Vu Doll":0,"Turnip":4,"Cursed Key":0,"InkBottle":5},{"Darkstone Periapt":0,"Du-Vu Doll":0,"Turnip":18,"Cursed Key":0,"InkBottle":23}],"InkBottle":[4]},"card_choices":[{"not_picked":["CrushJoints","Thunderclap"],"picked":"Prostrate","floor":1},{"not_picked":["Flex","Combust"],"picked":"Seeing Red","floor":4},{"not_picked":["Clash","Flame Barrier"],"picked":"FollowUp","floor":5},{"not_picked":["Warcry","True Grit"],"picked":"Halt","floor":6},{"not_picked":["Perfected Strike","Halt"],"picked":"EmptyMind","floor":7},{"not_picked":["Shockwave","Adaptation"],"picked":"CutThroughFate","floor":11}],"player_experience":580959,"relics_obtained":[{"floor":6,"key":"Turnip"},{"floor":9,"key":"InkBottle"}],"event_choices":[{"cards_removed":["Strike_R"],"damage_healed":0,"gold_gain":0,"player_choice":"Forget","damage_taken":0,"max_hp_gain":0,"max_hp_loss":0,"event_name":"Living Wall","floor":2,"gold_loss":0},{"cards_removed":["Defend_R"],"damage_healed":0,"gold_gain":0,"player_choice":"Card Removal","damage_taken":0,"max_hp_gain":0,"max_hp_loss":0,"event_name":"The Cleric","floor":3,"gold_loss":50}],"is_beta":false,"boss_relics":[],"items_purged_floors":[10],"is_endless":false,"potions_floor_spawned":[5,6],"killed_by":"3 Sentries","ascension_level":0}}