{"host":"684z1xpuwaoqmmh1","time":1611388117,"event":{"mods":["BaseMod","Downfall","Hermit","Jorbs\u0027s Wanderer Trilogy","Marisa????????","Minty Spire (QoL Compilation)","Robot Space Explorer","Shade Mod","StSLib","The Bug Knight","The Cursed","The Dragon Tamer","The Hayseed","The Hierophant","The Marked","The Mystic","The Runesmith","The Senshi"],"gold_per_floor":[109,121,132,132,150,150,178,190,190,190,223,223,243,243,243],"floor_reached":14,"language":"ENG","playtime":512,"items_purged":[],"score":133,"play_id":"708d398f-3346-4002-ac15-f42bde924e13","local_time":"20210123094837","is_ascension_mode":true,"campfire_choices":[{"data":"theMarked:Challenge","floor":6,"key":"SMITH"},{"floor":10,"key":"REST"}],"circlet_count":0,"master_deck":["theMarked:Strike","theMarked:Strike","theMarked:Strike","theMarked:Strike","theMarked:Defend","theMarked:Defend","theMarked:Defend","theMarked:Defend","theMarked:SoldierOfQuellstein","theMarked:Challenge+1","theMarked:Indomitable","theMarked:LightningStrikesTwice","theMarked:MysticalArsenal+1","theMarked:StartUp","theMarked:EnhanceMovement","theMarked:Vacuum","theMarked:Seal","theMarked:WardOff"],"relics":["theMarked:ArtifactOfAir","theMarked:NailFile","Unceasing Top","Pantograph"],"acts_visited":["Exordium"],"potions_floor_usage":[7],"damage_taken":[{"damage":0,"enemies":"2 Louse","floor":1,"turns":3},{"damage":0,"enemies":"Cultist","floor":2,"turns":3},{"damage":10,"enemies":"Small Slimes","floor":3,"turns":4},{"damage":7,"enemies":"Red Slaver","floor":5,"turns":3},{"damage":31,"enemies":"Lagavulin","floor":7,"turns":7},{"damage":1,"enemies":"Looter","floor":8,"turns":4},{"damage":25,"enemies":"Gremlin Nob","floor":11,"turns":6},{"damage":3,"enemies":"Blue Slaver","floor":13,"turns":4},{"damage":12,"enemies":"3 Sentries","floor":14,"turns":2}],"seed_played":"-5377837141856281127","potions_obtained":[{"floor":2,"key":"Dexterity Potion"},{"floor":3,"key":"SpeedPotion"},{"floor":8,"key":"bronze:BurnAndBuffPotion"}],"is_trial":false,"path_per_floor":["M","M","M","?","M","R","E","M","T","R","E","?","M","E"],"character_chosen":"THE_DEFAULT","items_purchased":[],"campfire_rested":1,"item_purchase_floors":[],"current_hp_per_floor":[63,63,53,53,46,46,15,14,14,35,10,10,7,0,0],"gold":243,"neow_bonus":"ONE_RANDOM_RARE_CARD","is_daily":false,"chose_seed":false,"campfire_upgraded":1,"win_rate":0.0,"timestamp":1611388117,"path_taken":["M","M","M","?","?","R","E","M","T","R","E","?","M","E"],"items_purchased_type":[],"build_version":"2020-12-22","purchased_purges":0,"victory":false,"max_hp_per_floor":[70,70,70,70,70,70,70,70,70,70,70,70,70,70,70],"card_choices":[{"not_picked":["theMarked:WastefulDefense","theMarked:HeightenedSenses"],"picked":"theMarked:Indomitable","floor":1},{"not_picked":["theMarked:ElectricStrings","theMarked:EmpowerWeapon"],"picked":"theMarked:LightningStrikesTwice","floor":2},{"not_picked":["theMarked:Parkour","theMarked:Convert"],"picked":"theMarked:MysticalArsenal","floor":3},{"not_picked":["theMarked:WastefulDefense","theMarked:Improvise"],"picked":"theMarked:StartUp","floor":5},{"not_picked":["theMarked:Electrocute","theMarked:Static"],"picked":"theMarked:EnhanceMovement","floor":7},{"not_picked":["theMarked:HeightenedSenses","theMarked:EmpowerWeapon"],"picked":"theMarked:Vacuum","floor":8},{"not_picked":["theMarked:SuspiciousRaven","theMarked:ElectricStrings"],"picked":"theMarked:Seal","floor":11},{"not_picked":["theMarked:ChainLightning","theMarked:Parkour"],"picked":"theMarked:WardOff","floor":13}],"player_experience":2911855,"relics_obtained":[{"floor":7,"key":"theMarked:NailFile"},{"floor":9,"key":"Unceasing Top"},{"floor":11,"key":"Pantograph"}],"event_choices":[{"damage_healed":0,"gold_gain":0,"player_choice":"Upgraded","damage_taken":0,"max_hp_gain":0,"max_hp_loss":0,"event_name":"Upgrade Shrine","floor":4,"gold_loss":0,"cards_upgraded":["theMarked:MysticalArsenal"]},{"cards_removed":["theMarked:Strike"],"damage_healed":0,"gold_gain":0,"player_choice":"Purged","damage_taken":0,"max_hp_gain":0,"max_hp_loss":0,"event_name":"Purifier","floor":12,"gold_loss":0}],"is_beta":false,"boss_relics":[],"items_purged_floors":[],"is_endless":false,"potions_floor_spawned":[2,3,8],"killed_by":"3 Sentries","ascension_level":6}}