{"host":"q6ff4ns2kep02ti6","time":1611424178,"event":{"mods":["AchievementEnabler","BaseMod","Minty Spire (QoL Compilation)","Relic Stats","StSLib","Unceasing Turn Reminder"],"gold_per_floor":[111,129,129,129,179,179,194,194,194,206,218,259,271,316,328,438,450,475,487,499,527,553,592,617,629,668,695,742,778,223,253,253,357,357,367,1366,1379,462,422,456,456,472,472,499,525,525,525],"floor_reached":46,"language":"ENG","playtime":6813,"items_purged":["Capacitor"],"score":822,"play_id":"01577b09-2753-444d-abc0-6191d489f753","local_time":"20210123184938","daily_mods":["Draft","DeadlyEvents","Binary"],"is_ascension_mode":false,"campfire_choices":[{"data":"Coolheaded","floor":6.0,"key":"SMITH"},{"data":"Reinforced Body","floor":8.0,"key":"SMITH"},{"data":"Loop","floor":11.0,"key":"SMITH"},{"data":"Barrage","floor":15.0,"key":"SMITH"},{"data":"Darkness","floor":25.0,"key":"SMITH"},{"data":"Conserve Battery","floor":32.0,"key":"SMITH"},{"data":"FTL","floor":41,"key":"SMITH"}],"circlet_count":0,"master_deck":["Steam","FTL+1","Compile Driver+1","Double Energy","Capacitor","Sweeping Beam","Rip and Tear","Conserve Battery+1","Reinforced Body+1","Coolheaded+1","Darkness+1","Loop+1","Barrage+1","Secret Weapon","Tempest","Panache+1","Cold Snap"],"relics":["Cracked Core","Busted Crown","Akabeko","MawBank","Gremlin Horn","Strawberry","Potion Belt","Coffee Dripper","Blue Candle","PreservedInsect","Matryoshka","Nunchaku","Omamori","Bronze Scales","Pen Nib","SacredBark","Orichalcum","Centennial Puzzle","Runic Capacitor","Dream Catcher","Art of War","Emotion Chip","Shuriken"],"acts_visited":["Exordium","TheCity","TheBeyond"],"potions_floor_usage":[44,45,45],"damage_taken":[{"damage":0.0,"enemies":"Jaw Worm","floor":1.0,"turns":3.0},{"damage":0.0,"enemies":"Small Slimes","floor":2.0,"turns":2.0},{"damage":0.0,"enemies":"2 Louse","floor":7.0,"turns":1.0},{"damage":0.0,"enemies":"Lagavulin","floor":12.0,"turns":4.0},{"damage":0.0,"enemies":"Gremlin Nob","floor":14.0,"turns":4.0},{"damage":2.0,"enemies":"The Guardian","floor":16.0,"turns":7.0},{"damage":0.0,"enemies":"Chosen","floor":18.0,"turns":3.0},{"damage":0.0,"enemies":"3 Byrds","floor":21.0,"turns":4.0},{"damage":0.0,"enemies":"Centurion and Healer","floor":22.0,"turns":5.0},{"damage":0.0,"enemies":"Book of Stabbing","floor":23.0,"turns":4.0},{"damage":0.0,"enemies":"Snake Plant","floor":24.0,"turns":4.0},{"damage":0.0,"enemies":"Shelled Parasite and Fungi","floor":27.0,"turns":4.0},{"damage":0.0,"enemies":"Slavers","floor":28.0,"turns":4.0},{"damage":0.0,"enemies":"Book of Stabbing","floor":31.0,"turns":3.0},{"damage":0.0,"enemies":"Automaton","floor":33.0,"turns":5.0},{"damage":7.0,"enemies":"3 Darklings","floor":35.0,"turns":3.0},{"damage":0.0,"enemies":"Orb Walker","floor":37.0,"turns":3.0},{"damage":0,"enemies":"Giant Head","floor":40,"turns":4},{"damage":0,"enemies":"Writhing Mass","floor":42,"turns":3},{"damage":0,"enemies":"Nemesis","floor":44,"turns":4},{"damage":3,"enemies":"Giant Head","floor":45,"turns":2},{"damage":4,"enemies":"Nemesis","floor":46,"turns":2}],"seed_played":"9159601658526868291","potions_obtained":[{"floor":7.0,"key":"SteroidPotion"},{"floor":12.0,"key":"LiquidMemories"},{"floor":18.0,"key":"Swift Potion"},{"floor":20.0,"key":"LiquidMemories"},{"floor":20.0,"key":"Energy Potion"},{"floor":20.0,"key":"FearPotion"},{"floor":21.0,"key":"DuplicationPotion"},{"floor":24.0,"key":"Dexterity Potion"},{"floor":28.0,"key":"BlessingOfTheForge"},{"floor":33.0,"key":"SteroidPotion"},{"floor":40,"key":"LiquidBronze"},{"floor":44,"key":"Explosive Potion"}],"is_trial":true,"path_per_floor":["M","M","?","?","T","R","M","R","T","T","R","E","$","E","R","B",null,"M","?","?","M","M","E","M","R","T","M","E","T","$","E","R","B",null,"M","?","M","$","?","E","R","M","T","E","E","E"],"character_chosen":"DEFECT","items_purchased":["Fruit Juice","Bronze Scales","Secret Weapon","Tempest","Energy Potion","EssenceOfDarkness","Orichalcum","Centennial Puzzle","Runic Capacitor","Panache","Cold Snap","Energy Potion"],"campfire_rested":0,"item_purchase_floors":[30,30,30,30,30,38,38,38,38,38,38,38],"current_hp_per_floor":[1,1,1,1,1,1,1,1,1,1,1,8,8,8,8,6,8,8,8,8,8,8,8,8,8,8,8,8,8,13,13,13,13,13,6,6,6,6,6,6,6,6,6,6,3,0,0],"gold":525,"neow_bonus":"","is_daily":false,"chose_seed":false,"campfire_upgraded":7,"win_rate":0.0,"timestamp":1611424178,"path_taken":["M","M","?","?","?","R","M","R","T","?","R","?","$","E","R","BOSS","M","?","?","M","M","E","M","R","T","M","?","?","$","E","R","BOSS","M","?","M","$","?","E","R","M","T","?","?","E"],"items_purchased_type":["Potion","Relic","Card","Card","Potion","Potion","Relic","Relic","Relic","Card","Card","Potion"],"build_version":"2020-12-22","purchased_purges":1,"victory":false,"max_hp_per_floor":[1,1,1,1,1,1,1,1,1,1,1,8,8,8,8,8,8,8,8,8,8,8,8,8,8,8,8,8,8,13,13,13,13,13,13,13,13,13,13,13,13,13,13,13,13,13,13],"relic_stats":{"Gremlin Horn":[10,10],"counters":[22,78],"Blue Candle":[0],"PreservedInsect":424,"Pen Nib":[7],"Orichalcum":[24],"MawBank":252,"Nunchaku":[7],"Centennial Puzzle":[3],"Dream Catcher":0,"Emotion Chip":[8,0,0,8,0],"Busted Crown":42,"Shuriken":[1],"Bronze Scales":[69],"Art of War":[0],"obtain_stats":[{"Potion Belt":14,"Gremlin Horn":10,"Blue Candle":23,"SacredBark":34,"PreservedInsect":26,"Pen Nib":31,"Omamori":29,"Runic Capacitor":38,"Orichalcum":38,"MawBank":9,"Akabeko":5,"Nunchaku":29,"Centennial Puzzle":38,"Dream Catcher":40,"Emotion Chip":44,"Busted Crown":0,"Matryoshka":28,"Shuriken":45,"Strawberry":12,"Bronze Scales":30,"Coffee Dripper":17,"Art of War":43,"Cracked Core":0},{"Potion Belt":5,"Gremlin Horn":3,"Blue Candle":10,"SacredBark":15,"PreservedInsect":11,"Pen Nib":14,"Omamori":13,"Runic Capacitor":17,"Orichalcum":17,"MawBank":3,"Akabeko":2,"Nunchaku":13,"Centennial Puzzle":17,"Dream Catcher":18,"Emotion Chip":20,"Busted Crown":0,"Matryoshka":13,"Shuriken":21,"Strawberry":4,"Bronze Scales":13,"Coffee Dripper":6,"Art of War":19,"Cracked Core":0},{"Potion Belt":14,"Gremlin Horn":6,"Blue Candle":37,"SacredBark":57,"PreservedInsect":41,"Pen Nib":52,"Omamori":49,"Runic Capacitor":63,"Orichalcum":63,"MawBank":6,"Akabeko":5,"Nunchaku":49,"Centennial Puzzle":63,"Dream Catcher":67,"Emotion Chip":74,"Busted Crown":0,"Matryoshka":49,"Shuriken":76,"Strawberry":10,"Bronze Scales":49,"Coffee Dripper":21,"Art of War":70,"Cracked Core":0}]},"card_choices":[{"not_picked":["Stack","Barrage"],"picked":"Steam","floor":0.0},{"not_picked":["Hologram","Skim"],"picked":"FTL","floor":0.0},{"not_picked":["Reprogram","Stack"],"picked":"Compile Driver","floor":0.0},{"not_picked":["Turbo","Recycle"],"picked":"Double Energy","floor":0.0},{"not_picked":["Ball Lightning","Barrage"],"picked":"Rebound","floor":0.0},{"not_picked":["Auto Shields","Stack"],"picked":"Capacitor","floor":0.0},{"not_picked":["Darkness","Redo"],"picked":"Sweeping Beam","floor":0.0},{"not_picked":["Blizzard","Heatsinks"],"picked":"Rip and Tear","floor":0.0},{"not_picked":["Reprogram","Capacitor"],"picked":"Conserve Battery","floor":0.0},{"not_picked":["Compile Driver","Hello World"],"picked":"Reinforced Body","floor":0.0},{"not_picked":["Redo","Force Field"],"picked":"Coolheaded","floor":0.0},{"not_picked":["Barrage","Undo"],"picked":"Darkness","floor":0.0},{"not_picked":["Hologram","Ball Lightning"],"picked":"Loop","floor":0.0},{"not_picked":["White Noise","Auto Shields"],"picked":"Capacitor","floor":0.0},{"not_picked":["Capacitor","Stack"],"picked":"Barrage","floor":0.0}],"player_experience":1007775,"relics_obtained":[{"floor":5.0,"key":"Akabeko"},{"floor":9.0,"key":"MawBank"},{"floor":10.0,"key":"Gremlin Horn"},{"floor":12.0,"key":"Strawberry"},{"floor":14.0,"key":"Potion Belt"},{"floor":23.0,"key":"Blue Candle"},{"floor":26.0,"key":"PreservedInsect"},{"floor":28.0,"key":"Matryoshka"},{"floor":29.0,"key":"Nunchaku"},{"floor":29.0,"key":"Omamori"},{"floor":31.0,"key":"Pen Nib"},{"floor":40,"key":"Dream Catcher"},{"floor":43,"key":"Art of War"},{"floor":44,"key":"Emotion Chip"},{"floor":45,"key":"Shuriken"}],"event_choices":[{"damage_healed":0.0,"max_hp_gain":0.0,"max_hp_loss":0.0,"gold_gain":0.0,"event_name":"Golden Wing","player_choice":"Ignored","floor":3.0,"gold_loss":0.0,"damage_taken":0.0},{"damage_healed":0.0,"max_hp_gain":0.0,"max_hp_loss":0.0,"gold_gain":0.0,"event_name":"Scrap Ooze","player_choice":"Fled","floor":4.0,"gold_loss":0.0,"damage_taken":0.0},{"cards_removed":["Rebound"],"damage_healed":0.0,"max_hp_gain":0.0,"max_hp_loss":0.0,"gold_gain":0.0,"event_name":"Back to Basics","player_choice":"Elegance","floor":19.0,"gold_loss":0.0,"damage_taken":0.0},{"damage_healed":0.0,"max_hp_gain":0.0,"max_hp_loss":0.0,"gold_gain":0.0,"event_name":"Lab","player_choice":"Got Potions","floor":20.0,"gold_loss":0.0,"damage_taken":0.0},{"damage_healed":0.0,"max_hp_gain":0.0,"max_hp_loss":0.0,"gold_gain":999.0,"event_name":"MindBloom","player_choice":"Gold","floor":36.0,"gold_loss":0.0,"damage_taken":0.0,"cards_obtained":["Normality","Normality"]},{"damage_healed":0,"gold_gain":0,"player_choice":"Upgraded Two","damage_taken":0,"max_hp_gain":0,"max_hp_loss":0,"event_name":"Designer","floor":39,"gold_loss":40,"cards_upgraded":["Compile Driver","Panache"]}],"is_beta":false,"boss_relics":[{"not_picked":["Fusion Hammer","Runic Dome"],"picked":"Coffee Dripper"},{"not_picked":["Tiny House","Empty Cage"],"picked":"SacredBark"}],"items_purged_floors":[38],"is_endless":false,"potions_floor_spawned":[7,12,18,21,24,28,33,40,44],"killed_by":"Nemesis","ascension_level":0}}