{"host":"1a8vswsp13vmqqwt","time":1611437181,"event":{"mods":["AchievementEnabler","BaseMod","Minty Spire (QoL Compilation)","StSLib","The Servant 0.9.4"],"gold_per_floor":[216,23,35,8,8,36,36,56,56,56,67,99,99,199,199,320,320,339,327,345,58,72,72,72,72,72,72,86,86,119,134,134,134,134],"floor_reached":33,"language":"ENG","playtime":1152,"items_purged":[],"score":289,"play_id":"b6ba3237-85ca-41ab-9fcf-5c21086e8a09","local_time":"20210124002621","is_ascension_mode":true,"campfire_choices":[{"data":"MurderousAura","floor":10,"key":"SMITH"},{"floor":15,"key":"REST"},{"floor":23,"key":"REST"},{"floor":25,"key":"REST"},{"floor":32,"key":"REST"}],"circlet_count":0,"master_deck":["Strike_S","Strike_S","Strike_S","Strike_S","Defend_S","Defend_S","Defend_S","Defend_S","KidneyShot","Exchange","Potential","SilverBlades","ShatteredReality","MurderousAura+1","Rearm","Luminosity","TimeTheft","SoulSculpture","DoubleEdge","Unruled","Spin","Apotheosis","Unruled","Writhe","SurpressingFire"],"relics":["SplendidAttire","Sling","Ornamental Fan","KneeBrace","Happy Flower","Orichalcum","Bloody Idol","Gremlin Horn","Torii","Akabeko"],"acts_visited":["Exordium","TheCity"],"potions_floor_usage":[12,16,16,22,30,31,31,33],"damage_taken":[{"damage":4,"enemies":"Cultist","floor":1,"turns":4},{"damage":4,"enemies":"Jaw Worm","floor":3,"turns":4},{"damage":15,"enemies":"3 Sentries","floor":6,"turns":8},{"damage":2,"enemies":"2 Louse","floor":8,"turns":3},{"damage":3,"enemies":"2 Fungi Beasts","floor":11,"turns":4},{"damage":13,"enemies":"Gremlin Nob","floor":12,"turns":4},{"damage":33,"enemies":"The Guardian","floor":16,"turns":13},{"damage":6,"enemies":"Shell Parasite","floor":18,"turns":3},{"damage":25,"enemies":"2 Thieves","floor":19,"turns":4},{"damage":17,"enemies":"Shelled Parasite and Fungi","floor":20,"turns":5},{"damage":30,"enemies":"Sentry and Sphere","floor":22,"turns":5},{"damage":9,"enemies":"Snecko","floor":28,"turns":5},{"damage":18,"enemies":"Book of Stabbing","floor":30,"turns":4},{"damage":9,"enemies":"3 Cultists","floor":31,"turns":4},{"damage":36,"enemies":"Champ","floor":33,"turns":8}],"seed_played":"5761598362159128662","potions_obtained":[{"floor":6,"key":"Weak Potion"},{"floor":8,"key":"Energy Potion"},{"floor":12,"key":"Explosive Potion"},{"floor":16,"key":"SpeedPotion"},{"floor":19,"key":"Weak Potion"},{"floor":22,"key":"ColorlessPotion"},{"floor":28,"key":"BlessingOfTheForge"},{"floor":30,"key":"BlessingOfTheForge"},{"floor":31,"key":"LiquidMemories"}],"is_trial":false,"path_per_floor":["M","$","M","$","?","E","$","M","T","R","M","E","?","?","R","B",null,"M","M","M","$","M","R","$","R","T","?","M","?","E","M","R","B"],"character_chosen":"THE_SERVANT","items_purchased":["SilverBlades","Sling","Alleviate","Apotheosis","FairyPotion"],"campfire_rested":4,"item_purchase_floors":[2,2,4,21,21],"current_hp_per_floor":[61,61,57,57,57,42,42,40,40,40,37,24,24,24,42,9,60,54,29,12,12,1,19,19,37,37,37,28,28,15,11,29,0,0],"gold":134,"neow_bonus":"HUNDRED_GOLD","is_daily":false,"chose_seed":false,"campfire_upgraded":1,"win_rate":0.0,"timestamp":1611437181,"path_taken":["M","$","M","?","?","E","$","?","T","R","M","E","?","?","R","BOSS","M","M","M","$","?","R","?","R","T","?","M","?","E","?","R","BOSS"],"items_purchased_type":["Card","Relic","Card","Card","Potion"],"build_version":"2020-12-22","purchased_purges":0,"victory":false,"max_hp_per_floor":[65,65,65,65,65,65,65,65,65,65,65,65,60,60,60,60,60,60,60,60,60,60,60,60,60,60,60,60,60,60,60,60,60,60],"card_choices":[{"not_picked":["StarChef","MoonPhase"],"picked":"Potential","floor":1},{"not_picked":["StarChef","TimeWarp"],"picked":"ShatteredReality","floor":3},{"not_picked":["WasteNot","FastForward"],"picked":"MurderousAura","floor":6},{"not_picked":["Alleviate","SurpressingFire"],"picked":"Rearm","floor":8},{"not_picked":["Rearm","Defy"],"picked":"Luminosity","floor":11},{"not_picked":["Shuttle","DualDimension"],"picked":"TimeTheft","floor":12},{"not_picked":["PendulumOfEternity","LightFlow"],"picked":"SoulSculpture","floor":16},{"not_picked":["Spin","Replace"],"picked":"DoubleEdge","floor":18},{"not_picked":["ShatteredReality+1","TimeWarp"],"picked":"Unruled","floor":19},{"not_picked":["FastForward","Comet"],"picked":"Spin","floor":20},{"not_picked":["FastForward","TimeTheft+1"],"picked":"Unruled","floor":22},{"not_picked":["Rewind","Unruled","Replace"],"picked":"SKIP","floor":28},{"not_picked":["Potential+1","TimeWarp+1"],"picked":"SurpressingFire","floor":30},{"not_picked":["BottledTime","Solidify","Revamp"],"picked":"SKIP","floor":31}],"player_experience":195320,"relics_obtained":[{"floor":6,"key":"KneeBrace"},{"floor":9,"key":"Happy Flower"},{"floor":12,"key":"Orichalcum"},{"floor":26,"key":"Gremlin Horn"},{"floor":30,"key":"Akabeko"}],"event_choices":[{"cards_removed":["Alleviate"],"damage_healed":0,"gold_gain":0,"player_choice":"Gave Card","damage_taken":0,"relics_obtained":["Ornamental Fan"],"max_hp_gain":0,"max_hp_loss":0,"event_name":"WeMeetAgain","floor":5,"gold_loss":0},{"damage_healed":0,"gold_gain":0,"player_choice":"Lose Max HP","damage_taken":0,"relics_obtained":["Golden Idol"],"max_hp_gain":0,"max_hp_loss":5,"event_name":"Golden Idol","floor":13,"gold_loss":0},{"damage_healed":0,"gold_gain":100,"player_choice":"Pray","damage_taken":0,"max_hp_gain":0,"max_hp_loss":0,"event_name":"Golden Shrine","floor":14,"gold_loss":0},{"damage_healed":0,"gold_gain":0,"player_choice":"Opened","damage_taken":0,"relics_obtained":["Torii"],"max_hp_gain":0,"max_hp_loss":0,"event_name":"The Mausoleum","floor":27,"gold_loss":0,"cards_obtained":["Writhe"]},{"damage_healed":0,"gold_gain":0,"player_choice":"Gave Idol","damage_taken":0,"relics_obtained":["Bloody Idol"],"max_hp_gain":0,"max_hp_loss":0,"event_name":"Forgotten Altar","floor":29,"relics_lost":["Golden Idol"],"gold_loss":0}],"is_beta":false,"boss_relics":[{"not_picked":["Philosopher\u0027s Stone","Coffee Dripper"],"picked":"SplendidAttire"}],"items_purged_floors":[],"is_endless":false,"potions_floor_spawned":[6,8,12,16,19,22,28,30,31],"killed_by":"Champ","ascension_level":1}}