{"host":"hszimsrtxxc2k25w","time":1611441096,"event":{"mods":["AchievementEnabler","BaseMod","Colored Map","DeckTracker","Minty Spire (QoL Compilation)","Rare Cards Sparkle","SuperFastMode"],"gold_per_floor":[116,116,128,142,162,162,172,172,221,221,231,248,268,268,268,340,340,340,340],"floor_reached":18,"language":"KOR","playtime":570,"items_purged":[],"score":296,"play_id":"1ab61a62-d793-450c-b536-b92986af25b6","local_time":"20210124073136","is_ascension_mode":true,"campfire_choices":[{"data":"Tactician","floor":6.0,"key":"SMITH"},{"data":"Dagger Throw","floor":8.0,"key":"SMITH"},{"data":"Neutralize","floor":10.0,"key":"SMITH"},{"data":"Prepared","floor":15.0,"key":"SMITH"}],"circlet_count":0,"master_deck":["AscendersBane","Strike_G","Strike_G","Strike_G","Strike_G","Strike_G","Defend_G","Defend_G","Defend_G","Defend_G","Defend_G","Survivor","Neutralize+1","After Image","Eviscerate","Dagger Throw+1","Tactician+1","Prepared+1","Expertise","Grand Finale"],"relics":["Ring of the Snake","InkBottle","Bag of Marbles","Runic Dome"],"acts_visited":["Exordium","TheCity"],"potions_floor_usage":[16,16],"damage_taken":[{"damage":0.0,"enemies":"Small Slimes","floor":1.0,"turns":4.0},{"damage":3.0,"enemies":"Cultist","floor":3.0,"turns":6.0},{"damage":1.0,"enemies":"Jaw Worm","floor":4.0,"turns":5.0},{"damage":6.0,"enemies":"Red Slaver","floor":5.0,"turns":5.0},{"damage":18.0,"enemies":"Blue Slaver","floor":7.0,"turns":5.0},{"damage":0.0,"enemies":"Large Slime","floor":11.0,"turns":5.0},{"damage":5.0,"enemies":"Lots of Slimes","floor":12.0,"turns":6.0},{"damage":0.0,"enemies":"Blue Slaver","floor":13.0,"turns":1.0},{"damage":11,"enemies":"The Guardian","floor":16,"turns":11},{"damage":71,"enemies":"Chosen","floor":18,"turns":7}],"seed_played":"3017847696470506724","potions_obtained":[{"floor":1.0,"key":"LiquidBronze"},{"floor":5.0,"key":"Regen Potion"},{"floor":11.0,"key":"Dexterity Potion"},{"floor":16,"key":"ColorlessPotion"}],"is_trial":false,"path_per_floor":["M","?","M","M","M","R","M","R","T","R","M","M","M","?","R","B",null,"M"],"character_chosen":"THE_SILENT","items_purchased":[],"campfire_rested":0,"item_purchase_floors":[],"current_hp_per_floor":[59,59,56,55,49,49,31,31,31,31,31,26,26,26,26,30,57,0,0],"gold":340,"neow_bonus":"ONE_RANDOM_RARE_CARD","is_daily":false,"chose_seed":false,"campfire_upgraded":4,"win_rate":0.0,"timestamp":1611441096,"path_taken":["M","?","M","M","?","R","M","R","T","R","M","M","M","?","R","BOSS","M"],"items_purchased_type":[],"build_version":"2020-12-22","purchased_purges":0,"victory":false,"max_hp_per_floor":[66,66,66,66,66,66,66,66,66,66,66,66,66,66,66,66,66,66,66],"card_choices":[{"not_picked":["Catalyst","Blade Dance"],"picked":"Eviscerate","floor":1.0},{"not_picked":["Riddle With Holes","Flying Knee","Outmaneuver"],"picked":"SKIP","floor":3.0},{"not_picked":["Finisher","Slice"],"picked":"Dagger Throw","floor":4.0},{"not_picked":["Accuracy","Bane"],"picked":"Tactician","floor":5.0},{"not_picked":["Choke","Outmaneuver","Quick Slash"],"picked":"SKIP","floor":7.0},{"not_picked":["Concentrate","Well Laid Plans"],"picked":"Prepared","floor":11.0},{"not_picked":["Envenom","Terror"],"picked":"Expertise","floor":12.0},{"not_picked":["Riddle With Holes","Sucker Punch","Underhanded Strike"],"picked":"SKIP","floor":13.0},{"not_picked":["Wraith Form v2","Malaise"],"picked":"Grand Finale","floor":16}],"player_experience":636426,"relics_obtained":[{"floor":9.0,"key":"Bag of Marbles"}],"event_choices":[{"damage_healed":0.0,"max_hp_gain":0.0,"max_hp_loss":0.0,"gold_gain":0.0,"event_name":"WeMeetAgain","player_choice":"Gave Potion","floor":2.0,"gold_loss":0.0,"damage_taken":0.0,"relics_obtained":["InkBottle"]},{"damage_healed":0.0,"max_hp_gain":0.0,"max_hp_loss":0.0,"gold_gain":0.0,"event_name":"Match and Keep!","player_choice":"0 cards matched","floor":14.0,"gold_loss":0.0,"damage_taken":0.0,"cards_obtained":[]}],"is_beta":false,"boss_relics":[{"not_picked":["Busted Crown","Calling Bell"],"picked":"Runic Dome"}],"items_purged_floors":[],"is_endless":false,"potions_floor_spawned":[1,5,11,12,16],"killed_by":"Chosen","ascension_level":18}}