{"host":"nwd160me4iqdtr8u","time":1611444497,"event":{"mods":["AchievementEnabler","Act Like it!","BaseMod","Colored Map","DeckTracker","Minty Spire (QoL Compilation)","Rare Cards Sparkle","StSLib","SuperFastMode","everything is the same but u backflip on backflip"],"gold_per_floor":[112,112,125,139,30,64,44,71,143,143,26,26,56,68,68,165,165,179,202,219,230,250,284,45,58,58,75,75,75,75,75,75,177,177,193,238,238,256,256,256,256],"floor_reached":40,"language":"KOR","playtime":2124,"items_purged":["Strike_G","Tools of the Trade"],"score":534,"play_id":"06cf1fd7-0f0f-4f4b-a612-76e8dda43af4","local_time":"20210124082817","is_ascension_mode":true,"campfire_choices":[{"floor":10.0,"key":"REST"},{"data":"Calculated Gamble","floor":12.0,"key":"SMITH"},{"data":"Well Laid Plans","floor":15.0,"key":"SMITH"},{"data":"Panacea","floor":28.0,"key":"SMITH"},{"data":"Adrenaline","floor":30.0,"key":"SMITH"},{"floor":32.0,"key":"REST"}],"circlet_count":0,"master_deck":["Strike_G","Strike_G","Strike_G","Strike_G","Defend_G","Defend_G","Defend_G","Defend_G","Defend_G","Survivor","Neutralize","Deadly Poison","Flying Knee","Dash","Calculated Gamble+1","Backstab","Noxious Fumes","Dagger Spray","Well Laid Plans+1","Adrenaline+1","Slice+1","Crippling Poison","Prepared+1","Panacea+1","Footwork+1","Writhe","A Thousand Cuts","Underhanded Strike+1","Accuracy+1"],"relics":["Ring of the Snake","Mango","Regal Pillow","Letter Opener","Meat on the Bone","Anchor","SlaversCollar","Art of War","Mercury Hourglass","Dead Branch","Fusion Hammer","CaptainsWheel","Toxic Egg 2"],"acts_visited":["Exordium","TheCity","TheBeyond"],"potions_floor_usage":[40],"damage_taken":[{"damage":0.0,"enemies":"Jaw Worm","floor":1.0,"turns":5.0},{"damage":0.0,"enemies":"Small Slimes","floor":3.0,"turns":3.0},{"damage":1.0,"enemies":"Cultist","floor":4.0,"turns":3.0},{"damage":46.0,"enemies":"Lagavulin","floor":6.0,"turns":10.0},{"damage":35.0,"enemies":"3 Sentries","floor":8.0,"turns":9.0},{"damage":29.0,"enemies":"Gremlin Nob","floor":13.0,"turns":4.0},{"damage":0.0,"enemies":"3 Louse","floor":14.0,"turns":2.0},{"damage":30.0,"enemies":"Hexaghost","floor":16.0,"turns":10.0},{"damage":20.0,"enemies":"Spheric Guardian","floor":18.0,"turns":5.0},{"damage":21.0,"enemies":"Shell Parasite","floor":20.0,"turns":7.0},{"damage":16.0,"enemies":"Shelled Parasite and Fungi","floor":21.0,"turns":6.0},{"damage":6.0,"enemies":"Snecko","floor":22.0,"turns":5.0},{"damage":28.0,"enemies":"Book of Stabbing","floor":23.0,"turns":6.0},{"damage":9.0,"enemies":"Centurion and Healer","floor":25.0,"turns":6.0},{"damage":10.0,"enemies":"3 Cultists","floor":27.0,"turns":5.0},{"damage":10.0,"enemies":"Collector","floor":33.0,"turns":9.0},{"damage":20.0,"enemies":"3 Darklings","floor":35.0,"turns":5.0},{"damage":39.0,"enemies":"2 Orb Walkers","floor":36.0,"turns":5.0},{"damage":0.0,"enemies":"Orb Walker","floor":38.0,"turns":3.0},{"damage":49,"enemies":"Reptomancer","floor":40,"turns":6}],"seed_played":"6721952629956100036","potions_obtained":[{"floor":3.0,"key":"Ancient Potion"},{"floor":6.0,"key":"Swift Potion"},{"floor":7.0,"key":"DistilledChaos"},{"floor":8.0,"key":"Ancient Potion"},{"floor":16.0,"key":"DistilledChaos"},{"floor":18.0,"key":"Block Potion"},{"floor":20.0,"key":"SteroidPotion"},{"floor":23.0,"key":"Strength Potion"},{"floor":33.0,"key":"GamblersBrew"},{"floor":35.0,"key":"SkillPotion"}],"is_trial":false,"path_per_floor":["M","?","M","M","$","E","?","E","T","R","$","R","E","M","R","B",null,"M","T","M","M","M","E","$","M","T","M","R","?","R","?","R","B",null,"M","?","?","M","T","E"],"character_chosen":"THE_SILENT","items_purchased":["Calculated Gamble","Noxious Fumes","Strength Potion","Dexterity Potion","Panacea"],"campfire_rested":2,"item_purchase_floors":[5,11,11,24,24],"current_hp_per_floor":[77,84,84,83,83,37,37,2,2,44,44,44,27,39,39,21,91,71,71,50,46,52,36,36,39,39,41,41,41,41,23,66,56,96,76,49,49,49,49,0,0],"gold":256,"neow_bonus":"TEN_PERCENT_HP_BONUS","is_daily":false,"chose_seed":false,"campfire_upgraded":4,"win_rate":0.0,"timestamp":1611444497,"path_taken":["M","?","M","M","$","E","?","E","T","R","$","R","E","M","R","BOSS","M","?","M","M","M","E","$","M","T","M","R","?","R","?","R","BOSS","M","?","?","?","?","E"],"items_purchased_type":["Card","Card","Potion","Potion","Card"],"build_version":"2020-12-22","purchased_purges":2,"victory":false,"max_hp_per_floor":[77,91,91,91,91,91,91,91,91,91,91,91,91,91,91,91,91,91,91,91,91,91,91,91,91,91,91,91,91,91,96,96,96,96,96,96,96,96,96,96,96],"card_choices":[{"not_picked":["PiercingWail","Prepared"],"picked":"Deadly Poison","floor":1.0},{"not_picked":["Predator","Underhanded Strike"],"picked":"Flying Knee","floor":3.0},{"not_picked":["Backflip","Cloak And Dagger"],"picked":"Dash","floor":4.0},{"not_picked":["Flying Knee","PiercingWail"],"picked":"Tools of the Trade","floor":6.0},{"not_picked":["Terror","Blade Dance"],"picked":"Backstab","floor":8.0},{"not_picked":["Acrobatics","Flying Knee"],"picked":"Dagger Spray","floor":13.0},{"not_picked":["Flying Knee","Skewer"],"picked":"Well Laid Plans","floor":14.0},{"not_picked":["Tools of the Trade","Die Die Die"],"picked":"Adrenaline","floor":16.0},{"not_picked":["Choke","Outmaneuver"],"picked":"Slice+1","floor":18.0},{"not_picked":["Blade Dance","Cloak And Dagger"],"picked":"Dodge and Roll+1","floor":20.0},{"not_picked":["Accuracy","Leg Sweep"],"picked":"Crippling Poison","floor":21.0},{"not_picked":["Outmaneuver","Dagger Spray"],"picked":"Prepared+1","floor":22.0},{"not_picked":["Deadly Poison","Tools of the Trade","Dagger Throw+1"],"picked":"SKIP","floor":23.0},{"not_picked":["Poisoned Stab","Dash"],"picked":"Footwork+1","floor":25.0},{"not_picked":["Backstab","Poisoned Stab+1","Outmaneuver"],"picked":"SKIP","floor":27.0},{"not_picked":["Adrenaline","Bullet Time"],"picked":"A Thousand Cuts","floor":33.0},{"not_picked":["Poisoned Stab+1","Underhanded Strike","Deadly Poison+1"],"picked":"SKIP","floor":35.0},{"not_picked":["Deflect","Heel Hook+1"],"picked":"Underhanded Strike+1","floor":36.0},{"not_picked":["Bane+1","Deflect"],"picked":"Accuracy+1","floor":38.0}],"player_experience":221395,"relics_obtained":[{"floor":6.0,"key":"Regal Pillow"},{"floor":8.0,"key":"Letter Opener"},{"floor":9.0,"key":"Meat on the Bone"},{"floor":13.0,"key":"Anchor"},{"floor":19.0,"key":"Art of War"},{"floor":23.0,"key":"Mercury Hourglass"},{"floor":36.0,"key":"CaptainsWheel"},{"floor":39.0,"key":"Toxic Egg 2"}],"event_choices":[{"damage_healed":0.0,"max_hp_gain":0.0,"max_hp_loss":0.0,"gold_gain":0.0,"event_name":"Scrap Ooze","player_choice":"Success","floor":2.0,"gold_loss":0.0,"damage_taken":7.0,"relics_obtained":["Mango"]},{"damage_healed":0.0,"max_hp_gain":0.0,"max_hp_loss":0.0,"gold_gain":0.0,"event_name":"The Woman in Blue","player_choice":"Bought 1 Potion","floor":7.0,"gold_loss":0.0,"damage_taken":0.0},{"damage_healed":0.0,"max_hp_gain":0.0,"max_hp_loss":0.0,"gold_gain":0.0,"event_name":"The Mausoleum","player_choice":"Opened","floor":29.0,"gold_loss":0.0,"damage_taken":0.0,"relics_obtained":["Dead Branch"],"cards_obtained":["Writhe"]},{"damage_healed":0.0,"max_hp_gain":5.0,"max_hp_loss":0.0,"gold_gain":0.0,"event_name":"Forgotten Altar","player_choice":"Shed Blood","floor":31.0,"gold_loss":0.0,"damage_taken":23.0},{"damage_healed":0.0,"max_hp_gain":0.0,"max_hp_loss":0.0,"gold_gain":0.0,"event_name":"Mysterious Sphere","player_choice":"Fight","floor":36.0,"gold_loss":0.0,"damage_taken":0.0},{"cards_removed":["Dodge and Roll"],"damage_healed":0.0,"max_hp_gain":0.0,"max_hp_loss":0.0,"gold_gain":0.0,"event_name":"Falling","player_choice":"Removed Skill","floor":37.0,"gold_loss":0.0,"damage_taken":0.0}],"is_beta":false,"boss_relics":[{"not_picked":["Empty Cage","SacredBark"],"picked":"SlaversCollar"},{"not_picked":["Coffee Dripper","HoveringKite"],"picked":"Fusion Hammer"}],"items_purged_floors":[5,24],"is_endless":false,"potions_floor_spawned":[3,6,8,16,18,20,23,33,35],"killed_by":"Reptomancer","ascension_level":4}}