{"host":"t5h83eruwt5lxl3o","time":1611411203,"event":{"mods":["AchievementEnabler","Act Like it!","BaseMod","CapriCore","Colored Map","DeckTracker","Hermit","Highlight Path","Koishi","Marisa£¨Ùöéë¡¡Øª×âÞÞ£©","Minty Spire (QoL Compilation)","Permanent Neow","Quick Restart","StSLib","SuperFastMode","The Cursed","The Immortal","everything is the same but u backflip on backflip"],"gold_per_floor":[118,193,210,226,226,254,254,269,269,269,326,326,359,36,36,134,134,146,165,177,188,45,45,45,64,64,64,84,4,39,39,39],"floor_reached":31,"language":"KOR","playtime":1079,"items_purged":["hermit:Defend_Hermit","hermit:Strike_Hermit"],"score":347,"play_id":"d2cea216-00ba-4a82-81a0-b8275b4eb45b","local_time":"20210123231323","is_ascension_mode":true,"campfire_choices":[{"data":"hermit:NoHoldsBarred","floor":7.0,"key":"SMITH"},{"floor":10.0,"key":"REST"},{"data":"1","floor":12.0,"key":"LIFT"},{"data":"2","floor":15.0,"key":"LIFT"},{"data":"3","floor":23.0,"key":"LIFT"},{"floor":27.0,"key":"REST"}],"circlet_count":0,"master_deck":["hermit:Strike_Hermit","hermit:Defend_Hermit","hermit:Defend_Hermit","hermit:Snapshot","hermit:Covet","hermit:NoHoldsBarred+1","hermit:Misfire","hermit:SprayPray","hermit:Coalescence","hermit:PistolWhip","hermit:Cheat","hermit:LowProfile","hermit:BlackWind","hermit:Magnum","CurseOfTheBell","hermit:Determination+1","hermit:Desperado","hermit:Dive","hermit:ShadowCloak","hermit:Manifest+1","hermit:Malice"],"relics":["hermit:Momento","Lizard Tail","Girya","Pocketwatch","Vajra","Blue Candle","Calling Bell","Omamori","Mercury Hourglass","StoneCalendar","Happy Flower","Toxic Egg 2","The Courier","HornCleat"],"acts_visited":["Exordium","TheCity"],"potions_floor_usage":[30],"damage_taken":[{"damage":5.0,"enemies":"Small Slimes","floor":1.0,"turns":2.0},{"damage":7.0,"enemies":"Jaw Worm","floor":3.0,"turns":2.0},{"damage":0.0,"enemies":"Cultist","floor":4.0,"turns":2.0},{"damage":14.0,"enemies":"Gremlin Nob","floor":6.0,"turns":3.0},{"damage":23.0,"enemies":"Exordium Thugs","floor":8.0,"turns":2.0},{"damage":18.0,"enemies":"3 Sentries","floor":11.0,"turns":5.0},{"damage":1.0,"enemies":"Lagavulin","floor":13.0,"turns":4.0},{"damage":2.0,"enemies":"Slime Boss","floor":16.0,"turns":3.0},{"damage":24.0,"enemies":"3 Byrds","floor":18.0,"turns":4.0},{"damage":12.0,"enemies":"Shell Parasite","floor":19.0,"turns":2.0},{"damage":24.0,"enemies":"Snake Plant","floor":20.0,"turns":2.0},{"damage":36.0,"enemies":"Shelled Parasite and Fungi","floor":21.0,"turns":3.0},{"damage":9.0,"enemies":"Sentry and Sphere","floor":25.0,"turns":3.0},{"damage":0,"enemies":"Snake Plant","floor":28,"turns":2},{"damage":5,"enemies":"Gremlin Leader","floor":30,"turns":3},{"damage":18,"enemies":"Centurion and Healer","floor":31,"turns":1}],"seed_played":"2682790282993712711","potions_obtained":[{"floor":6.0,"key":"hermit:BlackBile"},{"floor":11.0,"key":"hermit:Tonic"},{"floor":16.0,"key":"Ancient Potion"},{"floor":20.0,"key":"SpeedPotion"},{"floor":25.0,"key":"Ancient Potion"}],"is_trial":false,"path_per_floor":["M","?","M","M","?","E","R","M","T","R","?","R","E","$","R","B",null,"M","M","M","M","$","R","T","M","T","R","M","$","E","M"],"character_chosen":"HERMIT","items_purchased":["Blue Candle","Happy Flower"],"campfire_rested":2,"item_purchase_floors":[14,22],"current_hp_per_floor":[63,52,45,45,45,31,31,8,8,28,10,10,9,9,9,7,68,44,32,8,10,10,10,10,1,1,21,21,21,16,0,0],"gold":39,"neow_bonus":"TRANSFORM_TWO_CARDS","is_daily":false,"chose_seed":false,"campfire_upgraded":1,"win_rate":0.0,"timestamp":1611411203,"path_taken":["M","?","M","M","?","E","R","M","T","R","?","R","E","?","R","BOSS","M","?","M","M","$","R","?","M","T","R","M","$","E","M"],"items_purchased_type":["Relic","Relic"],"build_version":"2020-12-22","purchased_purges":2,"victory":false,"max_hp_per_floor":[68,68,68,68,68,68,68,68,68,68,68,68,68,68,68,68,68,68,68,68,68,68,68,68,68,68,68,68,68,68,68,68],"card_choices":[{"not_picked":["hermit:Ricochet","hermit:Coalescence"],"picked":"hermit:SprayPray","floor":1.0},{"not_picked":["hermit:HighCaliber","hermit:PistolWhip","hermit:ItchyTrigger"],"picked":"SKIP","floor":3.0},{"not_picked":["hermit:FatalDesire","hermit:TakeCover"],"picked":"hermit:Coalescence","floor":4.0},{"not_picked":["hermit:Dive","hermit:HighCaliber"],"picked":"hermit:Cheat","floor":6.0},{"not_picked":["hermit:Roulette","hermit:TakeAim"],"picked":"hermit:LowProfile","floor":8.0},{"not_picked":["hermit:Gestalt","hermit:Feint"],"picked":"hermit:BlackWind","floor":13.0},{"not_picked":["hermit:Gambit","hermit:HighNoon"],"picked":"hermit:Magnum","floor":16.0},{"not_picked":["hermit:Coalescence","hermit:GoldenBullet"],"picked":"hermit:Determination+1","floor":18.0},{"not_picked":["hermit:Coalescence","hermit:LowProfile"],"picked":"hermit:Desperado","floor":19.0},{"not_picked":["hermit:Roulette+1","hermit:Headshot"],"picked":"hermit:Dive","floor":20.0},{"not_picked":["hermit:Shortfuse","hermit:GhostlyPresence"],"picked":"hermit:ShadowCloak","floor":21.0},{"not_picked":["hermit:DeadMansHand+1","hermit:Gambit+1"],"picked":"hermit:Manifest+1","floor":25.0},{"not_picked":["hermit:Coalescence+1","hermit:Grudge"],"picked":"hermit:Malice","floor":28},{"not_picked":["hermit:Feint+1","hermit:Maintenance+1","hermit:Midnight+1"],"picked":"SKIP","floor":30}],"player_experience":656312,"relics_obtained":[{"floor":6.0,"key":"Lizard Tail"},{"floor":9.0,"key":"Girya"},{"floor":11.0,"key":"Pocketwatch"},{"floor":13.0,"key":"Vajra"},{"floor":17.0,"key":"Omamori"},{"floor":17.0,"key":"Mercury Hourglass"},{"floor":17.0,"key":"StoneCalendar"},{"floor":24.0,"key":"Toxic Egg 2"},{"floor":26.0,"key":"The Courier"},{"floor":30,"key":"HornCleat"}],"event_choices":[{"damage_healed":0.0,"max_hp_gain":0.0,"max_hp_loss":0.0,"gold_gain":75.0,"event_name":"World of Goop","player_choice":"Gather Gold","floor":2.0,"gold_loss":0.0,"damage_taken":11.0},{"damage_healed":0.0,"max_hp_gain":0.0,"max_hp_loss":0.0,"gold_gain":0.0,"cards_transformed":["hermit:Strike_Hermit"],"event_name":"Living Wall","player_choice":"Change","floor":5.0,"gold_loss":0.0,"damage_taken":0.0,"cards_obtained":["hermit:PistolWhip"]},{"damage_healed":0.0,"max_hp_gain":0.0,"max_hp_loss":0.0,"gold_gain":0.0,"event_name":"Dead Adventurer","player_choice":"Searched \u00271\u0027 times","floor":11.0,"gold_loss":0.0,"damage_taken":0.0}],"is_beta":false,"boss_relics":[{"not_picked":["Velvet Choker","Fusion Hammer"],"picked":"Calling Bell"}],"items_purged_floors":[14,29],"is_endless":false,"potions_floor_spawned":[6,11,16,20,25],"killed_by":"Centurion and Healer","ascension_level":2}}