{"host":"0awa854l6bexpjrv","time":1611441000,"event":{"mods":["BaseMod","Block Reminder","Colored Map","Colored Powertips","Downfall","Highlight Path","Minty Spire (QoL Compilation)","Quick Restart","Rare Cards Sparkle","StSLib","SuperFastMode"],"gold_per_floor":[19,19,33,33,133,133,162,173,196,215,215,229,243,262,262,359,359,374,374,385,396,396,396,412,512,538,109,109,141,152,179,179,179,179],"floor_reached":33,"language":"ENG","playtime":1699,"items_purged":["Strike_G"],"score":428,"play_id":"1353f294-b147-4608-98e3-4c17f1c373c4","local_time":"20210123143000","is_ascension_mode":true,"campfire_choices":[{"data":"1","floor":6.0,"key":"LIFT"},{"data":"Sucker Punch","floor":11.0,"key":"SMITH"},{"floor":15.0,"key":"REST"},{"data":"2","floor":23,"key":"LIFT"},{"floor":28,"key":"REST"},{"floor":32,"key":"REST"}],"circlet_count":0,"master_deck":["Strike_G","Strike_G+1","Strike_G","Strike_G","Defend_G","Defend_G","Defend_G","Defend_G","Defend_G","Survivor","Neutralize+1","Sucker Punch+1","Riddle With Holes","Acrobatics","Blur","Quick Slash+1","Dodge and Roll","Leg Sweep","Phantasmal Killer","A Thousand Cuts","Flying Knee+1","Leg Sweep","Dagger Spray+1","Decay","Dodge and Roll+1","Caltrops","Unload"],"relics":["Ring of the Snake","Girya","Smiling Mask","Bronze Scales","Fusion Hammer","Whetstone","Pocketwatch","Tiny Chest","Orichalcum"],"acts_visited":["Exordium","TheCity"],"potions_floor_usage":[16,18,21,29,31],"damage_taken":[{"damage":0.0,"enemies":"Small Slimes","floor":1.0,"turns":3.0},{"damage":0.0,"enemies":"Jaw Worm","floor":3.0,"turns":4.0},{"damage":18.0,"enemies":"Gremlin Nob","floor":7.0,"turns":4.0},{"damage":0.0,"enemies":"Cultist","floor":8.0,"turns":3.0},{"damage":0.0,"enemies":"Large Slime","floor":10.0,"turns":5.0},{"damage":0.0,"enemies":"Blue Slaver","floor":12.0,"turns":4.0},{"damage":0.0,"enemies":"Looter","floor":13.0,"turns":3.0},{"damage":4.0,"enemies":"Gremlin Gang","floor":14.0,"turns":5.0},{"damage":16,"enemies":"The Guardian","floor":16,"turns":13},{"damage":10,"enemies":"Spheric Guardian","floor":18,"turns":4},{"damage":0,"enemies":"Chosen","floor":20,"turns":5},{"damage":8,"enemies":"Snake Plant","floor":21,"turns":5},{"damage":3,"enemies":"3 Cultists","floor":24,"turns":5},{"damage":5,"enemies":"Book of Stabbing","floor":29,"turns":7},{"damage":14,"enemies":"Shelled Parasite and Fungi","floor":30,"turns":5},{"damage":16,"enemies":"Slavers","floor":31,"turns":5},{"damage":70,"enemies":"Champ","floor":33,"turns":14}],"seed_played":"6501496988604549462","potions_obtained":[{"floor":1.0,"key":"Swift Potion"},{"floor":10.0,"key":"SneckoOil"},{"floor":13.0,"key":"Poison Potion"},{"floor":16,"key":"Poison Potion"},{"floor":20,"key":"Strength Potion"},{"floor":21,"key":"sneckomod:MuddlingPotion"}],"is_trial":false,"path_per_floor":["M","$","M","?","?","R","E","M","T","M","R","M","M","M","R","B",null,"M","?","M","M","?","R","M","?","T","$","R","E","M","E","R","B"],"character_chosen":"THE_SILENT","items_purchased":["Caltrops","Pocketwatch"],"campfire_rested":3,"item_purchase_floors":[27,27],"current_hp_per_floor":[70,70,70,70,70,70,52,52,52,52,52,52,52,48,69,53,70,60,60,60,52,52,52,49,49,49,49,70,65,51,35,56,0,0],"gold":179,"neow_bonus":"ONE_RARE_RELIC","is_daily":false,"chose_seed":false,"campfire_upgraded":1,"win_rate":0.0,"timestamp":1611441000,"path_taken":["M","$","M","?","?","R","E","M","T","M","R","?","M","M","R","BOSS","M","?","M","M","?","R","M","?","T","$","R","E","M","E","R","BOSS"],"items_purchased_type":["Card","Relic"],"build_version":"2020-12-22","purchased_purges":1,"victory":false,"max_hp_per_floor":[70,70,70,70,70,70,70,70,70,70,70,70,70,70,70,70,70,70,70,70,70,70,70,70,70,70,70,70,70,70,70,70,70,70],"card_choices":[{"not_picked":["Infinite Blades","Underhanded Strike"],"picked":"Sucker Punch","floor":1.0},{"not_picked":["Dagger Throw","Prepared"],"picked":"Riddle With Holes","floor":3.0},{"not_picked":["Bouncing Flask","All Out Attack"],"picked":"Acrobatics","floor":7.0},{"not_picked":["Accuracy","Dagger Spray"],"picked":"Blur","floor":8.0},{"not_picked":["Deflect","Bane"],"picked":"Quick Slash","floor":10.0},{"not_picked":["Prepared","Acrobatics"],"picked":"Dodge and Roll","floor":12.0},{"not_picked":["Slice","Dagger Throw"],"picked":"Leg Sweep","floor":13.0},{"not_picked":["Quick Slash","Underhanded Strike"],"picked":"Phantasmal Killer","floor":14.0},{"not_picked":["Malaise","Adrenaline"],"picked":"A Thousand Cuts","floor":16},{"not_picked":["Outmaneuver","Catalyst"],"picked":"Flying Knee+1","floor":18},{"not_picked":["Dagger Throw","Cloak And Dagger"],"picked":"Leg Sweep","floor":20},{"not_picked":["Underhanded Strike+1","Catalyst"],"picked":"Dagger Spray+1","floor":21},{"not_picked":["Escape Plan+1","Sucker Punch"],"picked":"Dodge and Roll+1","floor":24},{"not_picked":["Concentrate","Flying Knee","Setup+1"],"picked":"SKIP","floor":29},{"not_picked":["Cloak And Dagger","Acrobatics"],"picked":"Unload","floor":30},{"not_picked":["Deadly Poison","Backflip","Bane"],"picked":"SKIP","floor":31}],"player_experience":611051,"relics_obtained":[{"floor":7.0,"key":"Smiling Mask"},{"floor":9.0,"key":"Bronze Scales"},{"floor":26,"key":"Whetstone"},{"floor":29,"key":"Tiny Chest"},{"floor":31,"key":"Orichalcum"}],"event_choices":[{"damage_healed":0.0,"max_hp_gain":0.0,"max_hp_loss":0.0,"gold_gain":0.0,"event_name":"Living Wall","player_choice":"Grow","floor":4.0,"gold_loss":0.0,"damage_taken":0.0,"cards_upgraded":["Neutralize"]},{"damage_healed":0.0,"max_hp_gain":0.0,"max_hp_loss":0.0,"gold_gain":100.0,"event_name":"Golden Shrine","player_choice":"Pray","floor":5.0,"gold_loss":0.0,"damage_taken":0.0},{"damage_healed":0,"gold_gain":0,"player_choice":"Ignored","damage_taken":0,"max_hp_gain":0,"max_hp_loss":0,"event_name":"Vampires","floor":19,"gold_loss":0},{"damage_healed":0,"gold_gain":0,"player_choice":"Smashed Altar","damage_taken":0,"max_hp_gain":0,"max_hp_loss":0,"event_name":"Forgotten Altar","floor":22,"gold_loss":0,"cards_obtained":["Decay"]},{"damage_healed":0,"gold_gain":100,"player_choice":"Pray","damage_taken":0,"max_hp_gain":0,"max_hp_loss":0,"event_name":"Golden Shrine","floor":25,"gold_loss":0}],"is_beta":false,"boss_relics":[{"not_picked":["WristBlade","Calling Bell"],"picked":"Fusion Hammer"}],"items_purged_floors":[27],"is_endless":false,"potions_floor_spawned":[1,10,13,14,16,20,21,24],"killed_by":"Champ","ascension_level":2}}