{"host":"oigynbtg272c19pw","time":1611435982,"event":{"mods":["BaseMod","Colored Map","Minty Spire (QoL Compilation)","Relic Stats","Slay the Relics Exporter","StSLib"],"gold_per_floor":[109,109,128,152,0,0,0,0,77,93,123,123,154,171,171,248,248,258,283,18,18,33,33,59,79,79,109,179,197,230,243,243,316,316,336,386,102,172,22,50,64,96,121,183,183,210,223,53,53,53,53,53,53,3,28,28,28],"floor_reached":56,"playtime":3662,"items_purged":["Defend_P","Study","Strike_P","Strike_P","Defend_P","Defend_P"],"score":2560,"play_id":"51860a01-1221-4cb9-b91a-2da7ba0e4d61","local_time":"20210123220622","is_ascension_mode":true,"campfire_choices":[{"data":"MentalFortress","floor":6.0,"key":"SMITH"},{"data":"EmptyMind","floor":8.0,"key":"SMITH"},{"data":"WheelKick","floor":12.0,"key":"SMITH"},{"data":"Wallop","floor":15.0,"key":"SMITH"},{"data":"Wallop","floor":23.0,"key":"SMITH"},{"data":"Fasting2","floor":32.0,"key":"SMITH"},{"floor":45.0,"key":"RECALL"},{"floor":49.0,"key":"REST"},{"data":"WaveOfTheHand","floor":53.0,"key":"SMITH"}],"circlet_count":0,"master_deck":["AscendersBane","Defend_P","Eruption","Vigilance","Weave","EmptyMind+1","MentalFortress+1","WheelKick+1","Wallop+1","Ragnarok","Wallop+1","Judgement+1","SandsOfTime","FearNoEvil","Scrawl","Fasting2+1","Sanctity+1","Wireheading","Establishment","WheelKick","WaveOfTheHand+1","SandsOfTime","Collect","EmptyFist+1","Protect","WheelKick","WheelKick+1","Swivel","LikeWater","WheelKick+1"],"relics":["Snecko Eye","Bag of Preparation","Meat on the Bone","Incense Burner","Vajra","SlaversCollar","Red Mask","Bronze Scales","SsserpentHead","Ginger","Potion Belt","Dead Branch","Boot","Black Star","Strawberry","Dream Catcher","Unceasing Top","Pear","Molten Egg 2","Smiling Mask","Nunchaku","Kunai"],"acts_visited":["Exordium","TheCity","TheBeyond","TheEnding"],"potions_floor_usage":[56],"damage_taken":[{"damage":1.0,"enemies":"Cultist","floor":1.0,"turns":3.0},{"damage":2.0,"enemies":"Jaw Worm","floor":3.0,"turns":3.0},{"damage":0.0,"enemies":"Small Slimes","floor":10.0,"turns":3.0},{"damage":16.0,"enemies":"3 Sentries","floor":11.0,"turns":8.0},{"damage":0.0,"enemies":"Gremlin Nob","floor":13.0,"turns":2.0},{"damage":0.0,"enemies":"Exordium Thugs","floor":14.0,"turns":1.0},{"damage":0.0,"enemies":"Hexaghost","floor":16.0,"turns":6.0},{"damage":0.0,"enemies":"Shell Parasite","floor":18.0,"turns":1.0},{"damage":3.0,"enemies":"Masked Bandits","floor":19.0,"turns":3.0},{"damage":0.0,"enemies":"Chosen","floor":22.0,"turns":1.0},{"damage":0.0,"enemies":"Gremlin Leader","floor":24.0,"turns":3.0},{"damage":0.0,"enemies":"Sentry and Sphere","floor":25.0,"turns":2.0},{"damage":0.0,"enemies":"Slavers","floor":27.0,"turns":2.0},{"damage":0.0,"enemies":"Snecko","floor":28.0,"turns":3.0},{"damage":0.0,"enemies":"Snake Plant","floor":29.0,"turns":2.0},{"damage":3.0,"enemies":"Book of Stabbing","floor":30.0,"turns":3.0},{"damage":0.0,"enemies":"3 Cultists","floor":31.0,"turns":4.0},{"damage":0.0,"enemies":"Automaton","floor":33.0,"turns":6.0},{"damage":3.0,"enemies":"3 Shapes","floor":35.0,"turns":2.0},{"damage":0.0,"enemies":"Orb Walker","floor":38.0,"turns":1.0},{"damage":0.0,"enemies":"Reptomancer","floor":40.0,"turns":5.0},{"damage":0.0,"enemies":"Spire Growth","floor":41.0,"turns":3.0},{"damage":0.0,"enemies":"Giant Head","floor":42.0,"turns":4.0},{"damage":0.0,"enemies":"4 Shapes","floor":44.0,"turns":5.0},{"damage":27.0,"enemies":"Nemesis","floor":46.0,"turns":5.0},{"damage":0.0,"enemies":"Transient","floor":47.0,"turns":6.0},{"damage":52.0,"enemies":"Donu and Deca","floor":50.0,"turns":9.0},{"damage":15.0,"enemies":"Time Eater","floor":51.0,"turns":7.0},{"damage":0.0,"enemies":"Shield and Spear","floor":55.0,"turns":3.0},{"damage":76,"enemies":"The Heart","floor":56,"turns":5}],"seed_played":"-5044963316981877784","potions_obtained":[{"floor":1.0,"key":"Swift Potion"},{"floor":3.0,"key":"Ancient Potion"},{"floor":13.0,"key":"StancePotion"},{"floor":18.0,"key":"Fire Potion"},{"floor":22.0,"key":"GamblersBrew"},{"floor":27.0,"key":"StancePotion"},{"floor":31.0,"key":"Energy Potion"},{"floor":38.0,"key":"Swift Potion"},{"floor":42.0,"key":"SteroidPotion"},{"floor":44.0,"key":"Regen Potion"},{"floor":47.0,"key":"PowerPotion"},{"floor":55.0,"key":"CultistPotion"}],"is_trial":false,"path_per_floor":["M","?","M","T","$","R","?","R","T","M","E","R","E","M","R","B",null,"M","?","$","?","M","R","E","M","T","E","M","M","E","M","R","B",null,"M","?","$","M","$","E","M","E","T","M","R","E","M","$","R","B","B",null,"R","$","E","B"],"character_chosen":"WATCHER","items_purchased":["MentalFortress","Bronze Scales","WheelKick","WaveOfTheHand","Swivel","LikeWater"],"campfire_rested":1,"item_purchase_floors":[5,20,37,37,48,48],"current_hp_per_floor":[60,60,58,58,58,58,58,58,58,58,42,42,42,42,42,42,62,62,59,59,59,59,59,59,59,59,59,59,59,56,56,56,56,65,62,62,62,62,62,69,69,79,79,79,79,57,57,57,82,42,39,74,74,74,74,0,0],"gold":28,"neow_bonus":"BOSS_RELIC","is_daily":false,"chose_seed":false,"campfire_upgraded":7,"win_rate":0.0,"timestamp":1611435982,"path_taken":["M","?","M","?","?","R","?","R","T","M","E","R","E","M","R","BOSS","M","?","$","?","M","R","E","M","T","E","?","M","E","M","R","BOSS","M","?","$","?","$","E","M","E","T","?","R","E","M","$","R","BOSS","BOSS","R","$","E","BOSS"],"items_purchased_type":["Card","Relic","Card","Card","Card","Card"],"build_version":"2020-12-13","purchased_purges":6,"victory":false,"max_hp_per_floor":[68,68,68,68,68,68,68,68,68,68,68,68,68,68,68,68,68,68,68,68,68,68,68,68,68,68,68,68,68,68,68,68,68,68,68,68,68,68,68,75,75,85,85,85,85,85,85,85,85,85,85,85,85,85,85,85,85],"relic_stats":{"counters":[30,111],"Dead Branch":[51],"Bag of Preparation":[56],"Ginger":[6],"Boot":[32],"Smiling Mask":275,"SsserpentHead":200,"Dream Catcher":1,"Nunchaku":[1],"Bronze Scales":[220],"Snecko Eye":[257,236,224,248],"Black Star":4,"Kunai":[2],"obtain_stats":[{"Potion Belt":26,"Pear":42,"Dead Branch":27,"Vajra":13,"Bag of Preparation":4,"Incense Burner":11,"Ginger":24,"Boot":30,"Smiling Mask":46,"SlaversCollar":17,"SsserpentHead":21,"Dream Catcher":40,"Nunchaku":55,"Bronze Scales":20,"Strawberry":40,"Snecko Eye":0,"Molten Egg 2":46,"Red Mask":19,"Black Star":34,"Kunai":55,"PureWater":0,"Unceasing Top":42,"Meat on the Bone":9},{"Potion Belt":12,"Pear":23,"Dead Branch":13,"Vajra":5,"Bag of Preparation":2,"Incense Burner":4,"Ginger":11,"Boot":16,"Smiling Mask":25,"SlaversCollar":7,"SsserpentHead":9,"Dream Catcher":21,"Nunchaku":29,"Bronze Scales":9,"Strawberry":21,"Snecko Eye":0,"Molten Egg 2":25,"Red Mask":9,"Black Star":18,"Kunai":29,"PureWater":0,"Unceasing Top":23,"Meat on the Bone":2},{"Potion Belt":36,"Pear":71,"Dead Branch":38,"Vajra":19,"Bag of Preparation":6,"Incense Burner":17,"Ginger":34,"Boot":46,"Smiling Mask":81,"SlaversCollar":26,"SsserpentHead":30,"Dream Catcher":64,"Nunchaku":106,"Bronze Scales":30,"Strawberry":64,"Snecko Eye":0,"Molten Egg 2":81,"Red Mask":30,"Black Star":56,"Kunai":106,"PureWater":0,"Unceasing Top":71,"Meat on the Bone":6}],"Unceasing Top":[0],"Meat on the Bone":24},"card_choices":[{"not_picked":["Perseverance","Evaluate"],"picked":"Weave","floor":1.0},{"not_picked":["FlurryOfBlows","Consecrate"],"picked":"EmptyMind","floor":3.0},{"not_picked":["FollowUp","ThirdEye"],"picked":"WheelKick","floor":10.0},{"not_picked":["Adaptation","CrushJoints"],"picked":"Wallop","floor":11.0},{"not_picked":["InnerPeace","FearNoEvil"],"picked":"Ragnarok","floor":13.0},{"not_picked":["PathToVictory","Crescendo"],"picked":"Wallop","floor":14.0},{"not_picked":["Devotion","Brilliance"],"picked":"Judgement","floor":16.0},{"not_picked":["ThirdEye","FlyingSleeves+1"],"picked":"SandsOfTime","floor":18.0},{"not_picked":["FlurryOfBlows","FlyingSleeves"],"picked":"FearNoEvil","floor":19.0},{"not_picked":["Evaluate","BowlingBash","Prostrate"],"picked":"SKIP","floor":22.0},{"not_picked":["FlurryOfBlows","ClearTheMind"],"picked":"Scrawl","floor":24.0},{"not_picked":["InnerPeace","PathToVictory","Prostrate"],"picked":"SKIP","floor":25.0},{"not_picked":["BowlingBash","ClearTheMind"],"picked":"Fasting2","floor":27.0},{"not_picked":["Study","Protect"],"picked":"Sanctity+1","floor":28.0},{"not_picked":["PathToVictory","Weave","Crescendo"],"picked":"SKIP","floor":29.0},{"not_picked":["SignatureMove","Judgement","ClearTheMind"],"picked":"SKIP","floor":30.0},{"not_picked":["BowlingBash","Study"],"picked":"Wireheading","floor":31.0},{"not_picked":["Brilliance","ConjureBlade"],"picked":"Establishment","floor":33.0},{"not_picked":["Weave","PathToVictory+1","SignatureMove"],"picked":"SKIP","floor":35.0},{"not_picked":["Evaluate","FlyingSleeves"],"picked":"SandsOfTime","floor":38.0},{"not_picked":["Brilliance","BowlingBash"],"picked":"Collect","floor":40.0},{"not_picked":["Pray","EmptyMind+1"],"picked":"EmptyFist+1","floor":41.0},{"not_picked":["EmptyBody","Scrawl"],"picked":"Protect","floor":42.0},{"not_picked":["BattleHymn","CrushJoints"],"picked":"WheelKick","floor":44.0},{"not_picked":["FlurryOfBlows+1","CrushJoints+1","ForeignInfluence+1"],"picked":"SKIP","floor":46.0},{"not_picked":["FlurryOfBlows+1","CrushJoints+1","ForeignInfluence+1"],"picked":"SKIP","floor":46.0},{"not_picked":["LikeWater","BowlingBash+1"],"picked":"WheelKick+1","floor":47.0},{"not_picked":["JustLucky+1","Evaluate"],"picked":"WheelKick+1","floor":55.0}],"player_experience":1474021,"relics_obtained":[{"floor":4.0,"key":"Bag of Preparation"},{"floor":9.0,"key":"Meat on the Bone"},{"floor":11.0,"key":"Incense Burner"},{"floor":13.0,"key":"Vajra"},{"floor":19.0,"key":"Red Mask"},{"floor":24.0,"key":"Ginger"},{"floor":26.0,"key":"Potion Belt"},{"floor":27.0,"key":"Dead Branch"},{"floor":30.0,"key":"Boot"},{"floor":40.0,"key":"Strawberry"},{"floor":40.0,"key":"Dream Catcher"},{"floor":42.0,"key":"Unceasing Top"},{"floor":42.0,"key":"Pear"},{"floor":46.0,"key":"Molten Egg 2"},{"floor":46.0,"key":"Smiling Mask"},{"floor":55.0,"key":"Nunchaku"},{"floor":55.0,"key":"Kunai"}],"event_choices":[{"damage_healed":0.0,"max_hp_gain":0.0,"max_hp_loss":0.0,"gold_gain":0.0,"cards_transformed":["Strike_P"],"event_name":"Living Wall","player_choice":"Change","floor":2.0,"gold_loss":0.0,"damage_taken":0.0,"cards_obtained":["Study"]},{"cards_removed":["Strike_P"],"damage_healed":0.0,"max_hp_gain":0.0,"max_hp_loss":0.0,"gold_gain":0.0,"event_name":"Bonfire Elementals","player_choice":"Offered Basic","floor":7.0,"gold_loss":0.0,"damage_taken":0.0},{"damage_healed":0.0,"max_hp_gain":0.0,"max_hp_loss":0.0,"gold_gain":0.0,"event_name":"Masked Bandits","player_choice":"Fought Bandits","floor":19.0,"gold_loss":0.0,"damage_taken":0.0},{"damage_healed":0.0,"max_hp_gain":0.0,"max_hp_loss":0.0,"gold_gain":0.0,"event_name":"FaceTrader","player_choice":"Trade","floor":21.0,"gold_loss":0.0,"damage_taken":0.0,"relics_obtained":["SsserpentHead"]},{"damage_healed":0.0,"max_hp_gain":0.0,"max_hp_loss":0.0,"gold_gain":0.0,"event_name":"Upgrade Shrine","player_choice":"Upgraded","floor":36.0,"gold_loss":0.0,"damage_taken":0.0,"cards_upgraded":["Judgement"]}],"is_beta":false,"boss_relics":[{"not_picked":["Calling Bell","Sozu"],"picked":"SlaversCollar"},{"not_picked":["VioletLotus","Astrolabe"],"picked":"Black Star"}],"items_purged_floors":[5,20,37,39,48,54],"is_endless":false,"potions_floor_spawned":[1,3,13,18,22,24,25,27,31,38,42,44,47,55],"killed_by":"The Heart","ascension_level":20}}