{"host":"6706kntd0vtj8hnw","time":1611375040,"event":{"mods":["Bard","BaseMod","Colored Powertips","Downfall","Hermit","HololiveMod","Hubris","Infinite Spire","KinomotoSakuraMod(????)","Mad Scientist","Marisa????????","Minty Spire (QoL Compilation)","Quick Restart","StSLib","The Blackbeard","The Bladedancer","The Cursed","The Forsaken","The Hierophant","The IronCluck","The Mystic","The Necromancer","The Runesmith","The Senshi","The Wild Card","Waifu the Spire"],"gold_per_floor":[99,111,127,427,427,427,427,427,442,458,29,61,61,81,94,94,94,94],"floor_reached":16,"language":"ENG","playtime":1260,"items_purged":[],"score":127,"play_id":"5df7777f-865b-442f-a144-b31f3c84d4ac","local_time":"20210122201040","is_ascension_mode":false,"campfire_choices":[],"circlet_count":0,"master_deck":["sneckomod:Strike","sneckomod:Strike","sneckomod:Strike","sneckomod:Defend","sneckomod:Defend","sneckomod:Defend","sneckomod:TailWhip","sneckomod:SnekBite","Double Tap","sneckomod:SoulRoll","sneckomod:DiceBoulder","downfall:Icky","downfall:Icky","EmptyFist","sneckomod:Unknown0Cost","sneckomod:UnknownCommonSkill","sneckomod:QuickBite","sneckomod:UnknownUncommonAttack+1","sneckomod:UnknownWeak+1","sneckomod:Nope","sneckomod:Unknown0Cost+1","sneckomod:SoulRoll","sneckomod:WideSting","hubris:NaturalOne"],"relics":["sneckomod:SneckoSoul","hubris:Icosahedron","Pear","sneckomod:UnknownEgg","Ice Cream"],"acts_visited":["Exordium"],"potions_floor_usage":[11,14,15,16],"damage_taken":[{"damage":2,"enemies":"Small Slimes","floor":2,"turns":3},{"damage":8,"enemies":"Jaw Worm","floor":3,"turns":2},{"damage":0,"enemies":"Cultist","floor":9,"turns":3},{"damage":23,"enemies":"Large Slime","floor":10,"turns":5},{"damage":5,"enemies":"downfall:FleeingMerchant","floor":11,"turns":4},{"damage":17,"enemies":"Gremlin Nob","floor":12,"turns":3},{"damage":11,"enemies":"Lots of Slimes","floor":14,"turns":4},{"damage":6,"enemies":"Exordium Wildlife","floor":15,"turns":3},{"damage":76,"enemies":"SI_SHIV_ARCHETYPE","floor":16,"turns":6}],"seed_played":"-3482813726755047160","potions_obtained":[{"floor":3,"key":"Strength Potion"},{"floor":10,"key":"Regen Potion"},{"floor":12,"key":"sneckomod:DiceRollPotion"},{"floor":14,"key":"Swift Potion"}],"is_trial":false,"path_per_floor":["R","M","M","?","?","?","T","R","M","M","$","E","?","M","M","B"],"character_chosen":"THE_SNECKO","items_purchased":["sneckomod:UnknownEgg","sneckomod:UnknownUncommonAttack+1","sneckomod:UnknownWeak+1"],"campfire_rested":0,"item_purchase_floors":[11,11,11],"current_hp_per_floor":[99,97,89,89,89,89,99,99,99,76,109,92,92,81,75,0,0,0],"gold":94,"neow_bonus":"TEN_PERCENT_HP_BONUS","is_daily":false,"chose_seed":false,"campfire_upgraded":0,"win_rate":0.0,"timestamp":1611375040,"path_taken":["R","M","M","?","?","?","T","R","?","M","$","E","?","?","M","BOSS"],"items_purchased_type":["Relic","Card","Card"],"build_version":"2020-12-22","purchased_purges":0,"victory":false,"max_hp_per_floor":[99,99,99,99,99,99,109,109,109,109,109,109,109,109,109,109,109,109],"card_choices":[{"not_picked":["sneckomod:UnknownUncommonPower","sneckomod:IronFang"],"picked":"sneckomod:SoulRoll","floor":2},{"not_picked":["sneckomod:QuickMove","sneckomod:UnknownVulnerable"],"picked":"sneckomod:DiceBoulder","floor":3},{"not_picked":["sneckomod:SlitherStrike","sneckomod:IronFang"],"picked":"sneckomod:Unknown0Cost","floor":9},{"not_picked":["sneckomod:SoulRoll","sneckomod:WideSting"],"picked":"sneckomod:UnknownCommonSkill","floor":10},{"not_picked":["sneckomod:DefensiveFlair","sneckomod:UnknownBlock"],"picked":"sneckomod:QuickBite","floor":11},{"not_picked":["sneckomod:SerpentMind","sneckomod:UnknownX+1"],"picked":"sneckomod:Nope","floor":12},{"not_picked":["sneckomod:UnknownCommonAttack+1","sneckomod:ImprovisedGuard"],"picked":"sneckomod:SoulRoll","floor":14},{"not_picked":["sneckomod:DiceBlock","sneckomod:UnknownVulnerable+1"],"picked":"sneckomod:WideSting","floor":15}],"player_experience":262499,"relics_obtained":[{"floor":7,"key":"Pear"},{"floor":12,"key":"Ice Cream"}],"event_choices":[{"damage_healed":0,"gold_gain":0,"player_choice":"Ignored","damage_taken":0,"max_hp_gain":0,"max_hp_loss":0,"event_name":"NoteForYourself","floor":6,"gold_loss":0}],"is_beta":false,"boss_relics":[],"items_purged_floors":[],"is_endless":false,"potions_floor_spawned":[3,10,12,14],"killed_by":"SI_SHIV_ARCHETYPE","ascension_level":0}}