{"host":"mg6qqnp83j5r6p2r","time":1611422253,"event":{"mods":["BaseMod","Colored Map","Colored Powertips","Highlight Path","Minty Spire (QoL Compilation)","Rare Cards Sparkle","Relic Sorter","Relic Stats","StSLib"],"gold_per_floor":[112,131,147,147,160,160,195,195,195,209,209,242,256,283,283,383,383,383,383,383,383,383,383,383,383,383,383,383,383,383,383,383,383,383,383,308,308,308,308,308,308,308,308,308,308,308,308],"floor_reached":46,"language":"ENG","playtime":2960,"items_purged":["Defend_B"],"score":641,"play_id":"93a992c9-a5c0-4b07-a41e-380b7d81c485","local_time":"20210123111733","is_ascension_mode":true,"campfire_choices":[{"data":"Zap","floor":6.0,"key":"SMITH"},{"floor":8.0,"key":"REST"},{"floor":15.0,"key":"REST"},{"floor":28.0,"key":"RECALL"},{"data":"Hologram","floor":30.0,"key":"SMITH"},{"data":"Coolheaded","floor":32.0,"key":"SMITH"},{"data":"Streamline","floor":40,"key":"SMITH"}],"circlet_count":0,"master_deck":["Strike_B","Strike_B","Strike_B","Strike_B","Defend_B","Defend_B","Defend_B","Zap+1","Dualcast","Melter","Coolheaded+1","Leap","Streamline+1","Sunder+1","Reinforced Body","Electrodynamics+1","Leap","Hologram+1","Biased Cognition+1","Genetic Algorithm+1","Ghostly","Ghostly","Ghostly","Ghostly","Ghostly","Ball Lightning+1","Capacitor+1","Hologram+1","Chill+1","Leap+1","Machine Learning+1","Gash+1","Conserve Battery+1","Go for the Eyes+1","Bandage Up","Barrage","Chill+1"],"relics":["Cracked Core","Pen Nib","Regal Pillow","Frozen Egg 2","Akabeko","Shuriken","Ectoplasm","Pear","Art of War","Nunchaku","Old Coin","Inserter","CaptainsWheel","Du-Vu Doll"],"acts_visited":["Exordium","TheCity","TheBeyond"],"potions_floor_usage":[46],"damage_taken":[{"damage":0.0,"enemies":"2 Louse","floor":1.0,"turns":1.0},{"damage":10.0,"enemies":"Small Slimes","floor":2.0,"turns":3.0},{"damage":3.0,"enemies":"Jaw Worm","floor":3.0,"turns":5.0},{"damage":4.0,"enemies":"Red Slaver","floor":5.0,"turns":3.0},{"damage":33.0,"enemies":"Gremlin Nob","floor":7.0,"turns":5.0},{"damage":1.0,"enemies":"Gremlin Gang","floor":10.0,"turns":3.0},{"damage":8.0,"enemies":"Lagavulin","floor":12.0,"turns":7.0},{"damage":1.0,"enemies":"3 Louse","floor":13.0,"turns":2.0},{"damage":18.0,"enemies":"3 Sentries","floor":14.0,"turns":3.0},{"damage":40.0,"enemies":"The Guardian","floor":16.0,"turns":11.0},{"damage":15.0,"enemies":"3 Byrds","floor":18.0,"turns":3.0},{"damage":2.0,"enemies":"Chosen","floor":22.0,"turns":5.0},{"damage":12.0,"enemies":"Book of Stabbing","floor":23.0,"turns":7.0},{"damage":2.0,"enemies":"Centurion and Healer","floor":24.0,"turns":7.0},{"damage":3.0,"enemies":"Slavers","floor":27.0,"turns":5.0},{"damage":0.0,"enemies":"Cultist and Chosen","floor":31.0,"turns":6.0},{"damage":27.0,"enemies":"Collector","floor":33.0,"turns":15.0},{"damage":0.0,"enemies":"Orb Walker","floor":35.0,"turns":4.0},{"damage":0.0,"enemies":"3 Shapes","floor":37.0,"turns":6.0},{"damage":0,"enemies":"Spire Growth","floor":38,"turns":6},{"damage":0,"enemies":"Nemesis","floor":41,"turns":8},{"damage":0,"enemies":"Transient","floor":42,"turns":5},{"damage":0,"enemies":"4 Shapes","floor":44,"turns":3},{"damage":0,"enemies":"Jaw Worm Horde","floor":45,"turns":5},{"damage":57,"enemies":"Giant Head","floor":46,"turns":12}],"seed_played":"6354374486611550097","potions_obtained":[{"floor":1.0,"key":"LiquidBronze"},{"floor":2.0,"key":"ColorlessPotion"},{"floor":7.0,"key":"Energy Potion"},{"floor":10.0,"key":"SteroidPotion"},{"floor":23.0,"key":"PotionOfCapacity"},{"floor":24.0,"key":"Swift Potion"},{"floor":35.0,"key":"ColorlessPotion"}],"is_trial":false,"path_per_floor":["M","M","M","?","M","R","E","R","T","M","?","E","M","E","R","B",null,"M","?","$","?","M","E","M","?","T","E","R","T","R","M","R","B",null,"M","$","M","M","?","R","E","M","T","M","M","E"],"character_chosen":"DEFECT","items_purchased":[],"campfire_rested":2,"item_purchase_floors":[],"current_hp_per_floor":[75,65,62,67,63,63,30,69,69,68,56,48,47,29,68,28,80,65,40,40,40,38,36,34,50,50,47,47,47,47,47,47,20,50,50,50,50,50,50,50,50,50,50,50,50,0,0],"gold":308,"neow_bonus":"RANDOM_COMMON_RELIC","is_daily":false,"chose_seed":false,"campfire_upgraded":4,"win_rate":0.0,"timestamp":1611422253,"path_taken":["M","M","M","?","M","R","E","R","T","M","?","E","M","E","R","BOSS","M","?","$","?","?","E","?","?","T","E","R","?","R","M","R","BOSS","M","$","M","M","?","R","E","M","T","M","M","E"],"items_purchased_type":[],"build_version":"2020-12-22","purchased_purges":1,"victory":false,"max_hp_per_floor":[75,75,75,80,80,80,80,80,80,80,80,80,80,80,80,80,80,80,40,40,40,40,50,50,50,50,50,50,50,50,50,50,50,50,50,50,50,50,50,50,50,50,50,50,50,50,50],"relic_stats":{"Regal Pillow":30,"Nunchaku":[8],"Inserter":[22],"counters":[25,140],"Shuriken":[9],"Pen Nib":[16],"Ectoplasm":663,"Art of War":[17],"obtain_stats":[{"Regal Pillow":7,"Pear":23,"Inserter":34,"Pen Nib":0,"Frozen Egg 2":11,"Akabeko":12,"Old Coin":29,"Du-Vu Doll":43,"Nunchaku":27,"CaptainsWheel":41,"Shuriken":14,"Ectoplasm":17,"Art of War":26,"Cracked Core":0},{"Regal Pillow":5,"Pear":13,"Inserter":17,"Pen Nib":0,"Frozen Egg 2":6,"Akabeko":7,"Old Coin":15,"Du-Vu Doll":22,"Nunchaku":15,"CaptainsWheel":21,"Shuriken":9,"Ectoplasm":10,"Art of War":14,"Cracked Core":0},{"Regal Pillow":17,"Pear":58,"Inserter":91,"Pen Nib":0,"Frozen Egg 2":20,"Akabeko":27,"Old Coin":70,"Du-Vu Doll":120,"Nunchaku":70,"CaptainsWheel":115,"Shuriken":32,"Ectoplasm":43,"Art of War":65,"Cracked Core":0}]},"card_choices":[{"not_picked":["Gash","Consume"],"picked":"Melter","floor":1.0},{"not_picked":["Redo","Hologram"],"picked":"Coolheaded","floor":2.0},{"not_picked":["Steam","Cold Snap"],"picked":"Leap","floor":3.0},{"not_picked":["Leap","Storm"],"picked":"Streamline","floor":5.0},{"not_picked":["Barrage","Ball Lightning"],"picked":"Sunder","floor":7.0},{"not_picked":["Steam","Streamline"],"picked":"Reinforced Body","floor":10.0},{"not_picked":["Cold Snap","Force Field"],"picked":"Electrodynamics+1","floor":12.0},{"not_picked":["Sweeping Beam","Beam Cell"],"picked":"Leap","floor":13.0},{"not_picked":["Heatsinks+1","Streamline"],"picked":"Hologram","floor":14.0},{"not_picked":["Reboot","Rainbow"],"picked":"Biased Cognition+1","floor":16.0},{"not_picked":["Barrage","Undo"],"picked":"Genetic Algorithm+1","floor":18.0},{"not_picked":["Storm+1","Gash"],"picked":"Ball Lightning+1","floor":22.0},{"not_picked":["Gash","Redo"],"picked":"Capacitor+1","floor":23.0},{"not_picked":["Compile Driver","Go for the Eyes+1"],"picked":"Hologram+1","floor":24.0},{"not_picked":["Compile Driver","Storm+1"],"picked":"Chill+1","floor":27.0},{"not_picked":["Sweeping Beam","Chaos+1"],"picked":"Leap+1","floor":31.0},{"not_picked":["Amplify","Multi-Cast"],"picked":"Machine Learning+1","floor":33.0},{"not_picked":["Doom and Gloom+1","Sweeping Beam+1"],"picked":"Gash+1","floor":35.0},{"not_picked":["Redo+1","Leap+1"],"picked":"Conserve Battery+1","floor":37.0},{"not_picked":["Aggregate","Turbo+1"],"picked":"Go for the Eyes+1","floor":38},{"not_picked":["Impatience","Good Instincts"],"picked":"Bandage Up","floor":39},{"not_picked":["Thunder Strike","Ball Lightning"],"picked":"Barrage","floor":41},{"not_picked":["Sweeping Beam+1","Ball Lightning"],"picked":"Chill+1","floor":42},{"not_picked":["Steam+1","Sunder","Aggregate+1"],"picked":"SKIP","floor":44},{"not_picked":["Compile Driver","Fusion","Capacitor+1"],"picked":"SKIP","floor":45}],"player_experience":208269,"relics_obtained":[{"floor":7.0,"key":"Regal Pillow"},{"floor":12.0,"key":"Akabeko"},{"floor":14.0,"key":"Shuriken"},{"floor":23.0,"key":"Pear"},{"floor":26.0,"key":"Art of War"},{"floor":27.0,"key":"Nunchaku"},{"floor":29.0,"key":"Old Coin"},{"floor":41,"key":"CaptainsWheel"},{"floor":43,"key":"Du-Vu Doll"}],"event_choices":[{"damage_healed":0.0,"max_hp_gain":5.0,"max_hp_loss":0.0,"gold_gain":0.0,"event_name":"Big Fish","player_choice":"Donut","floor":4.0,"gold_loss":0.0,"damage_taken":0.0},{"damage_healed":0.0,"max_hp_gain":0.0,"max_hp_loss":0.0,"gold_gain":0.0,"event_name":"Scrap Ooze","player_choice":"Success","floor":11.0,"gold_loss":0.0,"damage_taken":12.0,"relics_obtained":["Frozen Egg 2"]},{"damage_healed":0.0,"max_hp_gain":0.0,"max_hp_loss":40.0,"gold_gain":0.0,"event_name":"Ghosts","player_choice":"Became a Ghost","floor":19.0,"gold_loss":0.0,"damage_taken":0.0,"cards_obtained":["Ghostly","Ghostly","Ghostly","Ghostly","Ghostly"]},{"damage_healed":0.0,"max_hp_gain":0.0,"max_hp_loss":0.0,"gold_gain":0.0,"event_name":"Accursed Blacksmith","player_choice":"Forge","floor":21.0,"gold_loss":0.0,"damage_taken":0.0,"cards_upgraded":["Sunder"]},{"damage_healed":17.0,"max_hp_gain":0.0,"max_hp_loss":0.0,"gold_gain":0.0,"event_name":"The Library","player_choice":"Heal","floor":25.0,"gold_loss":0.0,"damage_taken":0.0},{"damage_healed":0,"gold_gain":0,"player_choice":"Memory 1","damage_taken":0,"max_hp_gain":0,"max_hp_loss":0,"event_name":"SensoryStone","floor":39,"gold_loss":0}],"is_beta":false,"boss_relics":[{"not_picked":["Sozu","Nuclear Battery"],"picked":"Ectoplasm"},{"not_picked":["SacredBark","Cursed Key"],"picked":"Inserter"}],"items_purged_floors":[36],"is_endless":false,"potions_floor_spawned":[1,2,7,10,23,24,35,41],"killed_by":"Giant Head","ascension_level":2}}