{"host":"Qube","time":1611369780,"event":{"mods":["AchievementEnabler","BaseMod","Colored Map","Colored Powertips","Highlight Path","Minty Spire (QoL Compilation)","Permanent Neow","Quick Restart","Random Character Button","StSLib"],"gold_per_floor":[161,172,190,207,226,261,261,292,292,292,292,11,43,61,61,138,138,148,119,119,130,149,149,175,195,195,195,230,230,230,230,230,307,307,319,335,350,350,362,362,379,379,379,394,394,413,29,29,29,29,29,29],"floor_reached":51,"language":"ENG","playtime":3150,"items_purged":[],"score":1322,"play_id":"2ed1299c-cd57-4446-9223-af4efc1ff303","local_time":"20210122184300","is_ascension_mode":true,"campfire_choices":[{"floor":7.0,"key":"REST"},{"data":"Noxious Fumes","floor":15.0,"key":"SMITH"},{"floor":23.0,"key":"REST"},{"floor":27.0,"key":"REST"},{"floor":30.0,"key":"REST"},{"floor":32.0,"key":"REST"},{"floor":40.0,"key":"REST"},{"floor":42.0,"key":"REST"},{"floor":45.0,"key":"REST"},{"floor":49.0,"key":"REST"}],"circlet_count":0,"master_deck":["AscendersBane","Strike_G","Strike_G","Strike_G","Strike_G+1","Strike_G","Defend_G","Defend_G","Defend_G","Defend_G","Survivor","Neutralize","Noxious Fumes+1","Leg Sweep","Backflip","Slice","Masterful Stab","Predator","Crippling Poison","Envenom","Cloak And Dagger","Cloak And Dagger","After Image","Deflect+1","Acrobatics+1","Dash","Footwork","Footwork+1","Malaise","Deflect","A Thousand Cuts","Parasite","Corpse Explosion"],"relics":["Tiny House","MealTicket","Prayer Wheel","Ice Cream","Kunai","InkBottle","Fusion Hammer","Torii","The Courier","Happy Flower","Philosopher\u0027s Stone","Meat on the Bone","Regal Pillow","Bag of Preparation","Strawberry"],"acts_visited":["Exordium","TheCity","TheBeyond"],"potions_floor_usage":[],"damage_taken":[{"damage":0.0,"enemies":"Small Slimes","floor":1.0,"turns":4.0},{"damage":0.0,"enemies":"Jaw Worm","floor":2.0,"turns":5.0},{"damage":1.0,"enemies":"Cultist","floor":3.0,"turns":5.0},{"damage":3.0,"enemies":"Exordium Wildlife","floor":4.0,"turns":5.0},{"damage":5.0,"enemies":"Looter","floor":5.0,"turns":4.0},{"damage":40.0,"enemies":"3 Sentries","floor":6.0,"turns":8.0},{"damage":26.0,"enemies":"Gremlin Nob","floor":8.0,"turns":4.0},{"damage":0.0,"enemies":"The Mushroom Lair","floor":10.0,"turns":1.0},{"damage":41.0,"enemies":"3 Sentries","floor":13.0,"turns":8.0},{"damage":14.0,"enemies":"Exordium Thugs","floor":14.0,"turns":5.0},{"damage":8.0,"enemies":"Hexaghost","floor":16.0,"turns":10.0},{"damage":0.0,"enemies":"Shell Parasite","floor":18.0,"turns":6.0},{"damage":1.0,"enemies":"2 Thieves","floor":19.0,"turns":4.0},{"damage":9.0,"enemies":"Cultist and Chosen","floor":21.0,"turns":7.0},{"damage":8.0,"enemies":"Snecko","floor":22.0,"turns":6.0},{"damage":11.0,"enemies":"Book of Stabbing","floor":24.0,"turns":7.0},{"damage":0.0,"enemies":"Centurion and Healer","floor":25.0,"turns":9.0},{"damage":43.0,"enemies":"Slavers","floor":28.0,"turns":8.0},{"damage":27.0,"enemies":"Automaton","floor":33.0,"turns":13.0},{"damage":7.0,"enemies":"3 Shapes","floor":35.0,"turns":6.0},{"damage":24.0,"enemies":"3 Darklings","floor":36.0,"turns":6.0},{"damage":15.0,"enemies":"Jaw Worm Horde","floor":37.0,"turns":7.0},{"damage":1.0,"enemies":"Writhing Mass","floor":39.0,"turns":9.0},{"damage":9.0,"enemies":"Spire Growth","floor":41.0,"turns":7.0},{"damage":63.0,"enemies":"Transient","floor":44.0,"turns":6.0},{"damage":35.0,"enemies":"Jaw Worm Horde","floor":46.0,"turns":5.0},{"damage":83.0,"enemies":"Awakened One","floor":50.0,"turns":26.0},{"damage":40,"enemies":"Time Eater","floor":51,"turns":8}],"seed_played":"6237666398400519019","potions_obtained":[{"floor":0.0,"key":"FairyPotion"},{"floor":2.0,"key":"BlessingOfTheForge"},{"floor":4.0,"key":"Ancient Potion"},{"floor":6.0,"key":"Poison Potion"},{"floor":8.0,"key":"SmokeBomb"},{"floor":14.0,"key":"SpeedPotion"},{"floor":18.0,"key":"Fire Potion"},{"floor":19.0,"key":"Regen Potion"},{"floor":21.0,"key":"DistilledChaos"},{"floor":35.0,"key":"FairyPotion"},{"floor":38.0,"key":"FairyPotion"},{"floor":44.0,"key":"Fire Potion"}],"is_trial":false,"path_per_floor":["M","M","M","M","M","E","R","E","T","?","?","$","E","M","R","B",null,"M","M","?","M","M","R","E","M","T","R","E","?","R","?","R","B",null,"M","M","M","?","M","R","M","R","T","M","R","M","$","?","R","B","B"],"character_chosen":"THE_SILENT","items_purchased":["Kunai","Regal Pillow","Bag of Preparation","Strawberry"],"campfire_rested":9,"item_purchase_floors":[12,47,47,47],"current_hp_per_floor":[64,64,63,60,55,15,36,10,10,10,33,48,7,18,18,10,56,56,55,55,46,38,59,48,48,48,69,41,21,43,43,65,38,67,60,36,21,21,20,42,33,55,55,26,48,25,47,47,83,36,0,0],"gold":29,"neow_bonus":"BOSS_RELIC","is_daily":false,"chose_seed":false,"campfire_upgraded":1,"win_rate":0.0,"timestamp":1611369780,"path_taken":["M","M","M","M","M","E","R","E","T","?","?","?","E","M","R","BOSS","M","M","?","?","M","R","E","M","T","R","E","?","R","?","R","BOSS","M","M","M","?","M","R","?","R","T","M","R","M","$","?","R","BOSS","BOSS"],"items_purchased_type":["Relic","Relic","Relic","Relic"],"build_version":"2020-12-18","purchased_purges":0,"victory":false,"max_hp_per_floor":[71,71,71,71,71,71,71,71,71,71,71,71,71,71,71,71,71,71,71,71,71,71,71,71,71,71,71,71,76,76,76,76,76,76,76,76,76,76,76,76,76,76,76,76,76,76,83,83,83,83,83,83],"card_choices":[{"not_picked":["Deadly Poison","Outmaneuver"],"picked":"Noxious Fumes","floor":0.0},{"not_picked":["Distraction","Outmaneuver"],"picked":"Leg Sweep","floor":1.0},{"not_picked":["Blade Dance","Escape Plan"],"picked":"Backflip","floor":2.0},{"not_picked":["Deadly Poison","Cloak And Dagger"],"picked":"Slice","floor":3.0},{"not_picked":["Dodge and Roll","Blur"],"picked":"Masterful Stab","floor":4.0},{"not_picked":["Tools of the Trade","Quick Slash"],"picked":"Predator","floor":5.0},{"not_picked":["Acrobatics","Dagger Spray"],"picked":"Crippling Poison","floor":6.0},{"not_picked":["Slice","Flechettes"],"picked":"Envenom","floor":8.0},{"not_picked":["Bane","PiercingWail"],"picked":"Cloak And Dagger","floor":13.0},{"not_picked":["Acrobatics","Distraction"],"picked":"Poisoned Stab","floor":14.0},{"not_picked":["Well Laid Plans","Dodge and Roll"],"picked":"Cloak And Dagger","floor":14.0},{"not_picked":["Corpse Explosion","Malaise"],"picked":"After Image","floor":16.0},{"not_picked":["Poisoned Stab","Acrobatics"],"picked":"Deflect+1","floor":18.0},{"not_picked":["Dodge and Roll","Cloak And Dagger"],"picked":"Acrobatics+1","floor":18.0},{"not_picked":["Dagger Spray","Finisher"],"picked":"Dash","floor":19.0},{"not_picked":["Endless Agony+1","Backflip","Well Laid Plans"],"picked":"SKIP","floor":19.0},{"not_picked":["Accuracy","Terror"],"picked":"Footwork","floor":21.0},{"not_picked":["Quick Slash","Deflect","Outmaneuver"],"picked":"SKIP","floor":21.0},{"not_picked":["Eviscerate","Burst"],"picked":"Footwork+1","floor":22.0},{"not_picked":["Prepared","Bane","Masterful Stab"],"picked":"SKIP","floor":22.0},{"not_picked":["Blade Dance","Dagger Spray","Cloak And Dagger"],"picked":"SKIP","floor":24.0},{"not_picked":["Blade Dance","Sucker Punch","Acrobatics+1"],"picked":"SKIP","floor":25.0},{"not_picked":["Infinite Blades","Prepared","Dagger Throw"],"picked":"SKIP","floor":25.0},{"not_picked":["Unload","Underhanded Strike+1","Dash"],"picked":"SKIP","floor":28.0},{"not_picked":["Glass Knife","Storm of Steel"],"picked":"A Thousand Cuts","floor":33.0},{"not_picked":["PiercingWail","Dodge and Roll+1","Acrobatics"],"picked":"SKIP","floor":35.0},{"not_picked":["Dodge and Roll","Doppelganger","Sucker Punch+1"],"picked":"SKIP","floor":35.0},{"not_picked":["Deadly Poison+1","Choke+1","Bouncing Flask"],"picked":"SKIP","floor":36.0},{"not_picked":["Dagger Spray+1","Quick Slash","Underhanded Strike"],"picked":"SKIP","floor":36.0},{"not_picked":["Deadly Poison+1","Choke+1","Bouncing Flask"],"picked":"SKIP","floor":36.0},{"not_picked":["Dagger Spray+1","Quick Slash","Underhanded Strike"],"picked":"SKIP","floor":36.0},{"not_picked":["Masterful Stab","Tactician","Deflect"],"picked":"SKIP","floor":37.0},{"not_picked":["Quick Slash","Flying Knee","Reflex+1"],"picked":"SKIP","floor":37.0},{"not_picked":["Slice","Backflip+1","Dagger Spray"],"picked":"SKIP","floor":39.0},{"not_picked":["Escape Plan","Poisoned Stab","Quick Slash"],"picked":"SKIP","floor":39.0},{"not_picked":["Dagger Throw","Acrobatics+1","Wraith Form v2"],"picked":"SKIP","floor":41.0},{"not_picked":["Deflect","Dagger Spray","Crippling Poison+1"],"picked":"SKIP","floor":41.0},{"not_picked":["Dagger Throw","Acrobatics+1","Wraith Form v2"],"picked":"SKIP","floor":41.0},{"not_picked":["Deflect","Dagger Spray","Crippling Poison+1"],"picked":"SKIP","floor":41.0},{"not_picked":["Accuracy","Backflip","Deflect+1"],"picked":"SKIP","floor":44.0},{"not_picked":["Acrobatics","Cloak And Dagger","Deadly Poison+1"],"picked":"SKIP","floor":44.0},{"not_picked":["Quick Slash","Calculated Gamble"],"picked":"Corpse Explosion","floor":46.0},{"not_picked":["Dodge and Roll","PiercingWail","Blade Dance"],"picked":"SKIP","floor":46.0}],"player_experience":959077,"relics_obtained":[{"floor":6.0,"key":"MealTicket"},{"floor":8.0,"key":"Prayer Wheel"},{"floor":9.0,"key":"Ice Cream"},{"floor":13.0,"key":"InkBottle"},{"floor":24.0,"key":"Torii"},{"floor":26.0,"key":"The Courier"},{"floor":28.0,"key":"Happy Flower"},{"floor":43.0,"key":"Meat on the Bone"}],"event_choices":[{"damage_healed":0.0,"max_hp_gain":0.0,"max_hp_loss":0.0,"gold_gain":0.0,"event_name":"Mushrooms","player_choice":"Fought Mushrooms","floor":10.0,"gold_loss":0.0,"damage_taken":0.0},{"damage_healed":23.0,"max_hp_gain":0.0,"max_hp_loss":0.0,"gold_gain":0.0,"event_name":"Big Fish","player_choice":"Banana","floor":11.0,"gold_loss":0.0,"damage_taken":0.0},{"cards_removed":["Defend_G"],"damage_healed":0.0,"max_hp_gain":0.0,"max_hp_loss":0.0,"gold_gain":0.0,"event_name":"Bonfire Elementals","player_choice":"Offered Basic","floor":20.0,"gold_loss":0.0,"damage_taken":0.0},{"damage_healed":0.0,"max_hp_gain":5.0,"max_hp_loss":0.0,"gold_gain":0.0,"event_name":"Forgotten Altar","player_choice":"Shed Blood","floor":29.0,"gold_loss":0.0,"damage_taken":25.0},{"damage_healed":0.0,"max_hp_gain":0.0,"max_hp_loss":0.0,"gold_gain":0.0,"event_name":"Match and Keep!","player_choice":"2 cards matched","floor":31.0,"gold_loss":0.0,"damage_taken":0.0,"cards_obtained":["Malaise","Deflect"]},{"damage_healed":0.0,"max_hp_gain":0.0,"max_hp_loss":0.0,"gold_gain":0.0,"event_name":"Lab","player_choice":"Got Potions","floor":38.0,"gold_loss":0.0,"damage_taken":0.0},{"cards_removed":["Poisoned Stab"],"damage_healed":0.0,"max_hp_gain":0.0,"max_hp_loss":0.0,"gold_gain":0.0,"event_name":"Falling","player_choice":"Removed Attack","floor":48.0,"gold_loss":0.0,"damage_taken":0.0}],"is_beta":true,"boss_relics":[{"not_picked":["Runic Pyramid","HoveringKite"],"picked":"Fusion Hammer"},{"not_picked":["SacredBark","WristBlade"],"picked":"Philosopher\u0027s Stone"}],"items_purged_floors":[],"is_endless":false,"potions_floor_spawned":[2,4,6,8,14,18,19,21,22,35,41,44],"killed_by":"Time Eater","ascension_level":20}}