{"host":"zk6vb2npgw3pu6j2","time":1611370830,"event":{"mods":["Act Like it!","Aspiration","Bard","BaseMod","Beaked The Cultist","Bestiary","Better Note","Better Sensory Stone","CapriCore","Conspire","Downfall","Friendly Minions","Gensokyo","GifTheSpireLib","Hallownest","Hermit","Hubris","Koishi","Marisa????????","Marked Mod","Minty Spire (QoL Compilation)","Quarter Circle Forward PUNCH!","Reimu??????","Replay The Spire","Retaliation","StSLib","The Administrix","The Alterego","The Blue Laboratory","The Bug Knight","The Construct","The Exalted","The Hierophant","The Immortal","The Marked","The Runesmith","The Senshi","The Servant 0.9.4","The Wild Card","TheVacant","Wandering Minibosses","yUi"],"gold_per_floor":[99,115,131,142,52,70,94,105,124,124,140,152,178,178,195,195,195,195],"floor_reached":16,"language":"ENG","playtime":1078,"items_purged":["champ:Defend"],"score":108,"play_id":"2ef21dcf-d6f1-4d11-9bb7-1ac09e273ef3","local_time":"20210122220030","is_ascension_mode":false,"campfire_choices":[{"floor":1,"key":"RECALL"}],"circlet_count":0,"master_deck":["champ:Strike","champ:Strike","champ:Strike","champ:Strike","champ:Defend","champ:Defend","champ:Execute","champ:Taunt","champ:DefensiveShout","champ:Encircle","champ:GutPunch","champ:Circumvent","champ:EndlessRage","champ:BerserkersShout","champ:Backstep","champ:PerfectedStrike","champ:TripleStrike","champ:FlashCut","champ:EnGarde"],"relics":["champ:ChampionCrown","Pet Ghost","Replay:Multitool"],"acts_visited":["Exordium"],"potions_floor_usage":[16],"damage_taken":[{"damage":20,"enemies":"Cultist","floor":2,"turns":4},{"damage":12,"enemies":"Small Slimes","floor":3,"turns":3},{"damage":23,"enemies":"Jaw Worm","floor":4,"turns":4},{"damage":15,"enemies":"downfall:FleeingMerchant","floor":5,"turns":4},{"damage":41,"enemies":"Exordium Thugs","floor":6,"turns":5},{"damage":31,"enemies":"3 Louse","floor":8,"turns":5},{"damage":36,"enemies":"Large Slime","floor":9,"turns":6},{"damage":23,"enemies":"Blue Slaver","floor":11,"turns":5},{"damage":24,"enemies":"Exordium Thugs","floor":12,"turns":4},{"damage":32,"enemies":"3 Sentries","floor":13,"turns":8},{"damage":7,"enemies":"2 Fungi Beasts","floor":15,"turns":3},{"damage":24,"enemies":"DF_ARCHETYPE_STREAMLINE","floor":16,"turns":5}],"seed_played":"-415962278339560520","potions_obtained":[{"floor":2,"key":"Dexterity Potion"},{"floor":6,"key":"AttackPotion"},{"floor":8,"key":"Weak Potion"},{"floor":15,"key":"Doom Potion"}],"is_trial":false,"path_per_floor":["R","M","M","M","$","M","T","M","M","T","M","M","E","?","M","B"],"character_chosen":"THE_CHAMP","items_purchased":[],"campfire_rested":0,"item_purchase_floors":[],"current_hp_per_floor":[99,89,87,79,79,63,63,57,56,56,48,39,22,22,20,0,0,0],"gold":195,"neow_bonus":"TEN_PERCENT_HP_BONUS","is_daily":false,"chose_seed":false,"campfire_upgraded":0,"win_rate":0.0,"timestamp":1611370830,"path_taken":["R","M","M","M","$","M","T","?","M","?","M","M","E","?","M","BOSS"],"items_purchased_type":[],"build_version":"2020-12-22","purchased_purges":1,"victory":false,"max_hp_per_floor":[99,99,99,99,99,99,99,99,99,99,99,99,99,99,99,99,99,99],"card_choices":[{"not_picked":["champ:ArenaPreparation","champ:BerserkersShout"],"picked":"champ:DefensiveShout","floor":2},{"not_picked":["champ:FaceSlap","champ:TornadoPunch"],"picked":"champ:Encircle","floor":3},{"not_picked":["champ:FocusedDefense","champ:EnragedBash"],"picked":"champ:GutPunch","floor":4},{"not_picked":["champ:EnGarde","champ:Encircle"],"picked":"champ:Circumvent","floor":5},{"not_picked":["champ:Endure","champ:Lariat"],"picked":"champ:EndlessRage","floor":6},{"not_picked":["champ:CrookedStrike","champ:Shatter"],"picked":"champ:BerserkersShout","floor":8},{"not_picked":["champ:PreemptiveStrike","champ:FlashCut"],"picked":"champ:Backstep","floor":9},{"not_picked":["champ:BringItOn","champ:FlashCut"],"picked":"champ:PerfectedStrike","floor":11},{"not_picked":["champ:PreciseThrust","champ:PerfectedStrike"],"picked":"champ:TripleStrike","floor":12},{"not_picked":["champ:Endure","champ:Circumvent"],"picked":"champ:FlashCut","floor":13},{"not_picked":["champ:Shatter","champ:BerserkersShout"],"picked":"champ:EnGarde","floor":15}],"player_experience":266518,"relics_obtained":[{"floor":7,"key":"Pet Ghost"},{"floor":13,"key":"Replay:Multitool"}],"event_choices":[{"cards_removed":["champ:Defend"],"damage_healed":0,"gold_gain":0,"player_choice":"Card Removal","damage_taken":0,"max_hp_gain":0,"max_hp_loss":0,"event_name":"The Cleric","floor":14,"gold_loss":0}],"is_beta":false,"boss_relics":[],"items_purged_floors":[5],"is_endless":false,"potions_floor_spawned":[2,6,8,12,13,15],"killed_by":"DF_ARCHETYPE_STREAMLINE","ascension_level":0}}