{"host":"vyjryxuuuxkt43k4","time":1611393650,"event":{"mods":["AchievementEnabler","BaseMod","Colored Map","DeckTracker","Keyboard Shortcuts","Minty Spire (QoL Compilation)","Permanent Neow","Quick Restart","StSLib","SuperFastMode","everything is the same but u backflip on backflip"],"gold_per_floor":[115,134,146,160,30,56,56,84,138,171,184,199,212,212,212,212,212],"floor_reached":16,"language":"KOR","playtime":595,"items_purged":[],"score":242,"play_id":"b496635c-dea9-4323-92e5-091493256c19","local_time":"20210123182050","is_ascension_mode":true,"campfire_choices":[{"data":"Searing Blow","floor":7,"key":"SMITH"},{"data":"Searing Blow+1","floor":15,"key":"SMITH"}],"circlet_count":0,"master_deck":["AscendersBane","Strike_R","Strike_R","Strike_R","Strike_R","Defend_R","Defend_R","Defend_R","Defend_R+1","Bash","Bludgeon","Pommel Strike","Cleave","Impervious","True Grit+1","Feel No Pain","Searing Blow+2","Spot Weakness","Disarm"],"relics":["Burning Blood","War Paint","Eternal Feather","Strawberry","Omamori"],"acts_visited":["Exordium"],"potions_floor_usage":[8,8,12,13,16],"damage_taken":[{"damage":1,"enemies":"Cultist","floor":1,"turns":3},{"damage":7,"enemies":"Jaw Worm","floor":2,"turns":2},{"damage":7,"enemies":"Small Slimes","floor":3,"turns":3},{"damage":14,"enemies":"Exordium Thugs","floor":4,"turns":8},{"damage":23,"enemies":"3 Sentries","floor":6,"turns":7},{"damage":26,"enemies":"Gremlin Nob","floor":8,"turns":5},{"damage":12,"enemies":"Lagavulin","floor":10,"turns":7},{"damage":12,"enemies":"3 Louse","floor":11,"turns":4},{"damage":1,"enemies":"2 Fungi Beasts","floor":12,"turns":2},{"damage":14,"enemies":"Exordium Wildlife","floor":13,"turns":5},{"damage":20,"enemies":"Hexaghost","floor":16,"turns":9}],"seed_played":"-123908261170410118","potions_obtained":[{"floor":2,"key":"ElixirPotion"},{"floor":8,"key":"SmokeBomb"},{"floor":10,"key":"Energy Potion"},{"floor":12,"key":"Energy Potion"},{"floor":13,"key":"Energy Potion"}],"is_trial":false,"path_per_floor":["M","M","M","M","$","E","R","E","T","E","M","M","M","?","R","B"],"character_chosen":"IRONCLAD","items_purchased":["Feel No Pain","SteroidPotion"],"campfire_rested":0,"item_purchase_floors":[5,5],"current_hp_per_floor":[73,72,71,63,63,46,46,26,33,27,21,26,18,11,20,0,0],"gold":212,"neow_bonus":"ONE_RANDOM_RARE_CARD","is_daily":false,"chose_seed":false,"campfire_upgraded":2,"win_rate":0.0,"timestamp":1611393650,"path_taken":["M","M","M","M","$","E","R","E","T","E","M","M","?","?","R","BOSS"],"items_purchased_type":["Card","Potion"],"build_version":"2020-12-22","purchased_purges":0,"victory":false,"max_hp_per_floor":[75,75,75,75,75,75,75,75,82,82,82,82,82,82,82,82,82],"card_choices":[{"not_picked":["Clothesline","Twin Strike"],"picked":"Pommel Strike","floor":1},{"not_picked":["Body Slam","Hemokinesis"],"picked":"Cleave","floor":2},{"not_picked":["Perfected Strike","True Grit"],"picked":"Impervious","floor":3},{"not_picked":["Metallicize","Iron Wave"],"picked":"True Grit","floor":4},{"not_picked":["Anger","Clash"],"picked":"Searing Blow","floor":6},{"not_picked":["Wild Strike","Havoc"],"picked":"Spot Weakness","floor":8},{"not_picked":["Flex","Perfected Strike","Iron Wave"],"picked":"SKIP","floor":10},{"not_picked":["Havoc","Bloodletting","Dual Wield"],"picked":"SKIP","floor":11},{"not_picked":["True Grit","Sword Boomerang","Pommel Strike"],"picked":"SKIP","floor":12},{"not_picked":["Heavy Blade","Rampage"],"picked":"Disarm","floor":13}],"player_experience":260169,"relics_obtained":[{"floor":6,"key":"War Paint"},{"floor":8,"key":"Eternal Feather"},{"floor":9,"key":"Strawberry"},{"floor":10,"key":"Omamori"}],"event_choices":[{"cards_removed":["Strike_R"],"damage_healed":0,"gold_gain":0,"player_choice":"Card Removal","damage_taken":7,"max_hp_gain":0,"max_hp_loss":0,"event_name":"Golden Wing","floor":14,"gold_loss":0}],"is_beta":false,"boss_relics":[],"items_purged_floors":[],"is_endless":false,"potions_floor_spawned":[2,8,10,12,13],"killed_by":"Hexaghost","ascension_level":19}}