{"host":"r10yh36zs2k9z1sa","time":1611439163,"event":{"mods":["AchievementEnabler","Act Like it!","Aspiration","Astrologer","BaseMod","Colored Map","Conspire","Decade(¤ý¤p©ú)","Gensokyo","Hermit","Highlight Path","KinomotoSakuraMod(¤ì¤§¥»?)","Koishi","KomeijiMod","Marisa¡]Ãú«B¡@Å]²z¨F¡^","Minty Spire (QoL Compilation)","Permanent Neow","Quick Restart","Reimu¡]³Õ???¡^","Remilia¡]Á¢¦Ì²ú?¡^","StSLib","SuperFastMode","The Administrix","The Blackbeard","The Bug Knight","The Cursed","The Gatherer","The Marked","The Mystic","The Saiyan","The Senshi","The Servant 0.9.4","Youmu¡]»î¾z§¯?¡^","Yuri Mod","Yuyuko"],"gold_per_floor":[112,130,130,144,158,158,185,185,185,216,231,248,264,283,283,384,384,400,400,400,400,400,400,400,400],"floor_reached":24,"language":"ZHS","playtime":1499,"items_purged":[],"score":218,"play_id":"23cda5a8-42aa-4ef1-b8ed-0a8bbf5f19c0","local_time":"20210124055923","is_ascension_mode":true,"campfire_choices":[{"data":"Koishi:HauntingSlash","floor":6,"key":"SMITH"},{"data":"Koishi:UnconsciousUrges","floor":15,"key":"SMITH"},{"data":"Koishi:Heartbroken","floor":23,"key":"SMITH"}],"circlet_count":0,"master_deck":["Koishi:BasicStrike","Koishi:BasicStrike","Koishi:BasicStrike","Koishi:BasicStrike","Koishi:BasicDefend","Koishi:BasicDefend","Koishi:BasicDefend","Koishi:BasicDefend","Koishi:Provoke","Koishi:HauntingSlash+1","Koishi:EmbryosDream","Koishi:EmbryosDream","Koishi:Provoke","Koishi:LastRemote","Koishi:FidgetySnatcher","Koishi:UnconsciousUrges+1","Koishi:DanmakuParanoia","Koishi:Heartbroken+1","Koishi:BloodcurdlingScream","Koishi:MentalBreakdown","Gensokyo:AllTheWorldsEvil"],"relics":["Koishi:ImaginaryFriend","aspiration:Nostalgia","Burning Blood","Bag of Preparation","Girya","MealTicket","aspiration:PoetsPen_weak","KyoryuNoHagoromo"],"acts_visited":["Exordium","Exordium"],"potions_floor_usage":[7,10,16,24],"damage_taken":[{"damage":0,"enemies":"Small Slimes","floor":1,"turns":4},{"damage":0,"enemies":"Cultist","floor":2,"turns":5},{"damage":2,"enemies":"2 Louse","floor":4,"turns":3},{"damage":7,"enemies":"Red Slaver","floor":5,"turns":5},{"damage":3,"enemies":"Lagavulin","floor":7,"turns":10},{"damage":46,"enemies":"Gremlin Nob","floor":10,"turns":6},{"damage":9,"enemies":"3 Louse","floor":11,"turns":8},{"damage":0,"enemies":"Looter","floor":12,"turns":4},{"damage":14,"enemies":"Large Slime","floor":13,"turns":10},{"damage":1,"enemies":"Lots of Slimes","floor":14,"turns":15},{"damage":31,"enemies":"Hexaghost","floor":16,"turns":15},{"damage":28,"enemies":"Gensokyo:3_Dogs","floor":18,"turns":13},{"damage":42,"enemies":"Gensokyo:Tenshi","floor":24,"turns":5}],"seed_played":"-6987185036149313589","potions_obtained":[{"floor":1,"key":"GrandPatriotsElixir:ReiMu"},{"floor":4,"key":"RedTea"},{"floor":5,"key":"ExcitationPotion"},{"floor":11,"key":"Fire Potion"},{"floor":13,"key":"RedTea"},{"floor":14,"key":"Explosive Potion"}],"is_trial":false,"path_per_floor":["M","M","?","M","M","R","E","?","T","E","M","M","M","M","R","B",null,"M","?","?","?","?","R","E"],"character_chosen":"KOISHI","items_purchased":[],"campfire_rested":0,"item_purchase_floors":[],"current_hp_per_floor":[60,60,60,60,60,60,60,70,70,32,33,41,35,46,46,29,70,56,56,56,56,56,56,14,14],"gold":400,"neow_bonus":"NOSTALGIA","is_daily":false,"chose_seed":false,"campfire_upgraded":3,"win_rate":0.0,"timestamp":1611439163,"path_taken":["M","M","?","M","?","R","E","?","T","E","M","M","M","M","R","BOSS","M","?","?","?","?","R","E"],"items_purchased_type":[],"build_version":"2020-12-22","purchased_purges":0,"victory":false,"max_hp_per_floor":[60,60,60,60,60,60,60,70,70,70,70,70,70,70,70,70,70,70,70,65,65,65,65,65,65],"card_choices":[{"not_picked":["Koishi:CatchAndRose","Koishi:FleetingPhantom"],"picked":"Koishi:EmbryosDream","floor":1},{"not_picked":["Koishi:CatchAndRose","Koishi:UnconsciousUprising"],"picked":"Koishi:EmbryosDream","floor":2},{"not_picked":["Koishi:SubconsciousSweep","Koishi:FleetingPhantom","Koishi:ReflexRadar"],"picked":"SKIP","floor":4},{"not_picked":["Koishi:PhantomBarrier","Koishi:EmbryosDream"],"picked":"Koishi:Ego","floor":5},{"not_picked":["Koishi:FreudianInstinct","Koishi:Jaunt"],"picked":"Koishi:FidgetySnatcher","floor":7},{"not_picked":["Koishi:CatchAndRose","Koishi:EmbersOfLove"],"picked":"Koishi:UnconsciousUrges","floor":10},{"not_picked":["Koishi:MindNumbingTerror","Koishi:SubterraneanRose","Koishi:PhantomBarrier"],"picked":"SKIP","floor":11},{"not_picked":["Koishi:PhantomStrike","Koishi:SubconsciousSweep"],"picked":"Koishi:Whimsy","floor":12},{"not_picked":["Koishi:CatchAndRose","Koishi:FidgetySnatcher","Koishi:VengefulSpirit"],"picked":"SKIP","floor":13},{"not_picked":["Koishi:CatchAndRose","Koishi:SpiritedAway"],"picked":"Koishi:DanmakuParanoia","floor":14},{"not_picked":["Koishi:FadingMemory","Koishi:RoseHell"],"picked":"Koishi:Heartbroken","floor":16},{"not_picked":["Koishi:PhantomStrike","Koishi:SubconsciousSweep"],"picked":"Koishi:BloodcurdlingScream","floor":18}],"player_experience":337764,"relics_obtained":[{"floor":7,"key":"Bag of Preparation"},{"floor":9,"key":"Girya"},{"floor":10,"key":"MealTicket"}],"event_choices":[{"damage_healed":0,"gold_gain":0,"player_choice":"2 cards matched","damage_taken":0,"max_hp_gain":0,"max_hp_loss":0,"event_name":"Match and Keep!","floor":3,"gold_loss":0,"cards_obtained":["Koishi:Provoke","Koishi:LastRemote"]},{"cards_removed":["Koishi:Ego"],"damage_healed":0,"gold_gain":0,"player_choice":"Offered Rare","damage_taken":0,"max_hp_gain":10,"max_hp_loss":0,"event_name":"Bonfire Elementals","floor":8,"gold_loss":0}],"is_beta":false,"boss_relics":[{"not_picked":["Black Star","SlaversCollar"],"picked":"aspiration:PoetsPen_weak"}],"items_purged_floors":[],"is_endless":false,"potions_floor_spawned":[1,4,5,11,13,14],"killed_by":"Gensokyo:Tenshi","ascension_level":1}}