{"host":"qsusua7l529r8z9k","time":1611416991,"event":{"mods":["Aspiration","BaseMod","Good Game Mod","Minty Spire (QoL Compilation)","Spicy Shops","StSLib"],"gold_per_floor":[114,114,39,51,70,70,100,100,100,127,145,161,161,179,179,256,256,274,274,324,224,238,238,238],"floor_reached":23,"language":"ZHS","playtime":717,"items_purged":["Strike_P","Strike_P"],"score":402,"play_id":"2126a7de-2421-4b34-a604-a88423380446","local_time":"20210123234951","is_ascension_mode":true,"campfire_choices":[{"data":"Eruption","floor":6.0,"key":"SMITH"},{"data":"Demon Form","floor":15.0,"key":"SMITH"}],"circlet_count":0,"master_deck":["AscendersBane","Strike_P","Defend_P","Defend_P","Defend_P","Defend_P","Eruption+1","Vigilance","Demon Form+1","FlurryOfBlows","DevaForm","SignatureMove","Fasting2","Tantrum","EmptyMind","Wish","Sanctity","WheelKick"],"relics":["PureWater","REME:ComplimentaryCards","aspiration:Nostalgia","Cracked Core","aspiration:ArtOfWarUpgrade","Mummified Hand","Toy Ornithopter","aspiration:PoetsPen_weak"],"acts_visited":["Exordium","TheCity"],"potions_floor_usage":[],"damage_taken":[{"damage":1.0,"enemies":"Cultist","floor":1.0,"turns":4.0},{"damage":0.0,"enemies":"Jaw Worm","floor":4.0,"turns":5.0},{"damage":3.0,"enemies":"2 Louse","floor":5.0,"turns":3.0},{"damage":16.0,"enemies":"Gremlin Nob","floor":7.0,"turns":3.0},{"damage":7.0,"enemies":"3 Sentries","floor":10.0,"turns":5.0},{"damage":0.0,"enemies":"2 Fungi Beasts","floor":11.0,"turns":3.0},{"damage":4.0,"enemies":"Lots of Slimes","floor":12.0,"turns":4.0},{"damage":8.0,"enemies":"Gremlin Gang","floor":14.0,"turns":4.0},{"damage":20.0,"enemies":"Slime Boss","floor":16.0,"turns":5.0},{"damage":29.0,"enemies":"2 Thieves","floor":18.0,"turns":3.0},{"damage":0.0,"enemies":"Chosen","floor":22.0,"turns":3.0},{"damage":12,"enemies":"Gremlin Leader","floor":23,"turns":1}],"seed_played":"-6786787695468690364","potions_obtained":[{"floor":5.0,"key":"EntropicBrew"},{"floor":10.0,"key":"Regen Potion"},{"floor":12.0,"key":"Block Potion"},{"floor":16.0,"key":"Dexterity Potion"},{"floor":18.0,"key":"PowerPotion"},{"floor":22.0,"key":"Energy Potion"}],"is_trial":false,"path_per_floor":["M","?","$","M","M","R","E","R","T","E","M","M","R","M","R","B",null,"M","?","?","$","M","E"],"character_chosen":"WATCHER","items_purchased":[],"campfire_rested":0,"item_purchase_floors":[],"current_hp_per_floor":[60,60,60,60,57,57,41,41,41,34,34,35,35,32,32,12,54,30,11,11,11,11,0,0],"gold":238,"neow_bonus":"NOSTALGIA","is_daily":false,"chose_seed":false,"campfire_upgraded":2,"win_rate":0.0,"timestamp":1611416991,"path_taken":["M","?","?","M","M","R","E","R","T","E","M","M","R","M","R","BOSS","M","?","?","$","M","E"],"items_purchased_type":[],"build_version":"2020-12-22","purchased_purges":2,"victory":false,"max_hp_per_floor":[68,68,68,68,68,68,68,68,68,68,68,68,68,68,68,68,68,68,73,73,73,73,73,73],"card_choices":[{"not_picked":["Wireheading","EmptyFist","ThirdEye"],"picked":"SKIP","floor":1.0},{"not_picked":["Evaluate","SashWhip"],"picked":"FlurryOfBlows","floor":4.0},{"not_picked":["ThirdEye","Consecrate"],"picked":"DevaForm","floor":5.0},{"not_picked":["BattleHymn","DeceiveReality"],"picked":"SignatureMove","floor":7.0},{"not_picked":["PathToVictory","Vengeance"],"picked":"Fasting2","floor":10.0},{"not_picked":["Worship","Crescendo","ThirdEye"],"picked":"SKIP","floor":11.0},{"not_picked":["Prostrate","ForeignInfluence"],"picked":"Tantrum","floor":12.0},{"not_picked":["Crescendo","Prostrate"],"picked":"EmptyMind","floor":14.0},{"not_picked":["ConjureBlade","Devotion"],"picked":"Wish","floor":16.0},{"not_picked":["EmptyFist","FollowUp+1"],"picked":"Sanctity","floor":18.0},{"not_picked":["ForeignInfluence","Weave"],"picked":"WheelKick","floor":22.0}],"player_experience":484761,"relics_obtained":[{"floor":7.0,"key":"Art of War"},{"floor":9.0,"key":"Mummified Hand"},{"floor":10.0,"key":"Toy Ornithopter"}],"event_choices":[{"cards_removed":["Strike_P"],"damage_healed":0.0,"max_hp_gain":0.0,"max_hp_loss":0.0,"gold_gain":0.0,"event_name":"Bonfire Elementals","player_choice":"Offered Basic","floor":2.0,"gold_loss":0.0,"damage_taken":0.0},{"damage_healed":0.0,"max_hp_gain":5.0,"max_hp_loss":0.0,"gold_gain":0.0,"event_name":"Forgotten Altar","player_choice":"Shed Blood","floor":19.0,"gold_loss":0.0,"damage_taken":24.0},{"damage_healed":0.0,"max_hp_gain":0.0,"max_hp_loss":0.0,"gold_gain":50.0,"event_name":"Nest","player_choice":"Stole From Cult","floor":20.0,"gold_loss":0.0,"damage_taken":0.0}],"is_beta":false,"boss_relics":[{"not_picked":["Tiny House","SacredBark"],"picked":"aspiration:PoetsPen_weak"}],"items_purged_floors":[3,21],"is_endless":false,"potions_floor_spawned":[5,10,12,16,18,22],"killed_by":"Gremlin Leader","ascension_level":20}}