{"host":"wogey4gsknv4ot2d","time":1611412807,"event":{"mods":["2.2 Compatiblity","AchievementEnabler","Alarm Clock","BaseMod","Bestiary","Better Match","Better Third Choice","Colored Map","Colored Powertips","Googly Eyes","Key Reminder","Minty Spire (QoL Compilation)","Permanent Neow","Rare Cards Sparkle","Relic Stats","StSLib"],"gold_per_floor":[109,109,109,120,45,45,78,78,78,94,105,434,434,451,451,553,603,617,627,243,243,243,274,274,274,274],"floor_reached":25,"language":"ENG","playtime":782,"items_purged":[],"score":265,"play_id":"bd6760e6-9d87-44f9-808e-b1199815194a","local_time":"20210123084007","is_ascension_mode":true,"campfire_choices":[{"floor":6,"key":"REST"},{"floor":8,"key":"RECALL"},{"floor":13,"key":"REST"},{"floor":15,"key":"REST"},{"floor":24,"key":"REST"}],"circlet_count":0,"master_deck":["Strike_G","Strike_G+1","Strike_G","Strike_G","Strike_G","Defend_G","Defend_G","Defend_G","Defend_G+1","Defend_G","Survivor","Neutralize","Leg Sweep","Blade Dance","Quick Slash","Flying Knee","Envenom","Deadly Poison","A Thousand Cuts","Noxious Fumes","Backflip","Bane","Corpse Explosion+1","Deadly Poison","Poisoned Stab","Backflip","Escape Plan"],"relics":["Ring of the Snake","Mango","Old Coin","Tiny House","InkBottle","Boot","Bag of Marbles"],"acts_visited":["Exordium","TheCity"],"potions_floor_usage":[7,11,16,16,16,23,23,23],"damage_taken":[{"damage":1,"enemies":"2 Louse","floor":1,"turns":3},{"damage":12,"enemies":"Small Slimes","floor":4,"turns":6},{"damage":32,"enemies":"Gremlin Nob","floor":7,"turns":5},{"damage":6,"enemies":"Cultist","floor":10,"turns":4},{"damage":11,"enemies":"Exordium Thugs","floor":11,"turns":3},{"damage":41,"enemies":"3 Sentries","floor":12,"turns":7},{"damage":19,"enemies":"2 Fungi Beasts","floor":14,"turns":4},{"damage":21,"enemies":"Hexaghost","floor":16,"turns":10},{"damage":25,"enemies":"Shell Parasite","floor":18,"turns":7},{"damage":27,"enemies":"Spheric Guardian","floor":19,"turns":5},{"damage":29,"enemies":"Slavers","floor":23,"turns":3},{"damage":65,"enemies":"Gremlin Leader","floor":25,"turns":3}],"seed_played":"5405145277366017879","potions_obtained":[{"floor":0,"key":"Poison Potion"},{"floor":0,"key":"EssenceOfSteel"},{"floor":0,"key":"Strength Potion"},{"floor":4,"key":"FairyPotion"},{"floor":11,"key":"FearPotion"},{"floor":12,"key":"Weak Potion"},{"floor":14,"key":"Regen Potion"},{"floor":17,"key":"BlessingOfTheForge"},{"floor":19,"key":"FearPotion"},{"floor":22,"key":"LiquidBronze"}],"is_trial":false,"path_per_floor":["M","$","?","M","?","R","E","R","T","M","M","E","R","M","R","B",null,"M","M","$","?","?","E","R","E"],"character_chosen":"THE_SILENT","items_purchased":["InkBottle","Boot"],"campfire_rested":4,"item_purchase_floors":[20,20],"current_hp_per_floor":[69,69,55,43,43,64,46,46,46,40,29,16,41,22,47,41,89,64,37,37,66,66,37,63,0,0],"gold":274,"neow_bonus":"THREE_SMALL_POTIONS","is_daily":false,"chose_seed":false,"campfire_upgraded":0,"win_rate":0.0,"timestamp":1611412807,"path_taken":["M","$","?","M","?","R","E","R","T","M","M","E","R","?","R","BOSS","M","M","$","?","?","E","R","E"],"items_purchased_type":["Relic","Relic"],"build_version":"2020-12-22","purchased_purges":0,"victory":false,"max_hp_per_floor":[70,70,70,70,70,70,84,84,84,84,84,84,84,84,84,84,89,89,89,89,89,89,89,89,89,89],"relic_stats":{"counters":[12,60],"Boot":[3],"obtain_stats":[{"keyreminder:keyreminder":7,"Tiny House":17,"Mango":7,"Bag of Marbles":23,"Boot":20,"InkBottle":20,"Ring of the Snake":0,"Old Coin":12},{"keyreminder:keyreminder":3,"Tiny House":8,"Mango":3,"Bag of Marbles":11,"Boot":10,"InkBottle":10,"Ring of the Snake":0,"Old Coin":6},{"keyreminder:keyreminder":14,"Tiny House":42,"Mango":14,"Bag of Marbles":57,"Boot":54,"InkBottle":54,"Ring of the Snake":0,"Old Coin":28}],"InkBottle":[1],"Ring of the Snake":[24]},"card_choices":[{"not_picked":["Sucker Punch","Prepared"],"picked":"Leg Sweep","floor":1},{"not_picked":["Underhanded Strike","Reflex"],"picked":"Blade Dance","floor":4},{"not_picked":["Backflip","Sucker Punch"],"picked":"Quick Slash","floor":5},{"not_picked":["Deflect","Blade Dance"],"picked":"Flying Knee","floor":5},{"not_picked":["Malaise","Unload"],"picked":"Envenom","floor":5},{"not_picked":["Flechettes","After Image"],"picked":"Deadly Poison","floor":7},{"not_picked":["Blade Dance","Deflect"],"picked":"A Thousand Cuts","floor":10},{"not_picked":["Dodge and Roll","Predator"],"picked":"Noxious Fumes","floor":11},{"not_picked":["Predator","Dagger Throw"],"picked":"Backflip","floor":12},{"not_picked":["Backflip","Deflect"],"picked":"Bane","floor":14},{"not_picked":["Malaise","Die Die Die"],"picked":"Corpse Explosion","floor":16},{"not_picked":["Footwork","Poisoned Stab"],"picked":"Deadly Poison","floor":17},{"not_picked":["Well Laid Plans","Dodge and Roll+1"],"picked":"Poisoned Stab","floor":18},{"not_picked":["Skewer","Caltrops+1"],"picked":"Backflip","floor":19},{"not_picked":["Blur","Night Terror"],"picked":"Escape Plan","floor":23}],"player_experience":72252,"relics_obtained":[{"floor":7,"key":"Mango"},{"floor":12,"key":"Old Coin"},{"floor":23,"key":"Bag of Marbles"}],"event_choices":[{"damage_healed":69,"gold_gain":0,"player_choice":"Upgrade","damage_taken":14,"max_hp_gain":0,"max_hp_loss":70,"event_name":"betterThird:BetterShining","floor":3,"gold_loss":0,"cards_upgraded":["Defend_G","Strike_G"]},{"damage_healed":0,"gold_gain":0,"player_choice":"1","damage_taken":0,"max_hp_gain":0,"max_hp_loss":0,"event_name":"betterMatch:BetterMatch","floor":5,"gold_loss":0,"cards_obtained":["betterMatch:CommonCard","betterMatch:CommonCard","betterMatch:RareCard"]},{"damage_healed":29,"gold_gain":0,"player_choice":"Heal","damage_taken":0,"max_hp_gain":0,"max_hp_loss":0,"event_name":"The Library","floor":21,"gold_loss":0},{"damage_healed":0,"gold_gain":0,"player_choice":"Got Potions","damage_taken":0,"max_hp_gain":0,"max_hp_loss":0,"event_name":"Lab","floor":22,"gold_loss":0}],"is_beta":false,"boss_relics":[{"not_picked":["Busted Crown","Snecko Eye"],"picked":"Tiny House"}],"items_purged_floors":[],"is_endless":false,"potions_floor_spawned":[4,11,12,14,19],"killed_by":"Gremlin Leader","ascension_level":1}}