{"host":"sian7qp8a9pc9xwd","time":1611382598,"event":{"mods":["BaseMod","Minty Spire (QoL Compilation)","StSLib","SuperFastMode"],"gold_per_floor":[113,129,28,28,41,41,6,6,6,6,32,42,77,87,87,185,185,199,199,199,42,53,53,85,85,85,0,0,20,20,20,20],"floor_reached":31,"language":"ENG","playtime":1287,"items_purged":["Writhe"],"score":407,"play_id":"f019e571-bcd5-4184-b0e2-8d2cdf4d044a","local_time":"20210123011638","is_ascension_mode":true,"campfire_choices":[{"data":"Entrench","floor":6.0,"key":"SMITH"},{"data":"Body Slam","floor":8.0,"key":"SMITH"},{"data":"Ghostly Armor","floor":10.0,"key":"SMITH"},{"data":"Armaments","floor":15.0,"key":"SMITH"},{"data":"Shrug It Off","floor":23.0,"key":"SMITH"},{"floor":25.0,"key":"REST"}],"circlet_count":0,"master_deck":["Strike_R","Strike_R","Strike_R+1","Defend_R","Defend_R","Defend_R","Bash","Hemokinesis+1","Entrench+1","Shrug It Off+1","Body Slam+1","Ghostly Armor+1","Iron Wave","Seeing Red+1","Armaments+1","Exhume+1","Writhe","True Grit+1","Warcry","Battle Trance+1"],"relics":["Black Blood","Pen Nib","Toy Ornithopter","Bag of Preparation","Strawberry","War Paint","Whetstone","Blood Vial"],"acts_visited":["Exordium","TheCity"],"potions_floor_usage":[28],"damage_taken":[{"damage":12.0,"enemies":"Small Slimes","floor":1.0,"turns":3.0},{"damage":5.0,"enemies":"2 Louse","floor":2.0,"turns":2.0},{"damage":2.0,"enemies":"Cultist","floor":5.0,"turns":3.0},{"damage":16.0,"enemies":"3 Sentries","floor":11.0,"turns":8.0},{"damage":2.0,"enemies":"Looter","floor":12.0,"turns":3.0},{"damage":13.0,"enemies":"Gremlin Nob","floor":13.0,"turns":3.0},{"damage":6.0,"enemies":"Large Slime","floor":14.0,"turns":6.0},{"damage":49.0,"enemies":"Hexaghost","floor":16.0,"turns":14.0},{"damage":20.0,"enemies":"Spheric Guardian","floor":18.0,"turns":6.0},{"damage":20.0,"enemies":"3 Byrds","floor":22.0,"turns":7.0},{"damage":38.0,"enemies":"Book of Stabbing","floor":24.0,"turns":6.0},{"damage":0,"enemies":"Slavers","floor":28,"turns":1},{"damage":22,"enemies":"Centurion and Healer","floor":29,"turns":8},{"damage":39,"enemies":"Book of Stabbing","floor":31,"turns":5}],"seed_played":"-963516912379961015","potions_obtained":[{"floor":1.0,"key":"Fire Potion"},{"floor":11.0,"key":"SpeedPotion"},{"floor":12.0,"key":"SmokeBomb"},{"floor":22.0,"key":"AttackPotion"}],"is_trial":false,"path_per_floor":["M","M","$","?","M","R","$","R","T","R","E","M","E","M","R","B",null,"M","?","?","$","M","R","E","R","T","?","E","M","?","E"],"character_chosen":"IRONCLAD","items_purchased":["Body Slam","Ghostly Armor","War Paint"],"campfire_rested":1,"item_purchase_floors":[3,7,21],"current_hp_per_floor":[66,67,67,60,64,64,64,64,64,64,54,58,56,56,56,13,63,55,62,62,62,54,54,33,59,59,59,78,70,53,16,16],"gold":20,"neow_bonus":"TRANSFORM_TWO_CARDS","is_daily":false,"chose_seed":false,"campfire_upgraded":5,"win_rate":0.0,"timestamp":1611382598,"path_taken":["M","M","$","?","M","R","$","R","T","R","E","M","E","M","R","BOSS","M","?","?","$","?","R","E","R","T","?","E","M","?","E"],"items_purchased_type":["Card","Card","Relic"],"build_version":"2020-12-22","purchased_purges":1,"victory":false,"max_hp_per_floor":[80,80,80,80,80,80,80,80,80,80,80,80,80,80,80,80,80,80,87,87,87,87,87,87,87,87,87,87,87,92,92,92],"card_choices":[{"not_picked":["Havoc","Spot Weakness","Fire Breathing"],"picked":"SKIP","floor":1.0},{"not_picked":["Cleave","Pummel"],"picked":"Shrug It Off","floor":2.0},{"not_picked":["Havoc","Wild Strike","Fire Breathing"],"picked":"SKIP","floor":5.0},{"not_picked":["Dual Wield","Inflame"],"picked":"Iron Wave","floor":11.0},{"not_picked":["Anger","Sword Boomerang"],"picked":"Seeing Red","floor":12.0},{"not_picked":["Twin Strike","Warcry"],"picked":"Armaments","floor":13.0},{"not_picked":["Blood for Blood","Evolve","Havoc"],"picked":"SKIP","floor":14.0},{"not_picked":["Demon Form","Feed"],"picked":"Exhume","floor":16.0},{"not_picked":["Havoc","Pommel Strike","Armaments"],"picked":"SKIP","floor":18.0},{"not_picked":["Anger","Wild Strike"],"picked":"True Grit+1","floor":22.0},{"not_picked":["Searing Blow","Juggernaut"],"picked":"Warcry","floor":24.0},{"not_picked":["Armaments+1","Burning Pact"],"picked":"Battle Trance+1","floor":29}],"player_experience":736936,"relics_obtained":[{"floor":9.0,"key":"Pen Nib"},{"floor":11.0,"key":"Toy Ornithopter"},{"floor":13.0,"key":"Bag of Preparation"},{"floor":24.0,"key":"Whetstone"},{"floor":26.0,"key":"Blood Vial"}],"event_choices":[{"cards_removed":["Strike_R"],"damage_healed":0.0,"max_hp_gain":0.0,"max_hp_loss":0.0,"gold_gain":0.0,"event_name":"Golden Wing","player_choice":"Card Removal","floor":4.0,"gold_loss":0.0,"damage_taken":7.0},{"damage_healed":0.0,"max_hp_gain":0.0,"max_hp_loss":0.0,"gold_gain":0.0,"event_name":"The Mausoleum","player_choice":"Opened","floor":19.0,"gold_loss":0.0,"damage_taken":0.0,"relics_obtained":["Strawberry"],"cards_obtained":["Writhe"]},{"damage_healed":0.0,"max_hp_gain":0.0,"max_hp_loss":0.0,"gold_gain":0.0,"event_name":"Match and Keep!","player_choice":"0 cards matched","floor":20.0,"gold_loss":0.0,"damage_taken":0.0,"cards_obtained":[]},{"damage_healed":0.0,"max_hp_gain":0.0,"max_hp_loss":0.0,"gold_gain":0.0,"event_name":"Masked Bandits","player_choice":"Paid Fearfully","floor":27.0,"gold_loss":85.0,"damage_taken":0.0},{"damage_healed":0,"gold_gain":0,"player_choice":"Shed Blood","damage_taken":22,"max_hp_gain":5,"max_hp_loss":0,"event_name":"Forgotten Altar","floor":30,"gold_loss":0}],"is_beta":false,"boss_relics":[{"not_picked":["SacredBark","Calling Bell"],"picked":"Black Blood"}],"items_purged_floors":[3],"is_endless":false,"potions_floor_spawned":[1,11,12,22,28],"killed_by":"Book of Stabbing","ascension_level":9}}