{"host":"efyizcsfl4z2taeg","time":1611420916,"event":{"mods":["BaseMod","Colored Map","Downfall","Hermit","Highlight Path","Infinite Spire","Marisa????????","Minty Spire (QoL Compilation)","Replay The Spire","StSLib","The Animator","The Cursed","The Disciple","The Jungle","The Servant 0.9.4"],"gold_per_floor":[119,119,136,150,162,162,176,176,176,176,192,212,226,301,301,404,404,329,11,11,11,11,11,11,11,11,11,11,11,11,11,11,11,11,11,11,11,11],"floor_reached":37,"language":"ENG","playtime":1854,"items_purged":["hermit:Strike_Hermit"],"score":633,"play_id":"e58ec62a-6cbb-4642-bb4c-6c206c3e7033","local_time":"20210123175516","is_ascension_mode":false,"campfire_choices":[{"data":"hermit:TakeAim","floor":6,"key":"SMITH"},{"data":"hermit:Combo","floor":8,"key":"SMITH"},{"data":"hermit:Snapshot","floor":10,"key":"SMITH"},{"floor":15,"key":"REST"},{"floor":25,"key":"REST"}],"circlet_count":0,"master_deck":["hermit:Strike_Hermit","hermit:Strike_Hermit","hermit:Defend_Hermit","hermit:Defend_Hermit","hermit:Defend_Hermit","hermit:Defend_Hermit","hermit:Snapshot+1","hermit:Covet","hermit:TakeAim+1","hermit:Desperado","hermit:Headshot","hermit:Spite","hermit:Dive+1","hermit:Combo+1","hermit:Magnum","hermit:Malice","hermit:Roughhouse","hermit:DeadOrAlive","hermit:Enervate","hermit:Manifest","hermit:Coalescence+1","ReplayTheSpireMod:Restless Dread","Looming Evil","infinitespire:Starlight+1","hermit:GoldenBullet","hermit:Grudge","hermit:FatalDesire","Regret","Regret","Clumsy"],"relics":["hermit:Momento","Bottled Tornado","Ectoplasm","infinitespire:Broken Mirror","infinitespire:WardingShard","infinitespire:Bottled Soul","Ancient Tea Set","infinitespire:EvilPickle","Replay:Ancient Bell","Pen Nib","infinitespire:FocusingShard","Ginger"],"acts_visited":["Exordium","TheCity","TheBeyond"],"potions_floor_usage":[16,16,16,31,33,33],"damage_taken":[{"damage":8,"enemies":"Jaw Worm","floor":1,"turns":3},{"damage":3,"enemies":"Cultist","floor":3,"turns":3},{"damage":4,"enemies":"Small Slimes","floor":4,"turns":3},{"damage":12,"enemies":"Exordium Thugs","floor":5,"turns":3},{"damage":12,"enemies":"Exordium Wildlife","floor":7,"turns":5},{"damage":8,"enemies":"Looter","floor":11,"turns":3},{"damage":6,"enemies":"Red Slaver","floor":12,"turns":3},{"damage":15,"enemies":"Exordium Wildlife","floor":13,"turns":2},{"damage":6,"enemies":"Hexaghost","floor":16,"turns":9},{"damage":22,"enemies":"2 Thieves","floor":18,"turns":4},{"damage":5,"enemies":"Spheric Guardian","floor":22,"turns":3},{"damage":42,"enemies":"Book of Stabbing","floor":23,"turns":6},{"damage":2,"enemies":"Snecko","floor":28,"turns":4},{"damage":39,"enemies":"Sentry and Sphere","floor":31,"turns":6},{"damage":65,"enemies":"Pondfish","floor":33,"turns":12},{"damage":10,"enemies":"Orb Walker","floor":35,"turns":3},{"damage":77,"enemies":"3 Shapes","floor":36,"turns":4},{"damage":8,"enemies":"Writhing Mass","floor":37,"turns":1}],"seed_played":"-1849964467478180946","potions_obtained":[{"floor":1,"key":"Weak Potion"},{"floor":7,"key":"hermit:Eclipse"},{"floor":13,"key":"Dexterity Potion"},{"floor":16,"key":"Elixir"},{"floor":23,"key":"ColorlessPotion"},{"floor":28,"key":"Explosive Potion"},{"floor":31,"key":"LiquidBronze"}],"is_trial":false,"path_per_floor":["M","?","M","M","M","R","M","R","T","R","M","M","M","?","R","B",null,"M","$","?","$","M","E","?","R","T","?","M","$","T","M","R_BF","B",null,"M","M","M"],"character_chosen":"HERMIT","items_purchased":["infinitespire:Broken Mirror"],"campfire_rested":2,"item_purchase_floors":[19],"current_hp_per_floor":[74,74,71,67,55,55,43,43,43,43,35,29,14,3,27,21,82,60,60,60,60,55,13,13,37,37,37,50,50,50,26,50,15,82,72,5,0,0],"gold":11,"neow_bonus":"TEN_PERCENT_HP_BONUS","is_daily":false,"chose_seed":false,"campfire_upgraded":3,"win_rate":0.0,"timestamp":1611420916,"path_taken":["M","?","?","?","M","R","M","R","T","R","?","M","M","?","R","BOSS","M","$","?","?","?","E","?","R","T","?","?","?","?","M","R_BF","BOSS","M","M","?"],"items_purchased_type":["Relic"],"build_version":"2020-12-22","purchased_purges":1,"victory":false,"max_hp_per_floor":[82,82,82,82,82,82,82,82,82,82,82,82,82,82,82,82,82,82,82,82,82,82,82,82,82,82,82,82,82,82,82,82,82,82,82,82,82,82],"card_choices":[{"not_picked":["hermit:Desperado","hermit:Snipe"],"picked":"hermit:TakeAim","floor":1},{"not_picked":["hermit:LoneWolf","hermit:Spite"],"picked":"hermit:Headshot","floor":3},{"not_picked":["hermit:HoleUp","hermit:SprayPray"],"picked":"hermit:Spite","floor":4},{"not_picked":["hermit:Ricochet","hermit:LoneWolf"],"picked":"hermit:Dive","floor":5},{"not_picked":["hermit:Glare","hermit:Midnight"],"picked":"hermit:Combo","floor":7},{"not_picked":["hermit:HoleUp","hermit:Headshot"],"picked":"hermit:Magnum","floor":11},{"not_picked":["hermit:Midnight","hermit:Misfire"],"picked":"hermit:Malice","floor":12},{"not_picked":["hermit:LoneWolf","hermit:Coalescence"],"picked":"hermit:Roughhouse","floor":13},{"not_picked":["hermit:Magnum","hermit:Dissolve"],"picked":"hermit:DeadOrAlive","floor":16},{"not_picked":["hermit:Dive","hermit:Combo+1"],"picked":"hermit:Enervate","floor":18},{"not_picked":["hermit:NoHoldsBarred+1","hermit:Spite"],"picked":"hermit:Manifest","floor":22},{"not_picked":["hermit:Roulette+1","hermit:SprayPray"],"picked":"hermit:Coalescence+1","floor":23},{"not_picked":["ReplayTheSpireMod:Chaos Vortex","infinitespire:Menacing"],"picked":"infinitespire:Starlight","floor":24},{"not_picked":["hermit:NoHoldsBarred","hermit:Feint"],"picked":"hermit:GoldenBullet","floor":28},{"not_picked":["hermit:Malice","hermit:SprayPray"],"picked":"hermit:Grudge","floor":31},{"not_picked":["hermit:FinalCanter","hermit:Adapt"],"picked":"hermit:FatalDesire","floor":33},{"not_picked":["hermit:ImpendingDoom","Amnesia"],"picked":"Regret","floor":34},{"not_picked":["Pain","Hallucinations"],"picked":"Regret","floor":34},{"not_picked":["Normality","Replay:Hysterical Blindness"],"picked":"Clumsy","floor":34},{"not_picked":["hermit:LowProfile","hermit:SprayPray+1","hermit:NoHoldsBarred+1"],"picked":"SKIP","floor":35},{"not_picked":["hermit:Cheat+1","hermit:LowProfile+1","hermit:Desperado+1"],"picked":"SKIP","floor":36}],"player_experience":601347,"relics_obtained":[{"floor":9,"key":"Bottled Tornado"},{"floor":23,"key":"infinitespire:WardingShard"},{"floor":26,"key":"infinitespire:Bottled Soul"},{"floor":30,"key":"Ancient Tea Set"}],"event_choices":[{"damage_healed":0,"gold_gain":0,"cards_transformed":["hermit:Strike_Hermit"],"player_choice":"Transformed","damage_taken":0,"max_hp_gain":0,"max_hp_loss":0,"event_name":"Transmorgrifier","floor":2,"gold_loss":0,"cards_obtained":["hermit:Desperado"]},{"damage_healed":0,"gold_gain":75,"player_choice":"Gather Gold","damage_taken":11,"max_hp_gain":0,"max_hp_loss":0,"event_name":"World of Goop","floor":14,"gold_loss":0},{"damage_healed":0,"gold_gain":0,"player_choice":"Ignored","damage_taken":0,"max_hp_gain":0,"max_hp_loss":0,"event_name":"Golden Shrine","floor":20,"gold_loss":0},{"damage_healed":0,"gold_gain":0,"player_choice":"Upgraded","damage_taken":0,"max_hp_gain":0,"max_hp_loss":0,"event_name":"Upgrade Shrine","floor":27,"gold_loss":0,"cards_upgraded":["infinitespire:Starlight"]}],"is_beta":false,"boss_relics":[{"not_picked":["Snecko Eye","hermit:ClaspedLocket"],"picked":"Ectoplasm"},{"not_picked":["Empty Cage","Replay:Bronze Core"],"picked":"Replay:Ancient Bell"},{"not_picked":["Omamori","ReplayFunnel"],"picked":"Pen Nib"},{"not_picked":["infinitespire:BottledMercury","Toxic Egg 2"],"picked":"infinitespire:FocusingShard"},{"not_picked":["infinitespire:Lychee Nut","Incense Burner"],"picked":"Ginger"}],"items_purged_floors":[19],"is_endless":false,"potions_floor_spawned":[1,7,13,16,23,28,31],"killed_by":"Writhing Mass","ascension_level":0}}