{"host":"c52z9ixzgdjttcmx","time":1611442235,"event":{"mods":["BaseMod","Colored Powertips","Downfall","Filter the Spire","Minty Spire (QoL Compilation)","Rare Cards Sparkle","Relic Stats","StSLib"],"gold_per_floor":[119,130,146,162,176,176,351,351,400,400,51,81,81,104,104,207,207,225,238,250,250,1,1,33,47,47,47,47],"floor_reached":27,"language":"ENG","playtime":1897,"items_purged":["Strike_B"],"score":258,"play_id":"b6d2dca7-368c-4187-8106-c96fe0b3d9c3","local_time":"20210123165035","is_ascension_mode":false,"campfire_choices":[{"data":"Echo Form","floor":6,"key":"SMITH"},{"data":"Zap","floor":8,"key":"SMITH"},{"data":"Defragment","floor":10,"key":"SMITH"},{"floor":15,"key":"REST"},{"floor":23,"key":"REST"}],"circlet_count":0,"master_deck":["Zap+1","Dualcast","Streamline","Conserve Battery","Coolheaded","Go for the Eyes","Defragment+1","Echo Form+1","Doubt","Ball Lightning","Finesse","Turbo","Multi-Cast","Machine Learning","FTL","Capacitor","Reinforced Body","Stack","Auto Shields","Stack","Cold Snap","Undo","Fusion+1","Necronomicurse","Glacier","Hello World","Consume","Coolheaded"],"relics":["Cracked Core","Nunchaku","Pear","Potion Belt","Pandora\u0027s Box","Necronomicon","Medical Kit","Smiling Mask","Meat on the Bone"],"acts_visited":["Exordium","TheCity"],"potions_floor_usage":[14,18,24,24,25],"damage_taken":[{"damage":3,"enemies":"Small Slimes","floor":1,"turns":3},{"damage":6,"enemies":"Jaw Worm","floor":2,"turns":2},{"damage":0,"enemies":"Cultist","floor":3,"turns":3},{"damage":13,"enemies":"Blue Slaver","floor":4,"turns":3},{"damage":1,"enemies":"2 Fungi Beasts","floor":5,"turns":4},{"damage":12,"enemies":"Lagavulin","floor":12,"turns":7},{"damage":23,"enemies":"Hexaghost","floor":16,"turns":11},{"damage":16,"enemies":"Shell Parasite","floor":18,"turns":6},{"damage":24,"enemies":"3 Byrds","floor":19,"turns":5},{"damage":6,"enemies":"Cultist and Chosen","floor":20,"turns":7},{"damage":40,"enemies":"Slavers","floor":24,"turns":8},{"damage":11,"enemies":"3 Cultists","floor":25,"turns":8},{"damage":5,"enemies":"Chosen and Byrds","floor":27,"turns":3}],"seed_played":"-2476725745976334118","potions_obtained":[{"floor":2,"key":"Fire Potion"},{"floor":5,"key":"SkillPotion"},{"floor":16,"key":"BlessingOfTheForge"},{"floor":20,"key":"hexamod:SoulburnPotion"},{"floor":24,"key":"EssenceOfSteel"},{"floor":25,"key":"BlessingOfTheForge"}],"is_trial":false,"path_per_floor":["M","M","M","M","M","R","?","R","T","R","$","E","?","T","R","B",null,"M","M","M","?","$","R","E","M","T","M"],"character_chosen":"DEFECT","items_purchased":["Ball Lightning","Fruit Juice","Finesse","Turbo","Glacier","Medical Kit","Hello World"],"campfire_rested":2,"item_purchase_floors":[11,11,11,11,22,22,22],"current_hp_per_floor":[72,66,66,53,52,52,52,52,52,52,52,50,43,48,75,52,90,74,50,44,28,28,55,15,4,4,0,0],"gold":47,"neow_bonus":"THREE_CARDS","is_daily":false,"chose_seed":false,"campfire_upgraded":3,"win_rate":0.0,"timestamp":1611442235,"path_taken":["M","M","M","M","M","R","?","R","T","R","$","E","?","?","R","BOSS","M","M","M","?","$","R","E","M","T","M"],"items_purchased_type":["Card","Potion","Card","Card","Card","Relic","Card"],"build_version":"2020-12-22","purchased_purges":1,"victory":false,"max_hp_per_floor":[75,75,75,75,75,75,75,75,75,75,75,85,85,90,90,90,90,90,90,90,90,90,90,90,90,90,90,90],"relic_stats":{"Nunchaku":[7],"counters":[13,70],"Pandora\u0027s Box":["FTL","Capacitor","Reinforced Body","Stack","Auto Shields","Stack"],"Necronomicon":[2],"Medical Kit":[4],"Smiling Mask":0,"obtain_stats":[{"Potion Belt":14,"Nunchaku":9,"Pear":12,"Pandora\u0027s Box":17,"Necronomicon":21,"Cracked Core":0,"Medical Kit":22,"Smiling Mask":24,"Meat on the Bone":26},{"Potion Belt":6,"Nunchaku":5,"Pear":6,"Pandora\u0027s Box":7,"Necronomicon":10,"Cracked Core":0,"Medical Kit":10,"Smiling Mask":11,"Meat on the Bone":12},{"Potion Belt":22,"Nunchaku":15,"Pear":22,"Pandora\u0027s Box":33,"Necronomicon":51,"Cracked Core":0,"Medical Kit":51,"Smiling Mask":59,"Meat on the Bone":67}],"Meat on the Bone":0},"card_choices":[{"not_picked":["Coolheaded","Hologram"],"picked":"Streamline","floor":0},{"not_picked":["Redo","Streamline"],"picked":"Conserve Battery","floor":1},{"not_picked":["Skim","Steam"],"picked":"Coolheaded","floor":2},{"not_picked":["Conserve Battery","Turbo"],"picked":"Go for the Eyes","floor":3},{"not_picked":["Rebound","Force Field"],"picked":"Defragment","floor":4},{"not_picked":["Ball Lightning","Sweeping Beam"],"picked":"Echo Form","floor":5},{"not_picked":["Reprogram","Thunder Strike"],"picked":"Multi-Cast","floor":12},{"not_picked":["Hyperbeam","Echo Form"],"picked":"Machine Learning","floor":16},{"not_picked":["Rebound+1","Loop"],"picked":"Cold Snap","floor":18},{"not_picked":["Conserve Battery","Hologram"],"picked":"Undo","floor":19},{"not_picked":["Blizzard","Conserve Battery"],"picked":"Fusion+1","floor":20},{"not_picked":["Capacitor","Go for the Eyes"],"picked":"Consume","floor":24},{"not_picked":["Beam Cell+1","Leap"],"picked":"Coolheaded","floor":25}],"player_experience":3322480,"relics_obtained":[{"floor":9,"key":"Nunchaku"},{"floor":12,"key":"Pear"},{"floor":14,"key":"Potion Belt"},{"floor":21,"key":"Necronomicon"},{"floor":24,"key":"Smiling Mask"},{"floor":26,"key":"Meat on the Bone"}],"event_choices":[{"damage_healed":0,"gold_gain":175,"player_choice":"AGREE","damage_taken":0,"max_hp_gain":0,"max_hp_loss":0,"event_name":"Liars Game","floor":7,"gold_loss":0,"cards_obtained":["Doubt"]},{"cards_removed":["Strike_B"],"damage_healed":0,"gold_gain":0,"player_choice":"Card Removal","damage_taken":7,"max_hp_gain":0,"max_hp_loss":0,"event_name":"Golden Wing","floor":13,"gold_loss":0},{"damage_healed":0,"gold_gain":0,"player_choice":"Obtained Book","damage_taken":16,"max_hp_gain":0,"max_hp_loss":0,"event_name":"Cursed Tome","floor":21,"gold_loss":0}],"is_beta":false,"boss_relics":[{"not_picked":["Philosopher\u0027s Stone","Runic Pyramid"],"picked":"Pandora\u0027s Box"}],"items_purged_floors":[11],"is_endless":false,"potions_floor_spawned":[2,5,16,20,24,25],"killed_by":"Chosen and Byrds","ascension_level":0}}