{"host":"4rvakrj1idbgia3f","time":1611408045,"event":{"mods":["BaseMod","Colored Map","Colored Powertips","DeckTracker","Highlight Path","Minty Spire (QoL Compilation)","Random Character Button","StSLib"],"gold_per_floor":[118,133,133,146,166,166,8,8,58,68,68,68],"floor_reached":11,"language":"JPN","playtime":319,"items_purged":["Defend_G"],"score":130,"play_id":"5629d3c7-6057-4896-82cd-20f4df06cec6","local_time":"20210123222045","is_ascension_mode":true,"campfire_choices":[{"data":"Dagger Spray","floor":6,"key":"SMITH"},{"data":"Footwork","floor":8,"key":"SMITH"}],"circlet_count":0,"master_deck":["AscendersBane","Strike_G","Strike_G","Strike_G","Strike_G","Strike_G","Defend_G","Defend_G","Defend_G","Defend_G","Survivor","Neutralize","Dagger Spray+1","Flechettes","Footwork+1","Infinite Blades","Escape Plan","Predator"],"relics":["Ring of the Snake","NeowsBlessing","Art of War"],"acts_visited":["Exordium"],"potions_floor_usage":[5,11],"damage_taken":[{"damage":0,"enemies":"Small Slimes","floor":1,"turns":1},{"damage":0,"enemies":"Cultist","floor":2,"turns":1},{"damage":0,"enemies":"2 Louse","floor":4,"turns":1},{"damage":3,"enemies":"Large Slime","floor":5,"turns":8},{"damage":14,"enemies":"Exordium Thugs","floor":10,"turns":7},{"damage":45,"enemies":"Gremlin Nob","floor":11,"turns":4}],"seed_played":"-1868889951523732279","potions_obtained":[{"floor":1,"key":"Block Potion"},{"floor":2,"key":"EssenceOfSteel"},{"floor":3,"key":"GamblersBrew"},{"floor":3,"key":"SpeedPotion"},{"floor":4,"key":"GhostInAJar"}],"is_trial":false,"path_per_floor":["M","M","?","M","M","R","$","R","T","M","E"],"character_chosen":"THE_SILENT","items_purchased":["Escape Plan"],"campfire_rested":0,"item_purchase_floors":[7],"current_hp_per_floor":[59,59,59,59,56,56,56,56,56,42,0,0],"gold":68,"neow_bonus":"THREE_ENEMY_KILL","is_daily":false,"chose_seed":false,"campfire_upgraded":2,"win_rate":0.0,"timestamp":1611408045,"path_taken":["M","M","?","M","M","R","$","R","T","M","E"],"items_purchased_type":["Card"],"build_version":"2020-12-22","purchased_purges":1,"victory":false,"max_hp_per_floor":[66,66,66,66,66,66,66,66,66,66,66,66],"card_choices":[{"not_picked":["Choke","Acrobatics"],"picked":"Dagger Spray","floor":1},{"not_picked":["Sucker Punch","Bane"],"picked":"Flechettes","floor":2},{"not_picked":["Choke","Bane"],"picked":"Footwork","floor":4},{"not_picked":["Acrobatics","All Out Attack"],"picked":"Infinite Blades","floor":5},{"not_picked":["Cloak And Dagger","Slice"],"picked":"Predator","floor":10}],"player_experience":2073055,"relics_obtained":[{"floor":9,"key":"Art of War"}],"event_choices":[{"damage_healed":0,"gold_gain":0,"player_choice":"Got Potions","damage_taken":0,"max_hp_gain":0,"max_hp_loss":0,"event_name":"Lab","floor":3,"gold_loss":0}],"is_beta":false,"boss_relics":[],"items_purged_floors":[7],"is_endless":false,"potions_floor_spawned":[1,2,4],"killed_by":"Gremlin Nob","ascension_level":20}}