{"host":"swphzoo6hmc78epl","time":1611435836,"event":{"mods":["BaseMod","Highlight Path","Minty Spire (QoL Compilation)","Quick Restart"],"gold_per_floor":[113,131,147,147,147,147,157,157,157,169,182,196,33,45,45,140,140,152,152,172,184,37,37,37],"floor_reached":23,"language":"ENG","playtime":753,"items_purged":["Strike_P","Strike_P"],"score":234,"play_id":"509ee55e-5402-45a4-a73c-6ece63b750f7","local_time":"20210123160356","is_ascension_mode":true,"campfire_choices":[{"data":"SignatureMove","floor":6.0,"key":"SMITH"},{"data":"Tantrum","floor":15,"key":"SMITH"}],"circlet_count":0,"master_deck":["Strike_P","Strike_P","Defend_P","Defend_P","Defend_P","Defend_P","Eruption","Vigilance","CutThroughFate","SignatureMove+1","Halt","JustLucky","Consecrate","SashWhip","Tantrum+1","ConjureBlade","FlurryOfBlows","ReachHeaven","FlurryOfBlows+1"],"relics":["Coffee Dripper","White Beast Statue","The Courier","Ice Cream","InkBottle","Membership Card","Sozu","Yang","Gremlin Horn"],"acts_visited":["Exordium","TheCity"],"potions_floor_usage":[12,16,16,21],"damage_taken":[{"damage":1.0,"enemies":"2 Louse","floor":1.0,"turns":3.0},{"damage":0.0,"enemies":"Jaw Worm","floor":2.0,"turns":2.0},{"damage":0.0,"enemies":"Cultist","floor":3.0,"turns":2.0},{"damage":0.0,"enemies":"Red Slaver","floor":7.0,"turns":1.0},{"damage":0.0,"enemies":"Exordium Thugs","floor":10.0,"turns":2.0},{"damage":0.0,"enemies":"3 Louse","floor":11.0,"turns":4.0},{"damage":0,"enemies":"Looter","floor":12,"turns":2},{"damage":0,"enemies":"2 Fungi Beasts","floor":14,"turns":2},{"damage":6,"enemies":"Hexaghost","floor":16,"turns":5},{"damage":10,"enemies":"Spheric Guardian","floor":18,"turns":3},{"damage":0,"enemies":"Shell Parasite","floor":20,"turns":2},{"damage":37,"enemies":"Centurion and Healer","floor":21,"turns":4},{"damage":18,"enemies":"Slavers","floor":23,"turns":1}],"seed_played":"-2271733738041028505","potions_obtained":[{"floor":1.0,"key":"GamblersBrew"},{"floor":7.0,"key":"ColorlessPotion"},{"floor":10.0,"key":"Strength Potion"},{"floor":11.0,"key":"SkillPotion"},{"floor":12,"key":"BlessingOfTheForge"},{"floor":14,"key":"DistilledChaos"},{"floor":16,"key":"DuplicationPotion"}],"is_trial":false,"path_per_floor":["M","M","M","?","T","R","M","?","T","M","M","M","$","M","R","B",null,"M","T","M","M","$","E"],"character_chosen":"WATCHER","items_purchased":["Membership Card","SashWhip","Gremlin Horn"],"campfire_rested":0,"item_purchase_floors":[13,13,22],"current_hp_per_floor":[71,71,71,46,46,46,46,46,46,46,46,46,46,46,46,40,64,54,54,54,17,17,0,0],"gold":37,"neow_bonus":"BOSS_RELIC","is_daily":false,"chose_seed":false,"campfire_upgraded":2,"win_rate":0.0,"timestamp":1611435836,"path_taken":["M","M","M","?","?","R","M","?","T","?","M","M","$","M","R","BOSS","M","?","M","M","?","E"],"items_purchased_type":["Relic","Card","Relic"],"build_version":"2020-12-22","purchased_purges":2,"victory":false,"max_hp_per_floor":[72,72,72,72,72,72,72,72,72,72,72,72,72,72,72,72,72,72,72,72,72,72,72,72],"card_choices":[{"not_picked":["Swivel","FollowUp"],"picked":"CutThroughFate","floor":1.0},{"not_picked":["Protect","DeceiveReality"],"picked":"SignatureMove","floor":2.0},{"not_picked":["ClearTheMind","FearNoEvil"],"picked":"PathToVictory","floor":3.0},{"not_picked":["Protect","Study"],"picked":"Halt","floor":7.0},{"not_picked":["Crescendo","Halt"],"picked":"JustLucky","floor":10.0},{"not_picked":["Sanctity","ClearTheMind"],"picked":"Consecrate","floor":11.0},{"not_picked":["EmptyFist","Sanctity","FlyingSleeves"],"picked":"SKIP","floor":12},{"not_picked":["Consecrate","WaveOfTheHand"],"picked":"Tantrum","floor":14},{"not_picked":["SpiritShield","Brilliance"],"picked":"ConjureBlade","floor":16},{"not_picked":["Crescendo","Prostrate"],"picked":"FlurryOfBlows","floor":18},{"not_picked":["Prostrate","SashWhip+1"],"picked":"ReachHeaven","floor":20},{"not_picked":["Protect","Pray+1"],"picked":"FlurryOfBlows+1","floor":21}],"player_experience":815701,"relics_obtained":[{"floor":5.0,"key":"The Courier"},{"floor":9.0,"key":"InkBottle"},{"floor":19,"key":"Yang"}],"event_choices":[{"damage_healed":0.0,"max_hp_gain":0.0,"max_hp_loss":0.0,"gold_gain":0.0,"event_name":"Scrap Ooze","player_choice":"Success","floor":4.0,"gold_loss":0.0,"damage_taken":25.0,"relics_obtained":["White Beast Statue"]},{"cards_removed":["PathToVictory"],"damage_healed":0.0,"max_hp_gain":0.0,"max_hp_loss":0.0,"gold_gain":0.0,"event_name":"WeMeetAgain","player_choice":"Gave Card","floor":8.0,"gold_loss":0.0,"damage_taken":0.0,"relics_obtained":["Ice Cream"]}],"is_beta":false,"boss_relics":[{"not_picked":["Tiny House","Runic Pyramid"],"picked":"Sozu"}],"items_purged_floors":[13,22],"is_endless":false,"potions_floor_spawned":[1,7,10,11,12,14,16,18,20,21],"killed_by":"Slavers","ascension_level":5}}