{"host":"owz3koe8l53nyxsy","time":1611404319,"event":{"mods":["BaseMod","Conspire","Minty Spire (QoL Compilation)","Replay The Spire","StSLib","SuperFastMode","[功能]功能增强和修复MOD"],"gold_per_floor":[116,116,116,146,34,34,61,38,50,79,12,27,27,47,47,340,340,358,358,358,378,378,378,408,441,468,468,468,468,468,468],"floor_reached":30,"language":"ZHS","playtime":968,"items_purged":["conspire:GhostlyStrike","conspire:GhostlyStrike","conspire:GhostlyDefend","conspire:GhostlyStrike","conspire:GhostlyDefend","Mirror Shield","Zap","Dualcast"],"score":353,"play_id":"970c2a1a-e2ab-4453-bdac-cde58a07c5a1","local_time":"20210123201839","is_ascension_mode":true,"campfire_choices":[{"data":"Hello World","floor":6,"key":"SMITH"},{"data":"Heatsinks","floor":13,"key":"SMITH"},{"data":"Defragment","floor":15,"key":"SMITH"},{"floor":23,"key":"REST"}],"circlet_count":0,"master_deck":["conspire:GhostlyDefend","Dualcast","Zap","Hello World+1","FIFO Queue","Heatsinks+1","Ball Lightning","Biased Cognition","Defragment+1","Beam Cell","ReplayTheSpireMod:Uncanny Aura","ReplayTheSpireMod:Repulse","Hyperbeam","Machine Learning","Electrodynamics","Replay:Hysterical Blindness","Skim","Ball Lightning+1"],"relics":["Cracked Core","Darkstone Periapt","MawBank","Replay:PocketPolymizer","Happy Flower","Busted Crown","WarpedTongs","Red Mask","Bird Faced Urn","Pet Ghost"],"acts_visited":["Exordium","TheCity"],"potions_floor_usage":[14,16,16,16],"damage_taken":[{"damage":7,"enemies":"Jaw Worm","floor":1,"turns":2},{"damage":29,"enemies":"conspire:MimicChest","floor":4,"turns":5},{"damage":35,"enemies":"Replay:BlueRogue","floor":7,"turns":5},{"damage":0,"enemies":"2 Louse","floor":10,"turns":2},{"damage":8,"enemies":"Small Slimes","floor":12,"turns":2},{"damage":7,"enemies":"2 Fungi Beasts","floor":14,"turns":2},{"damage":21,"enemies":"The Guardian","floor":16,"turns":7},{"damage":32,"enemies":"3 Byrds","floor":18,"turns":3},{"damage":45,"enemies":"2 Thieves","floor":21,"turns":3},{"damage":0,"enemies":"Masked Bandits","floor":24,"turns":2},{"damage":20,"enemies":"conspire:Head Lice","floor":25,"turns":4},{"damage":49,"enemies":"Book of Stabbing","floor":30,"turns":3}],"seed_played":"-7604262074023666562","potions_obtained":[{"floor":1,"key":"DistilledChaos"},{"floor":1,"key":"Swift Potion"},{"floor":10,"key":"SpeedPotion"},{"floor":14,"key":"Flashbang"},{"floor":16,"key":"FairyPotion"},{"floor":16,"key":"Swift Potion"},{"floor":18,"key":"Strength Potion"},{"floor":21,"key":"Swift Potion"},{"floor":25,"key":"Fire Potion"}],"is_trial":false,"path_per_floor":["M","?","?","?","$","R","E","?","T","M","$","M","R","M","R","B",null,"M","?","?","M","?","R","?","E","T","?","PTL","PTL","E"],"character_chosen":"DEFECT","items_purchased":["Heatsinks","Defragment"],"campfire_rested":1,"item_purchase_floors":[5,11],"current_hp_per_floor":[82,82,82,53,53,53,18,40,40,40,40,32,32,25,25,4,68,36,19,25,10,10,47,47,27,27,27,27,27,0,0],"gold":468,"neow_bonus":"TWENTY_PERCENT_HP_BONUS","is_daily":false,"chose_seed":false,"campfire_upgraded":3,"win_rate":0.0,"timestamp":1611404319,"path_taken":["M","?","?","?","$","R","E","?","T","M","?","?","R","M","R","BOSS","M","?","?","?","?","R","?","E","T","?","PTL","PTL","E"],"items_purchased_type":["Card","Card"],"build_version":"2020-12-22","purchased_purges":8,"victory":false,"max_hp_per_floor":[89,89,89,89,89,89,89,89,89,89,89,89,89,89,89,89,89,89,94,100,100,100,106,106,106,106,106,106,106,106,106],"card_choices":[{"not_picked":["Skim","Leap"],"picked":"Hello World","floor":1},{"not_picked":["Force Field","Streamline"],"picked":"FIFO Queue","floor":4},{"not_picked":["Redo","Compile Driver"],"picked":"Ball Lightning","floor":7},{"not_picked":["Static Discharge","Go for the Eyes"],"picked":"Biased Cognition","floor":10},{"not_picked":["ReplaySolidLightProjector","Time Bomb"],"picked":"Beam Cell","floor":12},{"not_picked":["ReplayTheSpireMod:Repulse","Stack"],"picked":"Gash","floor":14},{"not_picked":["Meteor Strike","All For One"],"picked":"Hyperbeam","floor":16},{"not_picked":["All For One","ReplayTheSpireMod:Omega Cannon"],"picked":"Machine Learning","floor":16},{"not_picked":["Biased Cognition","Reboot"],"picked":"Electrodynamics","floor":16},{"not_picked":["Blizzard"],"picked":"SKIP","floor":18},{"not_picked":["Doom and Gloom"],"picked":"SKIP","floor":21},{"not_picked":[],"picked":"Skim","floor":24},{"not_picked":[],"picked":"Ball Lightning+1","floor":25}],"player_experience":41586,"relics_obtained":[{"floor":4,"key":"Darkstone Periapt"},{"floor":7,"key":"MawBank"},{"floor":9,"key":"Replay:PocketPolymizer"},{"floor":16,"key":"Happy Flower"},{"floor":24,"key":"Red Mask"},{"floor":25,"key":"Bird Faced Urn"},{"floor":26,"key":"Pet Ghost"}],"event_choices":[{"damage_healed":0,"gold_gain":0,"cards_transformed":["Strike_B"],"player_choice":"Change","damage_taken":0,"max_hp_gain":0,"max_hp_loss":0,"event_name":"Living Wall","floor":2,"gold_loss":0,"cards_obtained":["Mirror Shield"]},{"damage_healed":0,"gold_gain":0,"player_choice":"Agree","damage_taken":0,"max_hp_gain":0,"max_hp_loss":0,"event_name":"conspire:LoneGhost","floor":3,"gold_loss":0},{"damage_healed":22,"gold_gain":0,"player_choice":"Healed","damage_taken":0,"max_hp_gain":0,"max_hp_loss":0,"event_name":"The Cleric","floor":8,"gold_loss":35},{"damage_healed":0,"gold_gain":0,"player_choice":"Shed Blood","damage_taken":22,"max_hp_gain":5,"max_hp_loss":0,"event_name":"Forgotten Altar","floor":19,"gold_loss":0},{"damage_healed":0,"gold_gain":0,"player_choice":"Rummage","damage_taken":0,"relics_obtained":["WarpedTongs"],"max_hp_gain":0,"max_hp_loss":0,"event_name":"Accursed Blacksmith","floor":20,"gold_loss":0,"cards_obtained":["Pain"]},{"damage_healed":0,"gold_gain":0,"player_choice":"Ignored","damage_taken":0,"max_hp_gain":0,"max_hp_loss":0,"event_name":"Vampires","floor":22,"gold_loss":0},{"damage_healed":0,"gold_gain":0,"player_choice":"Fought Bandits","damage_taken":0,"max_hp_gain":0,"max_hp_loss":0,"event_name":"Masked Bandits","floor":24,"gold_loss":0},{"damage_healed":0,"gold_gain":0,"player_choice":"Leave","damage_taken":0,"max_hp_gain":0,"max_hp_loss":0,"event_name":"conspire:Investor","floor":27,"gold_loss":0}],"is_beta":false,"boss_relics":[{"not_picked":["Replay:Wanted Poster","Replay:Bronze Core"],"picked":"Busted Crown"}],"items_purged_floors":[5,5,5,5,5,5,11,11],"is_endless":false,"potions_floor_spawned":[1,1,10,12,14,16,16,18,21,24,25,25],"killed_by":"Book of Stabbing","ascension_level":5}}