{"host":"yd6hhqps9de4qmof","time":1611404890,"event":{"mods":["BaseMod","Downfall","Hermit","Highlight Path","Jorbs\u0027s Wanderer Trilogy","Minty Spire (QoL Compilation)","Relic Stats","Robot Space Explorer","Shade Mod","StSLib","The Cursed","The Disciple","The Marked","The Servant 0.9.4"],"gold_per_floor":[110,135,163,163,185,185,215,215,263,72,72,104,147,173,173,292,292,325,370,393,413,337,337,337],"floor_reached":23,"language":"ENG","playtime":1407,"items_purged":["Strike_Br"],"score":226,"play_id":"8a1499d3-f8f4-4e08-833f-be075f4528ba","local_time":"20210123132810","is_ascension_mode":false,"campfire_choices":[{"floor":6,"key":"REST"},{"floor":8,"key":"REST"},{"floor":11,"key":"REST"},{"floor":15,"key":"REST"}],"circlet_count":0,"master_deck":["Defend_Br","Defend_Br","Defend_Br","Defend_Br","SecondHand","PatternShift","LockedMawBank","Engulf+1","LockedAnchor","CrunchTime","Parity","LockedAnchor","HandsUpC+1","ReapSow","WatchCommand","DaylightSavings","LockedScales","LockedBell","CrunchTime+1","Bite","Bite","Bite","Bite","Bite+1","BlueShift+1","ExoVibe+2","TiringSlam+1","LockedUrn","LockedBlood","LockedWhetstone"],"relics":["Chronometer","The Courier","Centennial Puzzle","CeramicFish","SlaversCollar","Whetstone","Orrery"],"acts_visited":["Exordium","TheCity"],"potions_floor_usage":[13,16,18,23,23],"damage_taken":[{"damage":1,"enemies":"2 Louse","floor":1,"turns":3},{"damage":13,"enemies":"Cultist","floor":2,"turns":5},{"damage":1,"enemies":"Jaw Worm","floor":3,"turns":4},{"damage":43,"enemies":"Exordium Thugs","floor":5,"turns":7},{"damage":26,"enemies":"Gremlin Nob","floor":7,"turns":5},{"damage":0,"enemies":"Looter","floor":12,"turns":3},{"damage":16,"enemies":"Lagavulin","floor":13,"turns":7},{"damage":8,"enemies":"3 Louse","floor":14,"turns":2},{"damage":39,"enemies":"Slime Boss","floor":16,"turns":11},{"damage":27,"enemies":"3 Byrds","floor":18,"turns":4},{"damage":10,"enemies":"Chosen","floor":21,"turns":5},{"damage":65,"enemies":"Gremlin Leader","floor":23,"turns":7}],"seed_played":"745710035103992563","potions_obtained":[{"floor":1,"key":"Dexterity Potion"},{"floor":5,"key":"LiquidMemories"},{"floor":14,"key":"hexamod:SoulburnPotion"},{"floor":16,"key":"ColorlessPotion"}],"is_trial":false,"path_per_floor":["M","M","M","?","M","R","E","R","T","$","R","M","E","M","R","B",null,"M","?","T","M","$","E"],"character_chosen":"CHRONO_CLASS","items_purchased":["LockedAnchor","HandsUpC","ReapSow","ColorlessPotion","Orrery"],"campfire_rested":4,"item_purchase_floors":[10,10,10,10,22],"current_hp_per_floor":[70,57,56,56,13,34,8,29,29,29,50,50,34,26,47,8,71,44,44,44,43,43,0,0],"gold":337,"neow_bonus":"TEN_PERCENT_HP_BONUS","is_daily":false,"chose_seed":false,"campfire_upgraded":0,"win_rate":0.0,"timestamp":1611404890,"path_taken":["M","M","M","?","M","R","E","R","T","$","R","?","E","?","R","BOSS","M","?","?","M","$","E"],"items_purchased_type":["Card","Card","Card","Potion","Relic"],"build_version":"2020-12-22","purchased_purges":1,"victory":false,"max_hp_per_floor":[71,71,71,71,71,71,71,71,71,71,71,71,71,71,71,71,71,71,49,49,49,49,49,49],"relic_stats":{"Centennial Puzzle":[18],"counters":[12,63],"CeramicFish":135,"Whetstone":["HandsUpC","Bite"],"obtain_stats":[{"SlaversCollar":17,"Centennial Puzzle":9,"Chronometer":0,"CeramicFish":13,"Orrery":22,"The Courier":7,"Whetstone":20},{"SlaversCollar":9,"Centennial Puzzle":5,"Chronometer":0,"CeramicFish":7,"Orrery":11,"The Courier":5,"Whetstone":10},{"SlaversCollar":47,"Centennial Puzzle":24,"Chronometer":0,"CeramicFish":34,"Orrery":56,"The Courier":24,"Whetstone":51}]},"card_choices":[{"not_picked":["Parity","AlternateTimeline"],"picked":"LockedMawBank","floor":1},{"not_picked":["Echoward","Break"],"picked":"Engulf","floor":2},{"not_picked":["LockedThread","Parity"],"picked":"LockedAnchor","floor":3},{"not_picked":["Engulf","LockedFlame"],"picked":"CrunchTime","floor":5},{"not_picked":["CrunchTime","WindUp"],"picked":"Parity","floor":7},{"not_picked":["Tempo","LockedAnchor"],"picked":"WatchCommand","floor":12},{"not_picked":["WakeUpCall","BiteCommand"],"picked":"DaylightSavings","floor":13},{"not_picked":["BackFourSeconds","LockedMawBank"],"picked":"LockedScales","floor":14},{"not_picked":["MasterKey","BackFourSeconds"],"picked":"LockedBell","floor":16},{"not_picked":["ExoVibe","WatchCommand"],"picked":"CrunchTime+1","floor":18},{"not_picked":["PrimeTime","Engulf"],"picked":"BlueShift+1","floor":21},{"not_picked":["HandsUpC","LockedBlood"],"picked":"ExoVibe+1","floor":22},{"not_picked":["ExoVibe","Engulf"],"picked":"TiringSlam+1","floor":22},{"not_picked":["FormalWear","SlimeSpray"],"picked":"LockedUrn","floor":22},{"not_picked":["LockedMedicine","PrimeTime+1"],"picked":"LockedBlood","floor":22},{"not_picked":["LockedTornado","Echonomics"],"picked":"LockedWhetstone","floor":22}],"player_experience":1166574,"relics_obtained":[{"floor":7,"key":"The Courier"},{"floor":9,"key":"Centennial Puzzle"},{"floor":13,"key":"CeramicFish"},{"floor":20,"key":"Whetstone"}],"event_choices":[{"damage_healed":0,"gold_gain":0,"player_choice":"Forge","damage_taken":0,"max_hp_gain":0,"max_hp_loss":0,"event_name":"Accursed Blacksmith","floor":4,"gold_loss":0,"cards_upgraded":["Engulf"]},{"damage_healed":0,"gold_gain":0,"player_choice":"Became a vampire","damage_taken":0,"max_hp_gain":0,"max_hp_loss":22,"event_name":"Vampires","floor":19,"gold_loss":0,"cards_obtained":["Bite","Bite","Bite","Bite","Bite"]}],"is_beta":false,"boss_relics":[{"not_picked":["Cursed Key","Astrolabe"],"picked":"SlaversCollar"}],"items_purged_floors":[10],"is_endless":false,"potions_floor_spawned":[1,5,12,14,16],"killed_by":"Gremlin Leader","ascension_level":0}}