{"host":"lreod2rejfd0az5i","time":1611444381,"event":{"mods":["AchievementEnabler","Aspiration","BaseMod","Colored Powertips","Conspire","Downfall","Highlight Path","Hubris","Infinite Spire","Mad Scientist","Minty Spire (QoL Compilation)","Rare Cards Sparkle","Relic Stats","Replay The Spire","StSLib","The Bug Knight","The Jungle"],"gold_per_floor":[115,40,40,50,50,50,83,96,175,187,187,35,35,35,35,110,160,172,190,201,0,15,65,65,65],"floor_reached":24,"language":"ENG","playtime":932,"items_purged":["Strike_G+1"],"score":442,"play_id":"d859ea8c-6aca-4ba0-83c7-46db88a9426d","local_time":"20210123162621","is_ascension_mode":true,"campfire_choices":[{"floor":6,"key":"REST"},{"data":"Sucker Punch","floor":11,"key":"SMITH"},{"data":"Slice","floor":15,"key":"SMITH"}],"circlet_count":0,"master_deck":["AscendersBane","Strike_G+1","Strike_G+1","Defend_G","Defend_G","Defend_G","Defend_G","Survivor","Neutralize","Backflip+1","Sucker Punch+1","Slice+1","Infinite Blades","Malaise","Blade Dance"],"relics":["Ring of the Snake","NeowsBlessing","Simple Rune","Kunai","Tiny House"],"acts_visited":["Exordium","TheCity"],"potions_floor_usage":[10,16,20,22,24],"damage_taken":[{"damage":0,"enemies":"2 Louse","floor":1,"turns":1},{"damage":0,"enemies":"Small Slimes","floor":4,"turns":1},{"damage":0,"enemies":"Lagavulin","floor":7,"turns":1},{"damage":1,"enemies":"Jaw Worm","floor":8,"turns":4},{"damage":0,"enemies":"Gremlin Gang","floor":10,"turns":7},{"damage":4,"enemies":"The Guardian","floor":16,"turns":15},{"damage":9,"enemies":"Shell Parasite","floor":18,"turns":8},{"damage":15,"enemies":"Spheric Guardian","floor":19,"turns":4},{"damage":3,"enemies":"Snake Plant","floor":20,"turns":8},{"damage":40,"enemies":"Cultist and Chosen","floor":22,"turns":7},{"damage":9,"enemies":"Book of Stabbing","floor":24,"turns":1}],"seed_played":"5937698943567638981","potions_obtained":[{"floor":4,"key":"Flashbang"},{"floor":8,"key":"Elixir"},{"floor":10,"key":"ColorlessPotion"},{"floor":17,"key":"GhostInAJar"},{"floor":18,"key":"Poison Potion"},{"floor":19,"key":"Guardian:BlockOnCardUsePotion"},{"floor":20,"key":"Milkshake"}],"is_trial":false,"path_per_floor":["M","?","?","M","?","R","E","M","T","M","R","$","?","$","R","B",null,"M","M","M","?","M","?","E"],"character_chosen":"THE_SILENT","items_purchased":["Infinite Blades"],"campfire_rested":1,"item_purchase_floors":[12],"current_hp_per_floor":[59,59,59,59,39,58,58,57,57,57,57,57,57,57,57,53,68,59,44,41,41,1,1,0,0],"gold":65,"neow_bonus":"THREE_ENEMY_KILL","is_daily":false,"chose_seed":false,"campfire_upgraded":2,"win_rate":0.0,"timestamp":1611444381,"path_taken":["M","?","?","M","?","R","E","M","T","M","R","$","?","$","R","BOSS","M","?","?","?","M","?","E"],"items_purchased_type":["Card"],"build_version":"2020-12-22","purchased_purges":1,"victory":false,"max_hp_per_floor":[66,66,66,66,66,66,66,66,66,66,66,66,66,66,66,66,71,71,71,71,71,71,71,71,71],"relic_stats":{"counters":[11,57],"Kunai":[39],"obtain_stats":[{"Tiny House":17,"NeowsBlessing":0,"Simple Rune":7,"Kunai":9,"Ring of the Snake":0},{"Tiny House":6,"NeowsBlessing":0,"Simple Rune":3,"Kunai":4,"Ring of the Snake":0},{"Tiny House":29,"NeowsBlessing":0,"Simple Rune":3,"Kunai":7,"Ring of the Snake":0}],"Ring of the Snake":[22]},"card_choices":[{"not_picked":["Quick Slash","Toxin Wave","Endless Agony"],"picked":"SKIP","floor":1},{"not_picked":["Flying Knee","Bane"],"picked":"Backflip","floor":4},{"not_picked":["ReplayTheSpireMod:Scrap Shanks","Outmaneuver"],"picked":"Sucker Punch","floor":7},{"not_picked":["Sucker Punch","Underhanded Strike","Replay:Bag of Tricks"],"picked":"SKIP","floor":8},{"not_picked":["hubris:Sniper","Setup","Slice"],"picked":"SKIP","floor":10},{"not_picked":["hubris:Sniper","Setup"],"picked":"Slice","floor":10},{"not_picked":["infinitespire:Neurotoxin","Doppelganger"],"picked":"Malaise","floor":16},{"not_picked":["Dagger Throw","Dagger Spray"],"picked":"Blade Dance","floor":18},{"not_picked":["Acrobatics","hubris:TrickCloak+1","Quick Slash"],"picked":"SKIP","floor":19},{"not_picked":["Doppelganger","PiercingWail","Dagger Throw"],"picked":"SKIP","floor":20},{"not_picked":["Concentrate+1","Quick Slash","Deadly Poison"],"picked":"SKIP","floor":22}],"player_experience":886504,"relics_obtained":[{"floor":7,"key":"Simple Rune"},{"floor":9,"key":"Kunai"}],"event_choices":[{"cards_removed":["Strike_G"],"damage_healed":0,"gold_gain":0,"player_choice":"Card Removal","damage_taken":0,"max_hp_gain":0,"max_hp_loss":0,"event_name":"The Cleric","floor":2,"gold_loss":75},{"damage_healed":0,"gold_gain":0,"player_choice":"Entered Light","damage_taken":20,"max_hp_gain":0,"max_hp_loss":0,"event_name":"Shining Light","floor":5,"gold_loss":0,"cards_upgraded":["Strike_G","Strike_G"]},{"cards_removed":["Strike_G"],"damage_healed":0,"gold_gain":0,"player_choice":"Card Removal","damage_taken":0,"max_hp_gain":0,"max_hp_loss":0,"event_name":"Wheel of Change","floor":13,"gold_loss":0},{"damage_healed":0,"gold_gain":0,"player_choice":"Paid Fearfully","damage_taken":0,"max_hp_gain":0,"max_hp_loss":0,"event_name":"Masked Bandits","floor":21,"gold_loss":201},{"damage_healed":0,"gold_gain":50,"player_choice":"Pray","damage_taken":0,"max_hp_gain":0,"max_hp_loss":0,"event_name":"Golden Shrine","floor":23,"gold_loss":0}],"is_beta":false,"boss_relics":[{"not_picked":["Replay:Drink Me","Coffee Dripper"],"picked":"Tiny House"}],"items_purged_floors":[12],"is_endless":false,"potions_floor_spawned":[4,8,10,18,19,20],"killed_by":"Book of Stabbing","ascension_level":20}}