{"host":"nwd160me4iqdtr8u","time":1611378982,"event":{"mods":["AchievementEnabler","Act Like it!","BaseMod","Colored Map","DeckTracker","Minty Spire (QoL Compilation)","Rare Cards Sparkle","StSLib","SuperFastMode","everything is the same but u backflip on backflip"],"gold_per_floor":[114,128,128,128,141,141,152,209,233,82,82,82,31,31,31,133,133,152,67,0,0,16,46,46,60,87,101,101,101,1,13,13,121,121,144,199,208,235,110,110,129,129,185,244,244,278,21,34,34,34,34],"floor_reached":50,"language":"KOR","playtime":2538,"items_purged":["Defend_G","Clumsy","Strike_G","Decay"],"score":574,"play_id":"b62417bd-a80d-4d79-a141-e559e9b784a1","local_time":"20210123141622","is_ascension_mode":true,"campfire_choices":[{"data":"Survivor","floor":6.0,"key":"SMITH"},{"data":"Bane","floor":11.0,"key":"SMITH"},{"data":"Noxious Fumes","floor":15.0,"key":"SMITH"},{"data":"Poisoned Stab","floor":24.0,"key":"SMITH"},{"data":"Quick Slash","floor":29.0,"key":"SMITH"},{"floor":32.0,"key":"REST"},{"floor":40.0,"key":"REST"},{"floor":42.0,"key":"REST"},{"floor":49.0,"key":"REST"}],"circlet_count":0,"master_deck":["Strike_G","Strike_G","Strike_G","Defend_G","Defend_G","Defend_G","Defend_G","Survivor+1","Neutralize+1","Poisoned Stab+1","Backflip","Heel Hook","Bane+1","Noxious Fumes+1","Quick Slash+1","Glass Knife+1","PiercingWail+1","Wraith Form v2","Outmaneuver+1","Slice+1","Distraction","Skewer","PiercingWail+1","Footwork+1","Well Laid Plans","Backflip"],"relics":["Ring of the Snake","Orichalcum","Bronze Scales","Paper Crane","InkBottle","Cursed Key","Sundial","Snake Skull","CeramicFish","MutagenicStrength","SlaversCollar","Ice Cream","Omamori","Torii","Mango"],"acts_visited":["Exordium","TheCity","TheBeyond"],"potions_floor_usage":[50],"damage_taken":[{"damage":0.0,"enemies":"Cultist","floor":1.0,"turns":3.0},{"damage":6.0,"enemies":"Jaw Worm","floor":2.0,"turns":4.0},{"damage":13.0,"enemies":"Small Slimes","floor":5.0,"turns":4.0},{"damage":0.0,"enemies":"2 Fungi Beasts","floor":7.0,"turns":5.0},{"damage":13.0,"enemies":"Lagavulin Event","floor":8.0,"turns":7.0},{"damage":7.0,"enemies":"Hexaghost","floor":16.0,"turns":8.0},{"damage":1.0,"enemies":"Chosen","floor":18.0,"turns":3.0},{"damage":13.0,"enemies":"2 Thieves","floor":22.0,"turns":3.0},{"damage":1.0,"enemies":"Book of Stabbing","floor":23.0,"turns":4.0},{"damage":3.0,"enemies":"Cultist and Chosen","floor":25.0,"turns":4.0},{"damage":2.0,"enemies":"Chosen and Byrds","floor":27.0,"turns":4.0},{"damage":6.0,"enemies":"3 Cultists","floor":31.0,"turns":4.0},{"damage":59.0,"enemies":"Champ","floor":33.0,"turns":10.0},{"damage":3.0,"enemies":"Orb Walker","floor":35.0,"turns":3.0},{"damage":40.0,"enemies":"2 Orb Walkers","floor":36.0,"turns":6.0},{"damage":4.0,"enemies":"3 Shapes","floor":38.0,"turns":3.0},{"damage":6.0,"enemies":"Jaw Worm Horde","floor":41.0,"turns":3.0},{"damage":0.0,"enemies":"Mind Bloom Boss Battle","floor":44.0,"turns":5.0},{"damage":35.0,"enemies":"Giant Head","floor":46.0,"turns":9.0},{"damage":11.0,"enemies":"Writhing Mass","floor":48.0,"turns":6.0},{"damage":63,"enemies":"Time Eater","floor":50,"turns":11}],"seed_played":"-157571075372697586","potions_obtained":[{"floor":5.0,"key":"Weak Potion"},{"floor":7.0,"key":"SkillPotion"},{"floor":18.0,"key":"CunningPotion"},{"floor":23.0,"key":"DistilledChaos"},{"floor":36.0,"key":"DuplicationPotion"},{"floor":44.0,"key":"GhostInAJar"}],"is_trial":false,"path_per_floor":["M","M","?","?","M","R","M","?","T","$","R","?","$","T","R","B",null,"M","?","?","?","M","E","R","M","T","M","?","R","$","M","R","B",null,"M","?","?","M","$","R","M","R","T","?","?","E","$","M","R","B"],"character_chosen":"THE_SILENT","items_purchased":["Noxious Fumes","Quick Slash","Well Laid Plans","Backflip"],"campfire_rested":4,"item_purchase_floors":[10,13,47,47],"current_hp_per_floor":[70,64,64,69,56,56,56,43,43,43,43,36,36,36,36,29,75,74,74,74,74,61,60,60,57,57,55,55,55,55,49,71,12,75,72,32,32,28,28,50,44,66,66,66,66,45,45,34,60,0,0],"gold":34,"neow_bonus":"THREE_CARDS","is_daily":false,"chose_seed":false,"campfire_upgraded":5,"win_rate":0.0,"timestamp":1611378982,"path_taken":["M","M","?","?","M","R","M","?","T","$","R","?","?","?","R","BOSS","M","?","?","?","?","E","R","M","T","M","?","R","$","M","R","BOSS","M","?","?","?","?","R","M","R","T","?","?","E","$","M","R","BOSS"],"items_purchased_type":["Card","Card","Card","Card"],"build_version":"2020-12-22","purchased_purges":4,"victory":false,"max_hp_per_floor":[70,70,70,75,75,75,75,75,75,75,75,75,75,75,75,75,75,75,75,75,75,75,75,75,75,75,75,75,75,75,75,75,75,75,75,75,75,75,75,75,75,75,75,75,75,89,89,89,89,89,89],"card_choices":[{"not_picked":["Slice","Heel Hook"],"picked":"Poisoned Stab","floor":0.0},{"not_picked":["Prepared","Leg Sweep","Tactician"],"picked":"SKIP","floor":1.0},{"not_picked":["Slice","Dodge and Roll"],"picked":"Backflip","floor":2.0},{"not_picked":["Underhanded Strike","Acrobatics","Backflip"],"picked":"SKIP","floor":5.0},{"not_picked":["Deflect","Leg Sweep"],"picked":"Heel Hook","floor":7.0},{"not_picked":["Flechettes","Setup"],"picked":"Bane","floor":8.0},{"not_picked":["Wraith Form v2","Grand Finale"],"picked":"Glass Knife","floor":16.0},{"not_picked":["Poisoned Stab+1","Dash","Terror"],"picked":"SKIP","floor":18.0},{"not_picked":["Heel Hook+1","Expertise","Noxious Fumes"],"picked":"SKIP","floor":22.0},{"not_picked":["Bane","Bouncing Flask"],"picked":"PiercingWail+1","floor":23.0},{"not_picked":["Poisoned Stab","All Out Attack","Concentrate"],"picked":"SKIP","floor":25.0},{"not_picked":["Setup","Concentrate","Cloak And Dagger"],"picked":"SKIP","floor":27.0},{"not_picked":["Reflex+1","Sucker Punch","Acrobatics+1"],"picked":"SKIP","floor":31.0},{"not_picked":["Tools of the Trade","Grand Finale"],"picked":"Wraith Form v2","floor":33.0},{"not_picked":["Cloak And Dagger+1","Dodge and Roll"],"picked":"Outmaneuver+1","floor":35.0},{"not_picked":["All Out Attack","Backflip"],"picked":"Slice+1","floor":36.0},{"not_picked":["Sucker Punch","Crippling Poison+1"],"picked":"Skewer","floor":38.0},{"not_picked":["Blade Dance+1","Bane"],"picked":"PiercingWail+1","floor":41.0},{"not_picked":["PiercingWail+1","Deflect"],"picked":"Footwork+1","floor":44.0},{"not_picked":["Quick Slash","Endless Agony","Storm of Steel"],"picked":"SKIP","floor":46.0},{"not_picked":["Prepared","Reflex+1","Quick Slash"],"picked":"SKIP","floor":48.0}],"player_experience":207647,"relics_obtained":[{"floor":9.0,"key":"Bronze Scales"},{"floor":14.0,"key":"InkBottle"},{"floor":23.0,"key":"Snake Skull"},{"floor":26.0,"key":"CeramicFish"},{"floor":36.0,"key":"Ice Cream"},{"floor":43.0,"key":"Omamori"},{"floor":44.0,"key":"Torii"},{"floor":46.0,"key":"Mango"}],"event_choices":[{"damage_healed":0.0,"max_hp_gain":0.0,"max_hp_loss":0.0,"gold_gain":0.0,"event_name":"Living Wall","player_choice":"Grow","floor":3.0,"gold_loss":0.0,"damage_taken":0.0,"cards_upgraded":["Neutralize"]},{"damage_healed":0.0,"max_hp_gain":5.0,"max_hp_loss":0.0,"gold_gain":0.0,"event_name":"Big Fish","player_choice":"Donut","floor":4.0,"gold_loss":0.0,"damage_taken":0.0},{"damage_healed":0.0,"max_hp_gain":0.0,"max_hp_loss":0.0,"gold_gain":30.0,"event_name":"Dead Adventurer","player_choice":"Searched \u00273\u0027 times","floor":8.0,"gold_loss":0.0,"damage_taken":0.0,"relics_obtained":["Orichalcum"]},{"damage_healed":0.0,"max_hp_gain":0.0,"max_hp_loss":0.0,"gold_gain":0.0,"event_name":"Scrap Ooze","player_choice":"Success","floor":12.0,"gold_loss":0.0,"damage_taken":7.0,"relics_obtained":["Paper Crane"]},{"damage_healed":0.0,"max_hp_gain":0.0,"max_hp_loss":0.0,"gold_gain":0.0,"event_name":"Addict","player_choice":"Obtained Relic","floor":19.0,"gold_loss":85.0,"damage_taken":0.0,"relics_obtained":["Sundial"]},{"damage_healed":0.0,"max_hp_gain":0.0,"max_hp_loss":0.0,"gold_gain":0.0,"event_name":"Masked Bandits","player_choice":"Paid Fearfully","floor":20.0,"gold_loss":67.0,"damage_taken":0.0},{"damage_healed":0.0,"max_hp_gain":0.0,"max_hp_loss":0.0,"gold_gain":0.0,"event_name":"Accursed Blacksmith","player_choice":"Forge","floor":21.0,"gold_loss":0.0,"damage_taken":0.0,"cards_upgraded":["Glass Knife"]},{"damage_healed":0.0,"max_hp_gain":0.0,"max_hp_loss":0.0,"gold_gain":0.0,"event_name":"Drug Dealer","player_choice":"Inject Mutagens","floor":28.0,"gold_loss":0.0,"damage_taken":0.0,"relics_obtained":["MutagenicStrength"]},{"damage_healed":0.0,"max_hp_gain":0.0,"max_hp_loss":0.0,"gold_gain":0.0,"event_name":"Mysterious Sphere","player_choice":"Fight","floor":36.0,"gold_loss":0.0,"damage_taken":0.0},{"damage_healed":0.0,"max_hp_gain":0.0,"max_hp_loss":0.0,"gold_gain":0.0,"cards_transformed":["Strike_G"],"event_name":"Transmorgrifier","player_choice":"Transformed","floor":37.0,"gold_loss":0.0,"damage_taken":0.0,"cards_obtained":["Distraction"]},{"damage_healed":0.0,"max_hp_gain":0.0,"max_hp_loss":0.0,"gold_gain":0.0,"event_name":"MindBloom","player_choice":"Fight","floor":44.0,"gold_loss":0.0,"damage_taken":0.0},{"damage_healed":0.0,"max_hp_gain":0.0,"max_hp_loss":0.0,"gold_gain":0.0,"event_name":"Tomb of Lord Red Mask","player_choice":"Ignored","floor":45.0,"gold_loss":0.0,"damage_taken":0.0}],"is_beta":false,"boss_relics":[{"not_picked":["Philosopher\u0027s Stone","Runic Dome"],"picked":"Cursed Key"},{"not_picked":["Ring of the Serpent","Calling Bell"],"picked":"SlaversCollar"}],"items_purged_floors":[10,30,39,47],"is_endless":false,"potions_floor_spawned":[5,7,18,23,36,44],"killed_by":"Time Eater","ascension_level":2}}