{"host":"1zjc08c6hob33401","time":1611415316,"event":{"mods":["AchievementEnabler","Act Like it!","Aspiration","BaseMod","Downfall","Elementarium","Energized Spire","Evolution","Friendly Minions","Gensokyo","GifTheSpireLib","Hubris","Infinite Spire","Jedi Mod","Menagerie","Minty Spire (QoL Compilation)","Pale of the Ancients","Quick Restart","Replay The Spire","Retaliation","Shop Mod","Spire Arcade","StS++","StSLib","Stuff the Spire","The Blue Laboratory","Wandering Minibosses","vexMod","??????REMEMod"],"gold_per_floor":[115,125,125,125,138,138,164,164,164,164,164,178,191,203,203,301,301,311,311,311,311,328,328,338,350,350,350,350,350,378,391,391,495,495,513,18,18,18,18,18,52,52,52,82,82,82,95,111,111,411],"floor_reached":51,"language":"RUS","playtime":4733,"items_purged":[],"score":1165,"play_id":"0ef4ee7e-61ed-4710-a2d1-c224cf585d3a","local_time":"20210123172156","is_ascension_mode":true,"campfire_choices":[{"data":"Corruption","floor":6.0,"key":"SMITH"},{"data":"Menagerie:LightningHelix","floor":11.0,"key":"SMITH"},{"data":"Menagerie:SagesJudgement","floor":15.0,"key":"SMITH"},{"data":"Buffer","floor":23.0,"key":"SMITH"},{"data":"StuffTheSpire:Perfection","floor":27.0,"key":"SMITH"},{"data":"StuffTheSpire:Harmony","floor":32.0,"key":"SMITH"},{"data":"Thunder Strike","floor":40.0,"key":"SMITH"},{"data":"StuffTheSpire:Rapture","floor":42.0,"key":"SMITH"},{"data":"StuffTheSpire:Plugnplay","floor":45.0,"key":"SMITH"},{"data":"Multi-Cast","floor":49,"key":"SMITH"}],"circlet_count":0,"master_deck":["AscendersBane","Compile Driver+1","Strike_B","Defend_B","Defend_B+1","Defend_B","Defend_B","Zap","Dualcast","Corruption+1","Multi-Cast+1","Redo","Leap","StuffTheSpire:LoadUp+1","jedi:BurstFrost","Menagerie:LightningHelix+1","Machine Learning","jedi:BurstFrost","White Noise","Buffer+1","StSpp:Channeliser","StuffTheSpire:Plugnplay+1","Panic Button","hubris:Rewind","StuffTheSpire:Rapture+1","StuffTheSpire:Harmony+1","Scrape","Echo Form","Go for the Eyes","Chill","Coolheaded","Reinforced Body","downfall:Bewildered","jedi:darknesscall","ReplayGash","Blizzard","jedi:bruteforce","StSpp:Converter","Thunder Strike+1","Scrape+1","StSpp:Igniter","aspiration:Polymerization","StuffTheSpire:Plugnplay"],"relics":["Cracked Core","EVO:Axolotl","REME_ComplimentaryCards","hubris:Towel","jedi:superconductor","energizedSpire:StickyHand","hubris:BallOfYels","MutagenicStrength","Blue Candle","sneckomod:BabySnecko","StuffTheSpire:Gunfinga","Nuclear Battery","DollysMirror","Runic Capacitor","ClockworkSouvenir","Gensokyo:EmptyGrave","vexMod:RetaliationKit","infinitespire:ShieldingShard","Singing Bowl"],"acts_visited":["Menagerie:Menagerie","TheCity","Gensokyo:Gensokyoest"],"potions_floor_usage":[48,48,48],"damage_taken":[{"damage":5.0,"enemies":"Menagerie:StygianBoar","floor":1.0,"turns":3.0},{"damage":4.0,"enemies":"Menagerie:MonstrousExperiment","floor":2.0,"turns":4.0},{"damage":0.0,"enemies":"Menagerie:WhisperingWraith","floor":5.0,"turns":3.0},{"damage":15.0,"enemies":"Menagerie:Hydra","floor":7.0,"turns":4.0},{"damage":9.0,"enemies":"Menagerie:KEEPER_AND_YOUNG_SUNEATER","floor":12.0,"turns":5.0},{"damage":7.0,"enemies":"Menagerie:MeltingSalamander","floor":13.0,"turns":6.0},{"damage":6.0,"enemies":"Menagerie:EntropyWarlock","floor":14.0,"turns":4.0},{"damage":28.0,"enemies":"Menagerie:Suneater","floor":16.0,"turns":7.0},{"damage":0.0,"enemies":"Chosen","floor":18.0,"turns":5.0},{"damage":1.0,"enemies":"Shell Parasite","floor":22.0,"turns":3.0},{"damage":0.0,"enemies":"Chosen and Byrds","floor":24.0,"turns":3.0},{"damage":0.0,"enemies":"3 Cultists","floor":25.0,"turns":3.0},{"damage":0.0,"enemies":"REME_1_Revenger","floor":30.0,"turns":5.0},{"damage":25.0,"enemies":"Snake Plant","floor":31.0,"turns":5.0},{"damage":8.0,"enemies":"Champ","floor":33.0,"turns":11.0},{"damage":0.0,"enemies":"Gensokyo:3_Bats","floor":35.0,"turns":3.0},{"damage":65.0,"enemies":"Gensokyo:Marisa","floor":41.0,"turns":6.0},{"damage":28.0,"enemies":"Gensokyo:Doremy","floor":44.0,"turns":6.0},{"damage":0.0,"enemies":"Gensokyo:AncientGuardian","floor":47.0,"turns":5.0},{"damage":15,"enemies":"Gensokyo:4_Bats","floor":48,"turns":4},{"damage":32,"enemies":"Gensokyo:Scarlet_Devils","floor":50,"turns":8}],"seed_played":"-3962512306012702862","potions_obtained":[{"floor":1.0,"key":"blueLaboratory:SystemWipe"},{"floor":12.0,"key":"blueLaboratory:BiasPotion"},{"floor":16.0,"key":"LifebloodPotion"},{"floor":18.0,"key":"sneckomod:MuddlingPotion"},{"floor":24.0,"key":"StSpp:ScatteredPotion"},{"floor":35.0,"key":"Doom Potion"}],"is_trial":false,"path_per_floor":["M","M","?","?","M","R","E","?","T","?","R","M","M","M","R","B",null,"M","AVR","?","?","M","R","M","M","T","R","?","?","E","M","R","B",null,"M","COS","?","?","$","R","E","R","T","E","R","?","M","M","R","B",null],"character_chosen":"DEFECT","items_purchased":[],"campfire_rested":0,"item_purchase_floors":[],"current_hp_per_floor":[63,59,54,54,54,54,39,39,39,42,42,38,36,35,35,12,62,67,67,67,67,77,77,78,78,78,78,78,63,82,63,63,83,83,83,83,77,77,77,77,38,38,38,47,47,47,75,81,81,81],"gold":411,"neow_bonus":"ONE_RANDOM_RARE_CARD","is_daily":false,"chose_seed":false,"campfire_upgraded":10,"win_rate":0.0,"timestamp":1611415316,"path_taken":["M","M","?","?","?","R","E","?","T","?","R","M","M","M","R","BOSS","M","AVR","?","?","M","R","M","?","T","R","?","?","E","M","R","BOSS","M","COS","?","?","$","R","E","R","T","E","R","?","?","?","R","BOSS"],"items_purchased_type":[],"build_version":"2020-12-22","purchased_purges":0,"victory":true,"max_hp_per_floor":[75,75,75,75,75,75,75,75,75,78,78,78,78,78,78,78,78,78,78,78,78,78,78,78,78,78,78,78,83,83,83,83,83,83,83,83,77,77,77,77,77,77,77,79,79,79,81,83,83,83],"card_choices":[{"not_picked":["Reinforced Body","Beam Cell"],"picked":"Redo","floor":1.0},{"not_picked":["Streamline","Panic Button"],"picked":"Leap","floor":2.0},{"not_picked":["jedi:hex","StSpp:Mask"],"picked":"StuffTheSpire:LoadUp","floor":5.0},{"not_picked":["Sunder","ReplayTheSpireMod:GoodbyeWorld"],"picked":"jedi:BurstFrost","floor":7.0},{"not_picked":["Go for the Eyes","Beam Cell"],"picked":"jedi:BurstFrost","floor":12.0},{"not_picked":["ReplayGash","Turbo","jedi:BurstLightning"],"picked":"SKIP","floor":13.0},{"not_picked":["Crystallizer","Streamline"],"picked":"White Noise","floor":14.0},{"not_picked":["jedi:readyaimfire","ReplayRNGCard"],"picked":"Buffer","floor":16.0},{"not_picked":["StSpp:Channeliser","Panic Button"],"picked":"StuffTheSpire:Plugnplay","floor":18.0},{"not_picked":["StuffTheSpire:Rapture","StuffTheSpire:Perfection"],"picked":"StuffTheSpire:Harmony","floor":21.0},{"not_picked":["Scrape","Go for the Eyes"],"picked":"Echo Form","floor":22.0},{"not_picked":["jedi:BurstLightning","Gash+1","StSpp:Fierceness"],"picked":"SKIP","floor":24.0},{"not_picked":["Coolheaded","Reinforced Body"],"picked":"Chill","floor":25.0},{"not_picked":["ReplayGash","Blizzard"],"picked":"jedi:darknesscall","floor":30.0},{"not_picked":["Ball Lightning","Aggregate","Streamline"],"picked":"SKIP","floor":31.0},{"not_picked":["StSpp:Converter","Thunder Strike"],"picked":"jedi:bruteforce","floor":33.0},{"not_picked":["Scrape+1","aspiration:Polymerization"],"picked":"StSpp:Igniter","floor":35.0},{"not_picked":["Stack+1","StuffTheSpire:EventHorizon","StuffTheSpire:LoadUp"],"picked":"SKIP","floor":41.0},{"not_picked":["Rebound","StuffTheSpire:NuclearReactor+1","Turbo"],"picked":"Singing Bowl","floor":44.0},{"not_picked":["Stack+1","StuffTheSpire:NuclearReactor","Sunder"],"picked":"Singing Bowl","floor":47.0},{"not_picked":["REME_Whirling","Rebound","Rip and Tear"],"picked":"Singing Bowl","floor":48}],"player_experience":662155,"relics_obtained":[{"floor":7.0,"key":"jedi:superconductor"},{"floor":9.0,"key":"Tiny Chest"},{"floor":26.0,"key":"Blue Candle"},{"floor":30.0,"key":"StuffTheSpire:Gunfinga"},{"floor":41.0,"key":"vexMod:RetaliationKit"},{"floor":43.0,"key":"infinitespire:ShieldingShard"},{"floor":44.0,"key":"Singing Bowl"}],"event_choices":[{"damage_healed":0.0,"max_hp_gain":0.0,"max_hp_loss":0.0,"gold_gain":0.0,"event_name":"Menagerie:MageAndMonster","player_choice":"Help the mage","floor":3.0,"gold_loss":0.0,"damage_taken":5.0,"cards_obtained":["Menagerie:SagesJudgement"]},{"damage_healed":0.0,"max_hp_gain":0.0,"max_hp_loss":0.0,"gold_gain":0.0,"cards_transformed":["Strike_B"],"event_name":"Menagerie:MagesHand","player_choice":"Grasp","floor":8.0,"gold_loss":0.0,"damage_taken":0.0,"cards_obtained":["Menagerie:LightningHelix"]},{"damage_healed":0.0,"max_hp_gain":3.0,"max_hp_loss":0.0,"gold_gain":0.0,"cards_transformed":["Strike_B"],"event_name":"Menagerie:CloudVision","player_choice":"Vigor","floor":10.0,"gold_loss":0.0,"damage_taken":0.0,"cards_obtained":["Machine Learning"]},{"damage_healed":0.0,"max_hp_gain":0.0,"max_hp_loss":0.0,"gold_gain":0.0,"event_name":"Drug Dealer","player_choice":"Inject Mutagens","floor":20.0,"gold_loss":0.0,"damage_taken":0.0,"relics_obtained":["MutagenicStrength"]},{"damage_healed":0.0,"max_hp_gain":5.0,"max_hp_loss":0.0,"gold_gain":0.0,"event_name":"Forgotten Altar","player_choice":"Shed Blood","floor":29.0,"gold_loss":0.0,"damage_taken":20.0}],"is_beta":false,"boss_relics":[{"not_picked":["Runic Pyramid","Calling Bell"],"picked":"energizedSpire:StickyHand"},{"not_picked":["energizedSpire:EnergizedDie","hubris:BlackHole"],"picked":"Nuclear Battery"}],"items_purged_floors":[],"is_endless":false,"potions_floor_spawned":[1,12,16,18,24,31,35,41,44],"ascension_level":12}}