{"host":"rt42rreu4fwhfpnv","time":1611364739,"event":{"mods":["BaseMod","Bestiary","Minty Spire (QoL Compilation)"],"gold_per_floor":[111,131,131,81,96,171,201,201,201,201,216,236,250,260,260,358,358,370,570,585,361,381,381,406,370,396,396,81,100,100,100,100,195,195,205,217,217,217,234,234,264,264,264,164,176,187,205,221,221,221],"floor_reached":51,"language":"ENG","playtime":6039,"items_purged":["Sanctity","BowlingBash"],"score":801,"play_id":"53fff7e3-a1d3-497a-9a5b-50713902a7d9","local_time":"20210122201859","is_ascension_mode":false,"campfire_choices":[{"floor":10.0,"key":"REST"},{"floor":15,"key":"REST"},{"data":"DevaForm","floor":23,"key":"SMITH"},{"data":"LikeWater","floor":27,"key":"SMITH"},{"data":"LikeWater","floor":30,"key":"SMITH"},{"floor":32,"key":"REST"},{"data":"Devotion","floor":40,"key":"SMITH"},{"data":"EmptyBody","floor":42,"key":"SMITH"},{"floor":49,"key":"REST"}],"circlet_count":0,"master_deck":["Vigilance","Crescendo","LikeWater+1","ReachHeaven","SandsOfTime","CutThroughFate","Brilliance","DevaForm+1","Vault","LikeWater+1","Devotion+1","InnerPeace","Worship","Swivel","Nirvana","Swivel","EmptyBody+1","ConjureBlade","ClearTheMind+1","Protect+1","Protect+1"],"relics":["VioletLotus","Blood Vial","Mercury Hourglass","Pandora\u0027s Box","Lee\u0027s Waffle","Incense Burner","Art of War","Singing Bowl","Snecko Eye","Eternal Feather","Prayer Wheel"],"acts_visited":["Exordium","TheCity","TheBeyond"],"potions_floor_usage":[14,22,39,45,47,47,50,50],"damage_taken":[{"damage":0.0,"enemies":"Cultist","floor":1.0,"turns":4.0},{"damage":0.0,"enemies":"2 Louse","floor":2.0,"turns":4.0},{"damage":4.0,"enemies":"Small Slimes","floor":5.0,"turns":5.0},{"damage":52.0,"enemies":"3 Sentries","floor":7.0,"turns":18.0},{"damage":17.0,"enemies":"Exordium Thugs","floor":11.0,"turns":5.0},{"damage":7.0,"enemies":"Lots of Slimes","floor":12.0,"turns":4.0},{"damage":3.0,"enemies":"Looter","floor":13.0,"turns":3.0},{"damage":3,"enemies":"2 Fungi Beasts","floor":14,"turns":3},{"damage":0,"enemies":"Slime Boss","floor":16,"turns":5},{"damage":6,"enemies":"Spheric Guardian","floor":18,"turns":4},{"damage":22,"enemies":"2 Thieves","floor":20,"turns":4},{"damage":18,"enemies":"Shelled Parasite and Fungi","floor":22,"turns":4},{"damage":17,"enemies":"Book of Stabbing","floor":24,"turns":5},{"damage":1,"enemies":"Chosen and Byrds","floor":29,"turns":7},{"damage":38,"enemies":"Collector","floor":33,"turns":9},{"damage":4,"enemies":"Orb Walker","floor":35,"turns":4},{"damage":2,"enemies":"3 Shapes","floor":36,"turns":4},{"damage":5,"enemies":"Maw","floor":39,"turns":7},{"damage":0,"enemies":"Giant Head","floor":41,"turns":7},{"damage":0,"enemies":"Spire Growth","floor":45,"turns":5},{"damage":12,"enemies":"3 Darklings","floor":46,"turns":4},{"damage":13,"enemies":"Sphere and 2 Shapes","floor":47,"turns":4},{"damage":0,"enemies":"Maw","floor":48,"turns":5},{"damage":6,"enemies":"Donu and Deca","floor":50,"turns":8}],"seed_played":"6782783135007668862","potions_obtained":[{"floor":5.0,"key":"Energy Potion"},{"floor":11.0,"key":"SteroidPotion"},{"floor":13.0,"key":"AttackPotion"},{"floor":16,"key":"SteroidPotion"},{"floor":22,"key":"Explosive Potion"},{"floor":29,"key":"Ancient Potion"},{"floor":33,"key":"Regen Potion"},{"floor":35,"key":"BlessingOfTheForge"},{"floor":36,"key":"Energy Potion"},{"floor":41,"key":"Explosive Potion"},{"floor":45,"key":"SpeedPotion"},{"floor":46,"key":"Block Potion"},{"floor":48,"key":"DistilledChaos"}],"is_trial":false,"path_per_floor":["M","M","?","?","M","?","E","?","T","R","M","M","M","M","R","B",null,"M","?","M","$","M","R","E","$","T","R","$","M","R","?","R","B",null,"M","M","?","?","M","R","E","R","T","$","M","M","M","M","R","B",null],"character_chosen":"WATCHER","items_purchased":["Lee\u0027s Waffle","Nirvana","Swivel","Singing Bowl"],"campfire_rested":4,"item_purchase_floors":[21,25,28,28],"current_hp_per_floor":[72,72,72,72,68,57,5,5,5,26,11,6,5,4,25,27,72,66,66,46,79,61,61,46,46,46,46,46,47,47,47,70,34,79,75,77,77,79,76,76,80,85,85,85,89,81,77,83,99,93],"gold":221,"neow_bonus":"BOSS_RELIC","is_daily":false,"chose_seed":false,"campfire_upgraded":5,"win_rate":0.0,"timestamp":1611364739,"path_taken":["M","?","?","?","M","?","E","?","T","R","M","?","M","M","R","BOSS","M","?","?","?","M","R","E","$","T","R","$","M","R","?","R","BOSS","M","M","?","?","M","R","E","R","T","$","M","M","M","M","R","BOSS"],"items_purchased_type":["Relic","Card","Card","Relic"],"build_version":"2020-12-22","purchased_purges":2,"victory":true,"max_hp_per_floor":[72,72,72,72,72,72,72,72,72,72,72,72,72,72,72,72,72,72,72,72,79,79,79,79,79,79,79,79,79,79,79,79,79,79,79,81,81,83,83,83,85,85,85,85,89,93,95,99,99,99],"card_choices":[{"not_picked":["JustLucky","FollowUp"],"picked":"Crescendo","floor":1.0},{"not_picked":["FollowUp","Halt","BowlingBash"],"picked":"SKIP","floor":2.0},{"not_picked":["Scrawl","Weave"],"picked":"JustLucky","floor":5.0},{"not_picked":["SashWhip","InnerPeace"],"picked":"LikeWater","floor":7.0},{"not_picked":["BowlingBash","Worship"],"picked":"ReachHeaven","floor":11.0},{"not_picked":["FollowUp","SashWhip"],"picked":"SandsOfTime","floor":12.0},{"not_picked":["Consecrate","FollowUp"],"picked":"CutThroughFate","floor":13.0},{"not_picked":["BowlingBash","CrushJoints","SashWhip"],"picked":"SKIP","floor":14},{"not_picked":["Blasphemy","Omniscience"],"picked":"Brilliance","floor":16},{"not_picked":["Consecrate","Nirvana"],"picked":"InnerPeace","floor":18},{"not_picked":["CutThroughFate","BowlingBash"],"picked":"Worship","floor":20},{"not_picked":["Halt","Sanctity"],"picked":"Swivel","floor":22},{"not_picked":["Indignation","SashWhip","FlyingSleeves"],"picked":"SKIP","floor":24},{"not_picked":["SashWhip","CarveReality"],"picked":"EmptyBody","floor":29},{"not_picked":["Alpha","MasterReality"],"picked":"ConjureBlade","floor":33},{"not_picked":["ThirdEye","Halt+1"],"picked":"ClearTheMind+1","floor":35},{"not_picked":["MentalFortress","Evaluate","JustLucky"],"picked":"Singing Bowl","floor":36},{"not_picked":["Chrysalis","PanicButton","Dark Shackles"],"picked":"Singing Bowl","floor":38},{"not_picked":["SandsOfTime+1","Meditate"],"picked":"Protect+1","floor":39},{"not_picked":["EmptyMind+1","SashWhip+1","FlyingSleeves+1"],"picked":"Singing Bowl","floor":41},{"not_picked":["Consecrate+1","FlurryOfBlows+1","Crescendo+1"],"picked":"Singing Bowl","floor":45},{"not_picked":["Evaluate","DeceiveReality","CarveReality+1"],"picked":"Singing Bowl","floor":45},{"not_picked":["FollowUp","Indignation","Protect+1"],"picked":"Singing Bowl","floor":46},{"not_picked":["Protect+1","Worship","Scrawl"],"picked":"Singing Bowl","floor":46},{"not_picked":["WreathOfFlame+1","Crescendo"],"picked":"Protect+1","floor":47},{"not_picked":["Prostrate+1","CrushJoints+1","JustLucky+1"],"picked":"Singing Bowl","floor":47},{"not_picked":["FollowUp+1","Vengeance+1","Evaluate"],"picked":"Singing Bowl","floor":48},{"not_picked":["Evaluate+1","Swivel","Prostrate+1"],"picked":"Singing Bowl","floor":48}],"player_experience":98396,"relics_obtained":[{"floor":7.0,"key":"Blood Vial"},{"floor":9.0,"key":"Mercury Hourglass"},{"floor":24,"key":"Incense Burner"},{"floor":26,"key":"Art of War"},{"floor":41,"key":"Eternal Feather"},{"floor":43,"key":"Prayer Wheel"}],"event_choices":[{"cards_removed":["Strike_P"],"damage_healed":0.0,"max_hp_gain":0.0,"max_hp_loss":0.0,"gold_gain":0.0,"event_name":"Living Wall","player_choice":"Forget","floor":3.0,"gold_loss":0.0,"damage_taken":0.0},{"cards_removed":["Strike_P"],"damage_healed":0.0,"max_hp_gain":0.0,"max_hp_loss":0.0,"gold_gain":0.0,"event_name":"The Cleric","player_choice":"Card Removal","floor":4.0,"gold_loss":50.0,"damage_taken":0.0},{"damage_healed":0.0,"max_hp_gain":0.0,"max_hp_loss":0.0,"gold_gain":75.0,"event_name":"World of Goop","player_choice":"Gather Gold","floor":6.0,"gold_loss":0.0,"damage_taken":11.0},{"damage_healed":0.0,"max_hp_gain":0.0,"max_hp_loss":0.0,"gold_gain":0.0,"event_name":"The Woman in Blue","player_choice":"Bought 0 Potions","floor":8.0,"gold_loss":0.0,"damage_taken":0.0},{"damage_healed":0,"gold_gain":250,"player_choice":"Bet on Owner","damage_taken":0,"max_hp_gain":0,"max_hp_loss":0,"event_name":"The Joust","floor":19,"gold_loss":50},{"cards_removed":["Eruption"],"damage_healed":0,"gold_gain":0,"player_choice":"Elegance","damage_taken":0,"max_hp_gain":0,"max_hp_loss":0,"event_name":"Back to Basics","floor":31,"gold_loss":0},{"cards_removed":["JustLucky"],"damage_healed":0,"gold_gain":0,"player_choice":"Removed Attack","damage_taken":0,"max_hp_gain":0,"max_hp_loss":0,"event_name":"Falling","floor":37,"gold_loss":0},{"damage_healed":0,"gold_gain":0,"player_choice":"Memory 1","damage_taken":0,"max_hp_gain":0,"max_hp_loss":0,"event_name":"SensoryStone","floor":38,"gold_loss":0}],"is_beta":false,"boss_relics":[{"not_picked":["Coffee Dripper","Busted Crown"],"picked":"Pandora\u0027s Box"},{"not_picked":["Black Star","SacredBark"],"picked":"Snecko Eye"}],"items_purged_floors":[21,44],"is_endless":false,"potions_floor_spawned":[5,11,13,16,22,29,33,35,36,41,45,46,48],"ascension_level":0}}