{"host":"tm3ghj8mno6gwywm","time":1611439786,"event":{"mods":["2.2 Compatiblity","AchievementEnabler","Bard","BaseMod","Beaked The Cultist","Better Third Choice","Colored Map","Colored Powertips","Conspire","Downfall","Glutton Mod","GungeonMod","Halation","Hermit","Hubris","Infinite Spire","Jorbs\u0027s Wanderer Trilogy","Mad Scientist","Marisa????????","Marked Mod","Mimic Mod","Minty Spire (QoL Compilation)","Potionbrewer","Quick Restart","Replay The Spire","Shade Mod","Shop Mod","Somnambulant","Spicy Shops","StSLib","SuperFastMode","The Bug Knight","The Construct","The Cursed","The Disciple","The Hierophant","The IronCluck","The Judge","The Jungle","The Necromancer","The Runesmith","The Servant 0.9.4","egg"],"gold_per_floor":[416,416,416,431,443,477,477,106,106,123,135,148,163,183,183,285,285,295,228,245,445,460,491,505,540,552,579,618,630,642,275,275,378,378,388,388,288,146,26,61,61,77,77,110,123,123,134,134,134,134,134,134,14,39,39],"floor_reached":56,"language":"ENG","playtime":2200,"items_purged":["infinitespire:Pacifist"],"score":1569,"play_id":"d9b95e62-8937-4c33-bbba-ecccfc4a0919","local_time":"20210123170946","is_ascension_mode":false,"campfire_choices":[{"floor":7,"key":"RECALL"},{"floor":15,"key":"REST"},{"floor":29,"key":"REST"},{"floor":32,"key":"REST"},{"data":"Eruption","floor":41,"key":"SMITH"},{"data":"Defend_P","floor":46,"key":"SMITH"},{"floor":49,"key":"REST"},{"data":"Defend_P","floor":52,"key":"SMITH"}],"circlet_count":0,"master_deck":["Strike_P+1","Strike_P+1","Strike_P+1","Strike_P","Defend_P+1","Defend_P+1","Defend_P+1","Defend_P+1","Eruption+1","Vigilance+1","Swift Strike+1","FlurryOfBlows+1","ClearTheMind+1","Protect+1","DeceiveReality+1","Adaptation+1","Evaluate+1","SashWhip+1","Consecrate+1","Wallop+1","BowlingBash+1","Alpha+1","Wireheading+1","Replay:BluntJabs+1","Prostrate+1","Evaluate+1","WheelKick+1","WaveOfTheHand+1","LikeWater+1","LikeWater+1","SandsOfTime+1","SignatureMove+1","DeusExMachina+1","Crescendo+1","Study+1","BattleHymn+1","Devotion+1","downfall:Malfunctioning","InnerPeace+1","Madness+1","Madness+1","CrushJoints+1","DevaForm+1"],"relics":["PureWater","Old Coin","WingedGreaves","Lizard Tail","Mummified Hand","Black Star","Molten Egg 2","Toxic Egg 2","Frozen Egg 2","Quantum Egg","Membership Card","hubris:Towel","hubris:OldNail","conspire:DecoderRing","potionbrewer:Keyblade","Yang","Garlic","ReplayTheSpireMod:CursedCoin","DemoMod:MeltedRock","conspire:BottledYoYo","TeardropLocket","Replay:Baseball","construct:RocketBooster","MawBank","DemoMod:ClearGuonStone","DemoMod:GundromedaStrain","HornCleat","HollowMod:LifeEnderRelic","MealTicket","Bottled Lightning","Cursed Key","hubris:BottledRain","hubris:CrystalStatue","DemoMod:Orange","Singing Bowl","Replay:WaspNest","infinitespire:Satchel","Replay:Wax Seal","HandDrill","infinitespire:Golems Mask","Iron Hammer"],"acts_visited":["Exordium","TheCity","TheBeyond","TheEnding"],"potions_floor_usage":[33,33,33,50,55],"damage_taken":[{"damage":0.0,"enemies":"Jaw Worm","floor":1.0,"turns":4.0},{"damage":0,"enemies":"2 Louse","floor":4,"turns":1},{"damage":0,"enemies":"Cultist","floor":5,"turns":2},{"damage":0,"enemies":"HollowMod:MossKnight","floor":6,"turns":7},{"damage":0,"enemies":"2 Fungi Beasts","floor":10,"turns":3},{"damage":0,"enemies":"Looter","floor":11,"turns":2},{"damage":2,"enemies":"Exordium Thugs","floor":12,"turns":2},{"damage":0,"enemies":"Large Slime","floor":13,"turns":3},{"damage":0,"enemies":"3 Louse","floor":14,"turns":2},{"damage":0,"enemies":"Slime Boss","floor":16,"turns":4},{"damage":0,"enemies":"3 Byrds","floor":18,"turns":4},{"damage":0,"enemies":"Chosen","floor":20,"turns":4},{"damage":4,"enemies":"conspire:HollyBat","floor":22,"turns":6},{"damage":20,"enemies":"conspire:SneckoGhost","floor":23,"turns":6},{"damage":0,"enemies":"3 Cultists","floor":24,"turns":5},{"damage":0,"enemies":"Gremlin Leader","floor":25,"turns":2},{"damage":14,"enemies":"Centurion and Healer","floor":27,"turns":4},{"damage":0,"enemies":"HollowMod:Nosk","floor":28,"turns":4},{"damage":15,"enemies":"Automaton","floor":33,"turns":8},{"damage":2,"enemies":"3 Shapes","floor":35,"turns":4},{"damage":0,"enemies":"R_Hoarder","floor":40,"turns":3},{"damage":2,"enemies":"Orb Walker","floor":42,"turns":2},{"damage":0,"enemies":"Reptomancer","floor":44,"turns":4},{"damage":0,"enemies":"Transient","floor":45,"turns":4},{"damage":0,"enemies":"Spire Growth","floor":47,"turns":2},{"damage":29,"enemies":"Time Eater","floor":50,"turns":6},{"damage":3,"enemies":"Shield and Spear","floor":54,"turns":3},{"damage":54,"enemies":"The Heart","floor":55,"turns":3}],"seed_played":"5422501811739124864","potions_obtained":[{"floor":5,"key":"SteroidPotion"},{"floor":6,"key":"Elixir"},{"floor":12,"key":"potionbrewer:InfectionPotion"},{"floor":20,"key":"Dexterity Potion"},{"floor":24,"key":"Dexterity Potion"},{"floor":33,"key":"potionbrewer:StunPotion"},{"floor":35,"key":"Energy Potion"},{"floor":36,"key":"potionbrewer:MidasPotion"},{"floor":54,"key":"Dexterity Potion"}],"is_trial":false,"path_per_floor":["M","?","?","M","M","E","R","$","T","M","M","M","M","M","R","B",null,"M","$","M","?","M","E","M","E","T","M","E","R","?","$","R","B",null,"M","?","NS","$","$","E","R","M","T","E","M","R","M","?","R","B",null,"R","$","E","B",null],"character_chosen":"WATCHER","items_purchased":["Adaptation+1","potionbrewer:Keyblade","Yang","Garlic","ReplayTheSpireMod:CursedCoin","DemoMod:MeltedRock","conspire:BottledYoYo","LikeWater+1","HollowMod:LifeEnderRelic","SandsOfTime+1","MealTicket","Bottled Lightning","SignatureMove+1","Study+1","hubris:BottledRain","BattleHymn+1","Replay:Wax Seal","HandDrill","CrushJoints+1"],"campfire_rested":4,"item_purchase_floors":[8,8,8,8,19,19,19,31,31,31,31,31,31,38,38,39,53,53,53],"current_hp_per_floor":[72,58,58,58,58,58,58,58,58,58,58,56,56,56,72,72,72,72,72,72,72,68,48,48,48,48,34,34,55,55,55,72,57,72,70,70,70,72,72,84,84,82,82,82,84,84,86,75,88,59,88,88,88,85,31],"gold":39,"neow_bonus":"RANDOM_COLORLESS","is_daily":false,"chose_seed":false,"campfire_upgraded":3,"win_rate":0.0,"timestamp":1611439786,"path_taken":["M","?","?","M","M","E","R","$","T","M","M","M","M","M","R","BOSS","M","$","M","?","M","E","?","E","T","M","E","R","?","$","R","BOSS","M","?","NS","?","$","E","R","M","T","E","M","R","M","?","R","BOSS","R","$","E","BOSS"],"items_purchased_type":["Card","Relic","Relic","Relic","Relic","Relic","Relic","Card","Relic","Card","Relic","Relic","Card","Card","Relic","Card","Relic","Relic","Card"],"build_version":"2020-12-22","purchased_purges":1,"victory":true,"max_hp_per_floor":[72,72,72,72,72,72,72,72,72,72,72,72,72,72,72,72,72,72,72,72,72,72,72,72,72,72,72,72,72,72,72,72,72,72,72,72,72,72,72,84,84,84,84,84,86,86,88,88,88,88,88,88,88,88,88],"card_choices":[{"not_picked":["Replay:BasicMightCard","Trip"],"picked":"Swift Strike","floor":0.0},{"not_picked":["WheelKick+1","MarkedMod:FirstStrike+1"],"picked":"FlurryOfBlows+1","floor":1.0},{"not_picked":["Nirvana+1","CutThroughFate+1"],"picked":"ClearTheMind+1","floor":4},{"not_picked":["Vault+1","ClearTheMind+1"],"picked":"Protect+1","floor":5},{"not_picked":["Replay:Anticipation+1","BowlingBash+1"],"picked":"DeceiveReality+1","floor":6},{"not_picked":["CutThroughFate+1","Blasphemy+1"],"picked":"Evaluate+1","floor":10},{"not_picked":["Replay:BluntJabs+1","Swivel+1"],"picked":"SashWhip+1","floor":11},{"not_picked":["CutThroughFate+1","FlyingSleeves+1"],"picked":"Consecrate+1","floor":12},{"not_picked":["EmptyFist+1","Fasting2+1"],"picked":"Wallop+1","floor":13},{"not_picked":["Protect+1","PathToVictory+1"],"picked":"BowlingBash+1","floor":14},{"not_picked":["DeusExMachina+1","MarkedMod:ChiBlock+1"],"picked":"Alpha+1","floor":16},{"not_picked":["Evaluate+1","EmptyFist+1"],"picked":"Wireheading+1","floor":18},{"not_picked":["JustLucky+1","MarkedMod:FirstStrike+1"],"picked":"Replay:BluntJabs+1","floor":20},{"not_picked":["EmptyMind+1","EmptyFist+1"],"picked":"Prostrate+1","floor":22},{"not_picked":["Replay:Cycle+1","Replay:ManipulateFuture+1"],"picked":"Evaluate+1","floor":23},{"not_picked":["Weave+1","Replay:DivineShield+1"],"picked":"WheelKick+1","floor":24},{"not_picked":["Fasting2+1","MasterReality+1"],"picked":"Perseverance+1","floor":25},{"not_picked":["MarkedMod:Acupuncture+1","Indignation+1"],"picked":"WaveOfTheHand+1","floor":27},{"not_picked":["MarkedMod:Acupuncture+1","Evaluate+1"],"picked":"WindmillStrike+1","floor":28},{"not_picked":["Wish+1","Brilliance+1"],"picked":"DeusExMachina+1","floor":33},{"not_picked":["WaveOfTheHand+1","MarkedMod:FirstStrike+1"],"picked":"Crescendo+1","floor":35},{"not_picked":["FollowUp+1","Perseverance+1","Protect+1"],"picked":"SKIP","floor":40},{"not_picked":["DeceiveReality+1","MarkedMod:GentlePulse+1"],"picked":"Devotion+1","floor":42},{"not_picked":["CarveReality+1","ReachHeaven+1"],"picked":"InnerPeace+1","floor":44},{"not_picked":["Wallop+1","MarkedMod:Acupuncture+1","FearNoEvil+1"],"picked":"Singing Bowl","floor":45},{"not_picked":["Replay:AllIn+1","EmptyFist+1","Protect+1"],"picked":"Singing Bowl","floor":47},{"not_picked":["Vengeance+1","Study+1"],"picked":"DevaForm+1","floor":54}],"player_experience":836019,"relics_obtained":[{"floor":6,"key":"hubris:OldNail"},{"floor":6,"key":"conspire:DecoderRing"},{"floor":23,"key":"TeardropLocket"},{"floor":23,"key":"Replay:Baseball"},{"floor":25,"key":"construct:RocketBooster"},{"floor":25,"key":"MawBank"},{"floor":26,"key":"DemoMod:ClearGuonStone"},{"floor":28,"key":"DemoMod:GundromedaStrain"},{"floor":28,"key":"HornCleat"},{"floor":40,"key":"hubris:CrystalStatue"},{"floor":40,"key":"DemoMod:Orange"},{"floor":43,"key":"Singing Bowl"},{"floor":44,"key":"Replay:WaspNest"},{"floor":44,"key":"infinitespire:Satchel"},{"floor":54,"key":"infinitespire:Golems Mask"},{"floor":54,"key":"Iron Hammer"}],"event_choices":[{"damage_healed":72.0,"max_hp_gain":0.0,"max_hp_loss":72.0,"gold_gain":0.0,"event_name":"betterThird:BetterShining","player_choice":"Upgrade","floor":2.0,"gold_loss":0.0,"damage_taken":14.0,"cards_upgraded":["Strike_P","Defend_P"]},{"damage_healed":0,"gold_gain":200,"player_choice":"Gold","damage_taken":0,"max_hp_gain":0,"max_hp_loss":0,"event_name":"Wheel of Change","floor":21,"gold_loss":0},{"damage_healed":0,"gold_gain":0,"player_choice":"Got Potions","damage_taken":0,"max_hp_gain":0,"max_hp_loss":0,"event_name":"Lab","floor":36,"gold_loss":0},{"damage_healed":0,"gold_gain":0,"player_choice":"Embrace Madness","damage_taken":11,"max_hp_gain":0,"max_hp_loss":0,"event_name":"Winding Halls","floor":48,"gold_loss":0,"cards_obtained":["Madness","Madness"]}],"is_beta":false,"boss_relics":[{"not_picked":["halation:SmartPhone","Replay:Cursed D8","Honey Jar"]},{"not_picked":["conspire:RunicOctahedron","Painkiller Herb"],"picked":"Cursed Key"}],"items_purged_floors":[19],"is_endless":false,"potions_floor_spawned":[5,6,12,16,20,24,27,33,35,44,54],"ascension_level":0}}