{"host":"y4sghvfd0ewtcchd","time":1611430408,"event":{"mods":["Aspiration","BaseMod","Better Debug","Better Note","Better Third Choice","BetterRewards","Block Reminder","Colored Map","Colored Powertips","Highlight Path","Hubris","Infinite Spire","Minty Spire (QoL Compilation)","Relic Sorter","Relic Stats","Replay The Spire","Robot Space Explorer","Shop Mod","Spicy Shops","StSLib","The Jungle","The Saiyan"],"gold_per_floor":[110,110,110,126,126,126,142,162,162,173,173,204,204,279,279,380,380,393,393,410,422,433,447,447,447,447,481,481,506,506,523,523,523,523],"floor_reached":33,"language":"ENG","playtime":2155,"items_purged":["Pain"],"score":731,"play_id":"9d5851f5-a8a7-4c81-9fbf-5b08e52eb8f6","local_time":"20210123223328","is_ascension_mode":true,"campfire_choices":[{"floor":6.0,"key":"REST"},{"data":"Wraith Form v2","floor":11.0,"key":"SMITH"},{"floor":15.0,"key":"REST"},{"data":"Tools of the Trade","floor":24.0,"key":"SMITH"},{"floor":28,"key":"REST"},{"data":"Sneak Up","floor":30,"key":"SMITH"},{"data":"Bouncing Flask","floor":32,"key":"SMITH"}],"circlet_count":0,"master_deck":["AscendersBane","Strike_G","Strike_G","Strike_G+1","Strike_G","Defend_G","Defend_G","Defend_G","Defend_G","Defend_G","Survivor","Neutralize","Die Die Die+1","Die Die Die","hubris:Insight","Dodge and Roll","Choke","ReplayTheSpireMod:Scrap Shanks","Wraith Form v2+1","Bane","Prepared","Cloak And Dagger","Deadly Poison","Replay:Bag of Tricks","Acrobatics","Doppelganger","Tools of the Trade+1","Bane","Sneak Up+1","Bouncing Flask+1","ReplayTheSpireMod:Shiv Toss","Footwork","Blade Dance+1","Prepared+1"],"relics":["Ring of the Snake","DollysMirror","CaptainsWheel","Thread and Needle","ReplayFunnel","TwistedFunnel","Omamori","Tough Bandages","Oddly Smooth Stone","Replay:Fungal Core","BargainBundle","hubris:RunicObelisk","aspiration:RitualStick","Regal Pillow","Whetstone"],"acts_visited":["Exordium","TheCity"],"potions_floor_usage":[27,27,33],"damage_taken":[{"damage":0.0,"enemies":"Small Slimes","floor":1.0,"turns":2.0},{"damage":0.0,"enemies":"2 Louse","floor":4.0,"turns":1.0},{"damage":6.0,"enemies":"infinitespire:Voidling","floor":7.0,"turns":3.0},{"damage":0.0,"enemies":"Lots of Slimes","floor":8.0,"turns":2.0},{"damage":0.0,"enemies":"Large Slime","floor":10.0,"turns":4.0},{"damage":0.0,"enemies":"Lagavulin","floor":12.0,"turns":3.0},{"damage":0.0,"enemies":"Slime Boss","floor":16.0,"turns":8.0},{"damage":0.0,"enemies":"Chosen","floor":18.0,"turns":3.0},{"damage":0.0,"enemies":"Shell Parasite","floor":20.0,"turns":3.0},{"damage":0.0,"enemies":"Centurion and Healer","floor":21.0,"turns":5.0},{"damage":0.0,"enemies":"Chosen and Byrds","floor":22.0,"turns":5.0},{"damage":0.0,"enemies":"Snecko","floor":23.0,"turns":3.0},{"damage":12,"enemies":"Gremlin Leader","floor":27,"turns":4},{"damage":0,"enemies":"Book of Stabbing","floor":29,"turns":5},{"damage":0,"enemies":"Centurion and Healer","floor":31,"turns":5},{"damage":99,"enemies":"LordOfAnnihilation","floor":33,"turns":7}],"seed_played":"-1967474167976650910","potions_obtained":[{"floor":1.0,"key":"AttackPotion"},{"floor":7.0,"key":"Poison Potion"},{"floor":10.0,"key":"FearPotion"},{"floor":16.0,"key":"Strength Potion"},{"floor":20.0,"key":"Languid Potion"},{"floor":27,"key":"SmokeBomb"},{"floor":31,"key":"Strength Potion"}],"is_trial":false,"path_per_floor":["M","?","$","M","?","R","M","M","T","M","R","E","AVR","?","R","B",null,"M","?","M","M","M","M","R","?","T","E","R","E","R","M","R","B"],"character_chosen":"THE_SILENT","items_purchased":["Die Die Die","DollysMirror","CaptainsWheel","Thread and Needle","hubris:Insight","Dodge and Roll","Choke","ReplayFunnel","ReplayTheSpireMod:Scrap Shanks","Wraith Form v2","TwistedFunnel","Bane","Omamori","Prepared"],"campfire_rested":3,"item_purchase_floors":[0,0,0,0,0,0,0,0,0,0,0,0,0,0],"current_hp_per_floor":[21,21,21,21,21,42,41,41,41,41,41,41,41,30,51,51,65,65,65,65,65,65,65,65,51,51,39,70,70,70,70,70,0,0],"gold":523,"neow_bonus":"","is_daily":false,"chose_seed":false,"campfire_upgraded":4,"win_rate":0.0,"timestamp":1611430408,"path_taken":["M","?","$","M","?","R","?","M","T","?","R","E","$","?","R","BOSS","M","?","M","M","M","M","R","?","T","E","R","E","R","M","R","BOSS"],"items_purchased_type":["Card","Relic","Relic","Relic","Card","Card","Card","Relic","Card","Card","Relic","Card","Relic","Card"],"build_version":"2020-12-22","purchased_purges":1,"victory":false,"max_hp_per_floor":[70,70,70,70,70,70,70,70,70,70,70,70,70,70,70,70,70,70,70,70,70,70,70,70,70,70,70,70,70,70,70,70,70,70],"relic_stats":{"Tough Bandages":[144],"Regal Pillow":10,"counters":[371,1620],"Whetstone":["Strike_G","Die Die Die"],"obtain_stats":[{"Vampiric Spirits":46,"downfall:HeartBlessingGreen":10,"aspiration:PoetsPen_weak":17,"hubris:MysteriousPyramids":9,"Sling":55,"Ring of Searing":38,"Blood Vial":43,"Replay:Wanted Poster":34,"infinitespire:ShieldingShard":13,"hubris:HerbalPaste":0,"hubris:AstralHammer":40,"Replay:Bronze Core":34,"Fusion Hammer":34,"Replay:Bottled Flurry":46,"Replay:Bottled Steam":53,"hubris:MobiusCoin":6,"MerchantsRug":53,"Eternal Feather":53,"Pen Nib":25,"ReplayTheSpireMod:SealedPack":17,"infinitespire:Magic Flask":9,"infinitespire:EvilPickle":33,"infinitespire:Broken Mirror":54,"Bird Faced Urn":39,"Unceasing Top":14,"hubris:Reverence":23,"Regal Pillow":29,"Torii":7,"hubris:EmptyBottle":29,"Ancient Tea Set":5,"Pet Ghost":41,"Ring of Fangs":46,"hubris:Backtick":34,"infinitespire:Bottled Soul":43,"aspiration:AnachronicSnailShell":41,"Toolbox":53,"hubris:CuriousFeather":38,"Replay:Bottled Eggs":53,"infinitespire:Eraser":23,"InkBottle":25,"aspiration:ChemicalBlood":24,"Ring of the Snake":0,"Potion Belt":44,"Lee\u0027s Waffle":53,"Replay:Fungal Core":29,"hubris:64BitClover":0,"PreservedInsect":26,"infinitespire:Lucky Rock":26,"hubris:Towel":30,"Ornamental Fan":6,"Art of War":37,"Garlic":11,"infinitespire:Midas Blood":0,"hubris:BottledRain":17,"Ice Cream":44,"Calipers":23,"hubris:TerracottaHorce":48,"Sozu":17,"Centennial Puzzle":48,"Prayer Wheel":11,"Iron Hammer":54,"hubris:DuctTape":34,"ReplayTheSpireMod:CursedCoin":53,"Replay:Grab Bag":34,"Ring of Chaos":34,"SaiyanHeart":0,"aspiration:HiddenCompartment":29,"hubris:PeanutButter":9,"infinitespire:EmpoweringShard":0,"aspiration:HatOfInfinitePower":37,"Mirror":9,"Pocketwatch":36,"aspiration:TomeofQuesting":38,"Snake Skull":7,"hubris:RunicObelisk":17,"aspiration:StickyExplosives_weak":24,"Tough Bandages":9,"hubris:Icosahedron":47,"aspiration:DefectSkillbook":34,"downfall:HeartBlessingBlue":18,"Red Mask":31,"Runic Pyramid":21,"hubris:KleinBottle":37,"Guide Book":0,"Replay:WaspNest":53,"Odd Mushroom":13,"Mercury Hourglass":6,"Calling Bell":47,"Strange Spoon":53,"Cauldron":53,"Pondfish Scales":29,"infinitespire:Satchel":31,"SaiyanSoul":0,"Bag of Marbles":6,"Membership Card":20,"hubris:AncientText":36,"FossilizedHelix":36,"hubris:OldNail":0,"TwistedFunnel":0,"infinitespire:BottledMercury":46,"Ginger":25,"Whetstone":29,"Bottled Tornado":0,"Boot":52,"aspiration:RitualStick":25,"Replay:Ringing Soul":43,"MealTicket":48,"hubris:DeckOfHolding":28,"infinitespire:Golems Mask":48,"Kunai":47,"Replay:Wax Seal":18,"hubris:TinFlute":53,"Pear":20,"Counterbalance":38,"ReplayTheSpireMod:Ring of Addiction":46,"hubris:SphereOfDissonance":0,"Replay:Ancient Bell":34,"aspiration:IroncladSkillbook":17,"aspiration:FrozenJewel":9,"SlaversCollar":17,"Pandora\u0027s Box":34,"hubris:TenFootPole":2,"infinitespire:PuzzleCube":24,"Abe\u0027s Treasure":17,"aspiration:Lifesprig":0,"Lantern":40,"hubris:Metronome":41,"Blue Doll":52,"Bag of Preparation":42,"Replay:Multitool":20,"Cursed Key":34,"Replay:Rubber Ducky":36,"Shovel":3,"Ring of Peace":38,"WingedGreaves":36,"Ring of Panic":10,"hubris:GlazedTorus":46,"aspiration:VileToxins":42,"downfall:HeartBlessingRed":10,"Basket Of Snakes":31,"Damaru":6,"Thread and Needle":53,"The Courier":41,"infinitespire:Joker Card":0,"Omamori":45,"infinitespire:CheckeredPen":43,"Busted Crown":17,"Orrery":0,"ReplayTheSpireMod:Onyx Gauntlets":34,"ReplayTheSpireMod:Lightbulb":0,"Toy Ornithopter":46,"hubris:CrystalStatue":41,"Vajra":12,"Lizard Tail":13,"DollysMirror":20,"Strawberry":49,"aspiration:ArtOfWarUpgrade":49,"Toxic Egg 2":0,"Byrd Skull":41,"Happy Flower":43,"Oddly Smooth Stone":10,"infinitespire:Beetle Shell":53,"aspiration:SeaSaltIceCream":41,"War Paint":9,"Question Card":25,"Replay:Baseball":29,"Bottled Flame":8,"ReplayTheSpireMod:Shallot":36,"Shuriken":0,"Bronze Scales":54,"Molten Egg 2":23,"ReplayTheSpireMod:TigerMarble":43,"Black Star":17,"Grinning Jar":17,"Meat on the Bone":4,"ReplayFunnel":36,"Darkstone Periapt":24,"ReplayTheSpireMod:Ring of Exchange":3,"SacredBark":46,"Mango":20,"hubris:SlimyHat":36,"ClockworkSouvenir":53,"Replay:Bandana":0,"Mummified Hand":19,"Gambling Chip":0,"Gremlin Food":21,"BargainBundle":0,"ReplayTheSpireMod:Ninjato":41,"infinitespire:CursedDice":8,"Quantum Egg":43,"ReplayTheSpireMod:Ring of Sloth":10,"aspiration:HummingbirdHeart":0,"Orichalcum":47,"Anchor":37,"CaptainsWheel":17,"infinitespire:WardingShard":12,"ChewingGum":17,"Snack Pack":0,"PureWater":0,"TungstenRod":29,"hubris:Potato":0,"hubris:NiceRug":53},{"Vampiric Spirits":144,"downfall:HeartBlessingGreen":6,"aspiration:PoetsPen_weak":187,"hubris:MysteriousPyramids":97,"Sling":207,"Ring of Searing":83,"Blood Vial":85,"Replay:Wanted Poster":168,"infinitespire:ShieldingShard":70,"hubris:HerbalPaste":92,"hubris:AstralHammer":24,"Replay:Bronze Core":51,"Fusion Hammer":196,"Replay:Bottled Flurry":116,"Replay:Bottled Steam":321,"hubris:MobiusCoin":4,"MerchantsRug":32,"Eternal Feather":262,"Pen Nib":16,"ReplayTheSpireMod:SealedPack":244,"infinitespire:Magic Flask":37,"infinitespire:EvilPickle":51,"infinitespire:Broken Mirror":120,"Bird Faced Urn":113,"Unceasing Top":186,"hubris:Reverence":223,"Regal Pillow":18,"Torii":4,"hubris:EmptyBottle":18,"Ancient Tea Set":4,"Pet Ghost":24,"Ring of Fangs":27,"hubris:Backtick":196,"infinitespire:Bottled Soul":26,"aspiration:AnachronicSnailShell":114,"Toolbox":353,"hubris:CuriousFeather":54,"Replay:Bottled Eggs":32,"infinitespire:Eraser":249,"InkBottle":107,"aspiration:ChemicalBlood":15,"Ring of the Snake":0,"Potion Belt":86,"Lee\u0027s Waffle":177,"Replay:Fungal Core":165,"hubris:64BitClover":323,"PreservedInsect":223,"infinitespire:Lucky Rock":276,"hubris:Towel":136,"Ornamental Fan":151,"Art of War":23,"Garlic":98,"infinitespire:Midas Blood":92,"hubris:BottledRain":158,"Ice Cream":144,"Calipers":105,"hubris:TerracottaHorce":232,"Sozu":244,"Centennial Puzzle":29,"Prayer Wheel":329,"Iron Hammer":146,"hubris:DuctTape":196,"ReplayTheSpireMod:CursedCoin":60,"Replay:Grab Bag":196,"Ring of Chaos":22,"SaiyanHeart":0,"aspiration:HiddenCompartment":78,"hubris:PeanutButter":153,"infinitespire:EmpoweringShard":323,"aspiration:HatOfInfinitePower":23,"Mirror":127,"Pocketwatch":112,"aspiration:TomeofQuesting":24,"Snake Skull":184,"hubris:RunicObelisk":362,"aspiration:StickyExplosives_weak":191,"Tough Bandages":359,"hubris:Icosahedron":144,"aspiration:DefectSkillbook":225,"downfall:HeartBlessingBlue":11,"Red Mask":279,"Runic Pyramid":74,"hubris:KleinBottle":23,"Guide Book":147,"Replay:WaspNest":60,"Odd Mushroom":156,"Mercury Hourglass":295,"Calling Bell":88,"Strange Spoon":262,"Cauldron":321,"Pondfish Scales":18,"infinitespire:Satchel":80,"SaiyanSoul":0,"Bag of Marbles":36,"Membership Card":13,"hubris:AncientText":112,"FossilizedHelix":169,"hubris:OldNail":264,"TwistedFunnel":121,"infinitespire:BottledMercury":58,"Ginger":250,"Whetstone":369,"Bottled Tornado":236,"Boot":32,"aspiration:RitualStick":367,"Replay:Ringing Soul":257,"MealTicket":59,"hubris:DeckOfHolding":77,"infinitespire:Golems Mask":144,"Kunai":88,"Replay:Wax Seal":11,"hubris:TinFlute":353,"Pear":189,"Counterbalance":24,"ReplayTheSpireMod:Ring of Addiction":27,"hubris:SphereOfDissonance":121,"Replay:Ancient Bell":253,"aspiration:IroncladSkillbook":42,"aspiration:FrozenJewel":67,"SlaversCollar":11,"Pandora\u0027s Box":137,"hubris:TenFootPole":180,"infinitespire:PuzzleCube":45,"Abe\u0027s Treasure":272,"aspiration:Lifesprig":62,"Lantern":171,"hubris:Metronome":200,"Blue Doll":32,"Bag of Preparation":85,"Replay:Multitool":335,"Cursed Key":111,"Replay:Rubber Ducky":23,"Shovel":2,"Ring of Peace":83,"WingedGreaves":140,"Ring of Panic":97,"hubris:GlazedTorus":88,"aspiration:VileToxins":257,"downfall:HeartBlessingRed":6,"Basket Of Snakes":224,"Damaru":67,"Thread and Needle":321,"The Courier":229,"infinitespire:Joker Card":323,"Omamori":27,"infinitespire:CheckeredPen":284,"Busted Crown":131,"Orrery":236,"ReplayTheSpireMod:Onyx Gauntlets":196,"ReplayTheSpireMod:Lightbulb":264,"Toy Ornithopter":27,"hubris:CrystalStatue":114,"Vajra":155,"Lizard Tail":216,"DollysMirror":13,"Strawberry":30,"aspiration:ArtOfWarUpgrade":175,"Toxic Egg 2":291,"Byrd Skull":257,"Happy Flower":114,"Oddly Smooth Stone":6,"infinitespire:Beetle Shell":32,"aspiration:SeaSaltIceCream":24,"War Paint":6,"Question Card":107,"Replay:Baseball":18,"Bottled Flame":127,"ReplayTheSpireMod:Shallot":112,"Shuriken":264,"Bronze Scales":120,"Molten Egg 2":105,"ReplayTheSpireMod:TigerMarble":26,"Black Star":100,"Grinning Jar":158,"Meat on the Bone":94,"ReplayFunnel":169,"Darkstone Periapt":305,"ReplayTheSpireMod:Ring of Exchange":266,"SacredBark":27,"Mango":13,"hubris:SlimyHat":23,"ClockworkSouvenir":32,"Replay:Bandana":147,"Mummified Hand":43,"Gambling Chip":33,"Gremlin Food":74,"BargainBundle":62,"ReplayTheSpireMod:Ninjato":143,"infinitespire:CursedDice":269,"Quantum Egg":56,"ReplayTheSpireMod:Ring of Sloth":97,"aspiration:HummingbirdHeart":236,"Orichalcum":88,"Anchor":83,"CaptainsWheel":158,"infinitespire:WardingShard":243,"ChewingGum":333,"Snack Pack":62,"PureWater":0,"TungstenRod":109,"hubris:Potato":179,"hubris:NiceRug":177},{"Vampiric Spirits":705,"downfall:HeartBlessingGreen":31,"aspiration:PoetsPen_weak":930,"hubris:MysteriousPyramids":480,"Sling":992,"Ring of Searing":418,"Blood Vial":426,"Replay:Wanted Poster":818,"infinitespire:ShieldingShard":356,"hubris:HerbalPaste":462,"hubris:AstralHammer":137,"Replay:Bronze Core":277,"Fusion Hammer":971,"Replay:Bottled Flurry":563,"Replay:Bottled Steam":1446,"hubris:MobiusCoin":22,"MerchantsRug":214,"Eternal Feather":1236,"Pen Nib":78,"ReplayTheSpireMod:SealedPack":1150,"infinitespire:Magic Flask":235,"infinitespire:EvilPickle":277,"infinitespire:Broken Mirror":585,"Bird Faced Urn":547,"Unceasing Top":919,"hubris:Reverence":1056,"Regal Pillow":94,"Torii":22,"hubris:EmptyBottle":94,"Ancient Tea Set":22,"Pet Ghost":137,"Ring of Fangs":167,"hubris:Backtick":971,"infinitespire:Bottled Soul":154,"aspiration:AnachronicSnailShell":555,"Toolbox":1548,"hubris:CuriousFeather":289,"Replay:Bottled Eggs":214,"infinitespire:Eraser":1173,"InkBottle":523,"aspiration:ChemicalBlood":72,"Ring of the Snake":0,"Potion Belt":431,"Lee\u0027s Waffle":867,"Replay:Fungal Core":804,"hubris:64BitClover":1452,"PreservedInsect":1056,"infinitespire:Lucky Rock":1305,"hubris:Towel":656,"Ornamental Fan":742,"Art of War":126,"Garlic":487,"infinitespire:Midas Blood":462,"hubris:BottledRain":773,"Ice Cream":705,"Calipers":517,"hubris:TerracottaHorce":1095,"Sozu":1150,"Centennial Puzzle":181,"Prayer Wheel":1463,"Iron Hammer":718,"hubris:DuctTape":971,"ReplayTheSpireMod:CursedCoin":314,"Replay:Grab Bag":971,"Ring of Chaos":116,"SaiyanHeart":0,"aspiration:HiddenCompartment":394,"hubris:PeanutButter":749,"infinitespire:EmpoweringShard":1452,"aspiration:HatOfInfinitePower":126,"Mirror":610,"Pocketwatch":545,"aspiration:TomeofQuesting":137,"Snake Skull":909,"hubris:RunicObelisk":1580,"aspiration:StickyExplosives_weak":948,"Tough Bandages":1565,"hubris:Icosahedron":705,"aspiration:DefectSkillbook":1067,"downfall:HeartBlessingBlue":49,"Red Mask":1318,"Runic Pyramid":381,"hubris:KleinBottle":126,"Guide Book":725,"Replay:WaspNest":314,"Odd Mushroom":763,"Mercury Hourglass":1373,"Calling Bell":441,"Strange Spoon":1236,"Cauldron":1446,"Pondfish Scales":94,"infinitespire:Satchel":402,"SaiyanSoul":0,"Bag of Marbles":233,"Membership Card":56,"hubris:AncientText":545,"FossilizedHelix":823,"hubris:OldNail":1248,"TwistedFunnel":591,"infinitespire:BottledMercury":304,"Ginger":1178,"Whetstone":1608,"Bottled Tornado":1121,"Boot":214,"aspiration:RitualStick":1599,"Replay:Ringing Soul":1209,"MealTicket":307,"hubris:DeckOfHolding":389,"infinitespire:Golems Mask":705,"Kunai":441,"Replay:Wax Seal":49,"hubris:TinFlute":1548,"Pear":941,"Counterbalance":137,"ReplayTheSpireMod:Ring of Addiction":167,"hubris:SphereOfDissonance":591,"Replay:Ancient Bell":1192,"aspiration:IroncladSkillbook":246,"aspiration:FrozenJewel":343,"SlaversCollar":49,"Pandora\u0027s Box":666,"hubris:TenFootPole":883,"infinitespire:PuzzleCube":255,"Abe\u0027s Treasure":1290,"aspiration:Lifesprig":323,"Lantern":832,"hubris:Metronome":978,"Blue Doll":214,"Bag of Preparation":426,"Replay:Multitool":1485,"Cursed Key":542,"Replay:Rubber Ducky":126,"Shovel":12,"Ring of Peace":418,"WingedGreaves":683,"Ring of Panic":480,"hubris:GlazedTorus":441,"aspiration:VileToxins":1209,"downfall:HeartBlessingRed":31,"Basket Of Snakes":1060,"Damaru":343,"Thread and Needle":1446,"The Courier":1082,"infinitespire:Joker Card":1452,"Omamori":167,"infinitespire:CheckeredPen":1337,"Busted Crown":632,"Orrery":1121,"ReplayTheSpireMod:Onyx Gauntlets":971,"ReplayTheSpireMod:Lightbulb":1248,"Toy Ornithopter":167,"hubris:CrystalStatue":555,"Vajra":761,"Lizard Tail":1021,"DollysMirror":56,"Strawberry":193,"aspiration:ArtOfWarUpgrade":853,"Toxic Egg 2":1362,"Byrd Skull":1209,"Happy Flower":555,"Oddly Smooth Stone":31,"infinitespire:Beetle Shell":214,"aspiration:SeaSaltIceCream":137,"War Paint":31,"Question Card":523,"Replay:Baseball":94,"Bottled Flame":610,"ReplayTheSpireMod:Shallot":545,"Shuriken":1248,"Bronze Scales":585,"Molten Egg 2":517,"ReplayTheSpireMod:TigerMarble":154,"Black Star":500,"Grinning Jar":773,"Meat on the Bone":467,"ReplayFunnel":823,"Darkstone Periapt":1403,"ReplayTheSpireMod:Ring of Exchange":1257,"SacredBark":167,"Mango":56,"hubris:SlimyHat":126,"ClockworkSouvenir":214,"Replay:Bandana":725,"Mummified Hand":249,"Gambling Chip":226,"Gremlin Food":381,"BargainBundle":323,"ReplayTheSpireMod:Ninjato":699,"infinitespire:CursedDice":1272,"Quantum Egg":297,"ReplayTheSpireMod:Ring of Sloth":480,"aspiration:HummingbirdHeart":1121,"Orichalcum":441,"Anchor":418,"CaptainsWheel":773,"infinitespire:WardingShard":1143,"ChewingGum":1480,"Snack Pack":323,"PureWater":0,"TungstenRod":530,"hubris:Potato":879,"hubris:NiceRug":867}],"aspiration:RitualStick":[2],"Ring of the Snake":[504]},"card_choices":[{"not_picked":["Dodge and Roll","hubris:SlightOfHand"],"picked":"Cloak And Dagger","floor":1.0},{"not_picked":["Eviscerate","Deflect"],"picked":"Deadly Poison","floor":4.0},{"not_picked":["Endless Agony","Toxin Wave","Infinite Blades"],"picked":"SKIP","floor":7.0},{"not_picked":["Deadly Poison","Poisoned Stab"],"picked":"Replay:Bag of Tricks","floor":8.0},{"not_picked":["Accuracy","Sucker Punch"],"picked":"Acrobatics","floor":10.0},{"not_picked":["Slice","Dodge and Roll"],"picked":"Doppelganger","floor":12.0},{"not_picked":["Storm of Steel","ReplayTheSpireMod:From All Sides"],"picked":"Tools of the Trade","floor":16.0},{"not_picked":["Endless Agony+1","Flying Knee+1"],"picked":"Bane","floor":18.0},{"not_picked":["Acrobatics+1","Choke"],"picked":"Sneak Up","floor":20.0},{"not_picked":["Deadly Poison","Dodge and Roll","Sucker Punch"],"picked":"SKIP","floor":21.0},{"not_picked":["Choke","Dodge and Roll"],"picked":"Bouncing Flask","floor":22.0},{"not_picked":["PiercingWail","Dash"],"picked":"ReplayTheSpireMod:Shiv Toss","floor":23.0},{"not_picked":["Leg Sweep","Well Laid Plans"],"picked":"Footwork","floor":27},{"not_picked":["Outmaneuver","Prepared+1"],"picked":"Blade Dance+1","floor":29},{"not_picked":["ReplayTheSpireMod:Exploit Weakness","hubris:TrickCloak"],"picked":"Prepared+1","floor":31}],"player_experience":672493,"relics_obtained":[{"floor":9.0,"key":"Tough Bandages"},{"floor":12.0,"key":"Oddly Smooth Stone"},{"floor":27,"key":"Regal Pillow"},{"floor":29,"key":"Whetstone"}],"event_choices":[{"cards_removed":["Strike_G"],"damage_healed":0.0,"max_hp_gain":0.0,"max_hp_loss":0.0,"gold_gain":0.0,"event_name":"Purifier","player_choice":"Purged","floor":5.0,"gold_loss":0.0,"damage_taken":0.0},{"damage_healed":0.0,"max_hp_gain":0.0,"max_hp_loss":0.0,"gold_gain":75.0,"event_name":"betterThird:BetterGoop","player_choice":"Gold","floor":14.0,"gold_loss":0.0,"damage_taken":11.0}],"is_beta":false,"boss_relics":[{"not_picked":["infinitespire:Cupcake","aspiration:RitualDagger"],"picked":"hubris:RunicObelisk"}],"items_purged_floors":[0],"is_endless":false,"potions_floor_spawned":[1,7,10,16,20,27,31],"killed_by":"LordOfAnnihilation","ascension_level":10}}