{"host":"2haferq23ht5nrlk","time":1611427383,"event":{"mods":["ATMod(°¢èªMod)","BaseMod","KomeijiMod","Minty Spire (QoL Compilation)","Quick Restart","Relic Stats","Replay The Spire","Spicy Shops","StSLib","UnlockEverythingMod","¡¾ÒÅÎï¿¨ÅÆ¡¿REMEMod"],"gold_per_floor":[117,117,131,193,33,65,96,131,131,157,174,174,174,203,257,334,334,345,15,34,34,53,81,81,161,161],"floor_reached":25,"language":"ZHS","playtime":1349,"items_purged":[],"score":714,"play_id":"29738236-d1de-4a2e-85f7-155eb7216726","local_time":"20210124024303","daily_mods":["Heirloom","Flight","DeadlyEvents"],"is_ascension_mode":true,"campfire_choices":[{"floor":12.0,"key":"REST"},{"data":"Armaments","floor":13.0,"key":"SMITH"},{"floor":24,"key":"REST"}],"circlet_count":0,"master_deck":["AscendersBane","Strike_R","Strike_R","Strike_R","Strike_R","Defend_R","Defend_R+1","Defend_R+1","Defend_R+1","Bash","AT_EmpoweredMortalDraw","REME_WheelOfFate","Hemokinesis","Ghostly Armor","Armaments+1","AT_IchimonjiDouble","Pummel","Body Slam","Metallicize+1","Impervious","Double Tap","REME_Scribble","REME_Cut+1","Twin Strike+1","Shrug It Off+1","AT_ManFootWork+1","Feed+1"],"relics":["Black Blood","AT_ATBox","REME_ComplimentaryCards","Replay:PocketPolymizer","REME_CardOfGreed","Frozen Egg 2","AT_EbonyIvory","Simple Rune","AT_DeathDance","AT_BellDemon","Gremlin Food","Smiling Mask","Tiny Chest","Molten Egg 2","Bottled Tornado"],"acts_visited":["Exordium","TheCity"],"potions_floor_usage":[20,25],"damage_taken":[{"damage":31.0,"enemies":"Jaw Worm","floor":1.0,"turns":5.0},{"damage":0.0,"enemies":"Cultist","floor":3.0,"turns":2.0},{"damage":32.0,"enemies":"Lagavulin","floor":6.0,"turns":5.0},{"damage":22.0,"enemies":"3 Sentries","floor":7.0,"turns":7.0},{"damage":32.0,"enemies":"Lagavulin","floor":8.0,"turns":4.0},{"damage":2.0,"enemies":"3 Sentries","floor":10.0,"turns":5.0},{"damage":0.0,"enemies":"Small Slimes","floor":11.0,"turns":1.0},{"damage":17.0,"enemies":"Lagavulin","floor":14.0,"turns":4.0},{"damage":32.0,"enemies":"The Guardian","floor":16.0,"turns":10.0},{"damage":32.0,"enemies":"Shell Parasite","floor":18.0,"turns":5.0},{"damage":6,"enemies":"3 Byrds","floor":20,"turns":3},{"damage":21,"enemies":"3 Cultists","floor":22,"turns":5},{"damage":41,"enemies":"Slavers","floor":23,"turns":6},{"damage":53,"enemies":"Gremlin Leader","floor":25,"turns":5}],"seed_played":"5923991451761874602","potions_obtained":[{"floor":6.0,"key":"BloodPotion"},{"floor":8.0,"key":"PowerPotion"},{"floor":10.0,"key":"Strength Potion"},{"floor":14.0,"key":"Regen Potion"},{"floor":23,"key":"SpeedPotion"}],"is_trial":true,"path_per_floor":["M","?","M","?","$","E","E","E","T","E","M","R","R","E","R","B",null,"M","$","M","?","M","E","R","E"],"character_chosen":"IRONCLAD","items_purchased":["REME_CardOfGreed","Molten Egg 2","REME_Cut+1"],"campfire_rested":2,"item_purchase_floors":[5,19,19],"current_hp_per_floor":[62,62,68,68,68,42,41,15,15,39,45,67,67,56,56,30,64,44,44,57,57,50,26,51,0,0],"gold":161,"neow_bonus":"","is_daily":false,"chose_seed":false,"campfire_upgraded":1,"win_rate":0.0,"timestamp":1611427383,"path_taken":["M","?","?","?","$","E","E","E","T","?","?","R","R","E","R","BOSS","M","$","M","?","?","E","R","E"],"items_purchased_type":["Relic","Relic","Card"],"build_version":"2020-12-22","purchased_purges":0,"victory":false,"max_hp_per_floor":[75,75,75,75,75,75,75,75,75,75,75,75,75,75,75,75,75,75,75,77,77,79,84,84,86,86],"relic_stats":{"counters":[14,67],"Black Blood":102,"Tiny Chest":0,"Smiling Mask":0,"obtain_stats":[{"AT_BellDemon":9,"Gremlin Food":10,"AT_ATBox":0,"Replay:PocketPolymizer":0,"Black Blood":17,"AT_EbonyIvory":7,"Frozen Egg 2":6,"Bottled Tornado":23,"Smiling Mask":14,"Burning Blood":0,"Simple Rune":7,"Tiny Chest":16,"Molten Egg 2":19,"REME_CardOfGreed":5,"AT_DeathDance":8,"REME_ComplimentaryCards":0},{"AT_BellDemon":5,"Gremlin Food":6,"AT_ATBox":0,"Replay:PocketPolymizer":0,"Black Blood":9,"AT_EbonyIvory":4,"Frozen Egg 2":3,"Bottled Tornado":13,"Smiling Mask":8,"Burning Blood":0,"Simple Rune":4,"Tiny Chest":9,"Molten Egg 2":10,"REME_CardOfGreed":2,"AT_DeathDance":5,"REME_ComplimentaryCards":0},{"AT_BellDemon":23,"Gremlin Food":28,"AT_ATBox":0,"Replay:PocketPolymizer":0,"Black Blood":43,"AT_EbonyIvory":16,"Frozen Egg 2":12,"Bottled Tornado":62,"Smiling Mask":33,"Burning Blood":0,"Simple Rune":19,"Tiny Chest":37,"Molten Egg 2":48,"REME_CardOfGreed":7,"AT_DeathDance":23,"REME_ComplimentaryCards":0}]},"card_choices":[{"not_picked":["Spot Weakness","Wild Strike"],"picked":"Hemokinesis","floor":1.0},{"not_picked":["Havoc","Massacre"],"picked":"Ghostly Armor","floor":3.0},{"not_picked":["ReplayTheSpireMod:Stacked","ReplayTheSpireMod:Strike From Hell"],"picked":"Armaments","floor":6.0},{"not_picked":["Perfected Strike","Flex"],"picked":"AT_IchimonjiDouble","floor":7.0},{"not_picked":["Anger","Clash"],"picked":"Pummel","floor":8.0},{"not_picked":["Carnage","Flex"],"picked":"Body Slam","floor":10.0},{"not_picked":["AT_IchimonjiDouble","Armaments"],"picked":"Metallicize+1","floor":11.0},{"not_picked":["Hemogenesis","Armaments"],"picked":"Impervious","floor":14.0},{"not_picked":["Hemogenesis","Reaper"],"picked":"Double Tap","floor":16.0},{"not_picked":["Clash","Entrench"],"picked":"REME_Scribble","floor":18.0},{"not_picked":["REME_SingleHolding","Wild Strike+1"],"picked":"Twin Strike+1","floor":20},{"not_picked":["Life Link+1","Flame Barrier"],"picked":"AT_ManFootWork+1","floor":22},{"not_picked":["Perfected Strike+1","Whirlwind+1"],"picked":"Feed+1","floor":23}],"player_experience":12483,"relics_obtained":[{"floor":6.0,"key":"Frozen Egg 2"},{"floor":7.0,"key":"Simple Rune"},{"floor":8.0,"key":"AT_DeathDance"},{"floor":9.0,"key":"AT_BellDemon"},{"floor":10.0,"key":"Gremlin Food"},{"floor":14.0,"key":"Smiling Mask"},{"floor":23,"key":"Bottled Tornado"}],"event_choices":[{"cards_removed":["Strike_R"],"damage_healed":0.0,"max_hp_gain":0.0,"max_hp_loss":0.0,"gold_gain":0.0,"event_name":"Purifier","player_choice":"Purged","floor":2.0,"gold_loss":0.0,"damage_taken":0.0},{"damage_healed":0.0,"max_hp_gain":0.0,"max_hp_loss":0.0,"gold_gain":62.0,"event_name":"Golden Wing","player_choice":"Gained Gold","floor":4.0,"gold_loss":0.0,"damage_taken":0.0},{"damage_healed":0,"gold_gain":0,"player_choice":"Read","damage_taken":0,"max_hp_gain":0,"max_hp_loss":0,"event_name":"The Library","floor":21,"gold_loss":0,"cards_obtained":["Shrug It Off"]}],"is_beta":false,"boss_relics":[{"not_picked":["Busted Crown","Calling Bell"],"picked":"Black Blood"}],"items_purged_floors":[],"is_endless":true,"potions_floor_spawned":[6,8,10,14,23],"killed_by":"Gremlin Leader","ascension_level":20}}