{"host":"3zmssa4s99zhxek5","time":1611399667,"event":{"mods":["AchievementEnabler","BaseMod","Minty Spire (QoL Compilation)","Permanent Neow","Relic Stats"],"gold_per_floor":[110,133,152,162,162,162,194,62,111,137,137,172,182,202,202,280,280,294,564,578,578,578],"floor_reached":21,"language":"KOR","playtime":1200,"items_purged":["Strike_B"],"score":398,"play_id":"725a0ec3-942c-49ff-8bf3-434ef4f28112","local_time":"20210123200107","is_ascension_mode":true,"campfire_choices":[{"data":"Barrage","floor":6,"key":"SMITH"},{"floor":11,"key":"REST"},{"floor":15,"key":"REST"}],"circlet_count":0,"master_deck":["AscendersBane","Zap","Dualcast","Electrodynamics","Sweeping Beam","Barrage+1","Darkness","Lockon","Biased Cognition","Redo","Aggregate","Melter","Auto Shields","Steam","Creative AI","Sunder","Sweeping Beam","BootSequence","Melter","Steam Power","Conserve Battery","Electrodynamics","Storm","Conserve Battery"],"relics":["Cracked Core","Dream Catcher","Eternal Feather","Pen Nib","InkBottle","Bottled Flame","Pandora\u0027s Box"],"acts_visited":["Exordium","TheCity"],"potions_floor_usage":[10,12,21],"damage_taken":[{"damage":2,"enemies":"Cultist","floor":1,"turns":4},{"damage":0,"enemies":"2 Louse","floor":3,"turns":2},{"damage":0,"enemies":"Jaw Worm","floor":4,"turns":3},{"damage":30,"enemies":"Lagavulin","floor":7,"turns":6},{"damage":15,"enemies":"3 Sentries","floor":10,"turns":3},{"damage":8,"enemies":"Gremlin Nob","floor":12,"turns":3},{"damage":5,"enemies":"Gremlin Gang","floor":13,"turns":2},{"damage":18,"enemies":"Exordium Wildlife","floor":14,"turns":3},{"damage":38,"enemies":"Hexaghost","floor":16,"turns":9},{"damage":0,"enemies":"Spheric Guardian","floor":18,"turns":1},{"damage":12,"enemies":"3 Byrds","floor":20,"turns":3},{"damage":16,"enemies":"Snake Plant","floor":21,"turns":2}],"seed_played":"-6124784324223202050","potions_obtained":[{"floor":3,"key":"Explosive Potion"},{"floor":10,"key":"SpeedPotion"},{"floor":13,"key":"SpeedPotion"},{"floor":20,"key":"PowerPotion"}],"is_trial":false,"path_per_floor":["M","T","M","M","?","R","E","$","T","E","R","E","M","M","R","B",null,"M","?","M","M"],"character_chosen":"DEFECT","items_purchased":["FearPotion"],"campfire_rested":2,"item_purchase_floors":[8],"current_hp_per_floor":[62,62,62,62,67,67,37,37,37,22,51,43,38,20,52,14,55,55,28,16,0,0],"gold":578,"neow_bonus":"THREE_RARE_CARDS","is_daily":false,"chose_seed":false,"campfire_upgraded":1,"win_rate":0.0,"timestamp":1611399667,"path_taken":["M","?","M","M","?","R","E","?","T","E","R","E","?","M","R","BOSS","M","?","?","M"],"items_purchased_type":["Potion"],"build_version":"2020-12-22","purchased_purges":1,"victory":false,"max_hp_per_floor":[64,64,64,64,69,69,69,69,69,69,69,69,69,69,69,69,69,69,69,69,69,69],"relic_stats":{"Dream Catcher":2,"counters":[12,41],"Eternal Feather":21,"Pandora\u0027s Box":["Sunder","Sweeping Beam","BootSequence","Melter","Steam Power","Conserve Battery","Electrodynamics"],"Pen Nib":[2],"obtain_stats":[{"Dream Catcher":2,"Bottled Flame":12,"Eternal Feather":7,"Pandora\u0027s Box":17,"Pen Nib":9,"Cracked Core":0,"InkBottle":10},{"Dream Catcher":1,"Bottled Flame":6,"Eternal Feather":4,"Pandora\u0027s Box":9,"Pen Nib":4,"Cracked Core":0,"InkBottle":5},{"Dream Catcher":4,"Bottled Flame":21,"Eternal Feather":15,"Pandora\u0027s Box":35,"Pen Nib":15,"Cracked Core":0,"InkBottle":18}],"InkBottle":[6]},"card_choices":[{"not_picked":["Echo Form","Seek"],"picked":"Electrodynamics","floor":0},{"not_picked":["Beam Cell","Reprogram"],"picked":"Sweeping Beam","floor":1},{"not_picked":["Rebound","Sweeping Beam"],"picked":"Barrage","floor":3},{"not_picked":["Compile Driver","Conserve Battery"],"picked":"Darkness","floor":4},{"not_picked":["Hello World","Chill"],"picked":"Lockon","floor":7},{"not_picked":["Consume","Compile Driver"],"picked":"Biased Cognition","floor":10},{"not_picked":["Heatsinks","Sweeping Beam"],"picked":"Redo","floor":11},{"not_picked":["Streamline","Blizzard"],"picked":"Aggregate","floor":12},{"not_picked":["Heatsinks","Beam Cell"],"picked":"Melter","floor":13},{"not_picked":["Tempest","Turbo"],"picked":"Auto Shields","floor":14},{"not_picked":["Ball Lightning","Sweeping Beam"],"picked":"Steam","floor":15},{"not_picked":["Thunder Strike","Seek"],"picked":"Creative AI","floor":16},{"not_picked":["Streamline","Lockon"],"picked":"Storm","floor":18},{"not_picked":["Doom and Gloom","Hologram"],"picked":"Conserve Battery","floor":20}],"player_experience":1578056,"relics_obtained":[{"floor":2,"key":"Dream Catcher"},{"floor":7,"key":"Eternal Feather"},{"floor":9,"key":"Pen Nib"},{"floor":10,"key":"InkBottle"},{"floor":12,"key":"Bottled Flame"}],"event_choices":[{"damage_healed":0,"gold_gain":0,"player_choice":"Donut","damage_taken":0,"max_hp_gain":5,"max_hp_loss":0,"event_name":"Big Fish","floor":5,"gold_loss":0},{"damage_healed":0,"gold_gain":270,"player_choice":"GOLD GOLD GOLD ","damage_taken":27,"max_hp_gain":0,"max_hp_loss":0,"event_name":"Knowing Skull","floor":19,"potions_obtained":[],"gold_loss":0,"cards_obtained":[]}],"is_beta":false,"boss_relics":[{"not_picked":["Tiny House","Inserter"],"picked":"Pandora\u0027s Box"}],"items_purged_floors":[8],"is_endless":false,"potions_floor_spawned":[3,10,13,20],"killed_by":"Snake Plant","ascension_level":20}}