{"host":"yvb207ks1sg3cxef","time":1611389778,"event":{"mods":["2.2 Compatiblity","BaseMod","Bestiary","Colored Powertips","Minty Spire (QoL Compilation)","Permanent Neow","Quick Restart","Relic Stats","StSLib"],"gold_per_floor":[118,268,49,68,68,68,94,106,106,135,153,169,202,212,212,286,286,267,279,279,295,295,307,307,307,307],"floor_reached":25,"language":"ENG","playtime":1408,"items_purged":["Doubt"],"score":438,"play_id":"f0e923f0-3db8-4d96-a273-78c5218c0634","local_time":"20210123134618","is_ascension_mode":true,"campfire_choices":[{"data":"Eruption","floor":6,"key":"SMITH"},{"data":"LikeWater","floor":15,"key":"SMITH"},{"data":"WheelKick","floor":24,"key":"SMITH"}],"circlet_count":0,"master_deck":["AscendersBane","Strike_P","Defend_P","Defend_P","Defend_P","Defend_P","Eruption+1","Vigilance","Clumsy","Judgement","FlurryOfBlows","TalkToTheHand+1","SashWhip","JustLucky","ClearTheMind+1","LikeWater+1","Crescendo+1","Halt+1","Prostrate+1","CutThroughFate","DeusExMachina+1","EmptyFist+1","Crescendo+1","Alpha+1","Evaluate+1","WheelKick+1","InnerPeace+1","DeusExMachina+1","ThirdEye+1"],"relics":["PureWater","Toxic Egg 2","Bottled Flame","Blood Vial","Question Card","Astrolabe","Pen Nib"],"acts_visited":["Exordium","TheCity"],"potions_floor_usage":[10,16,18,21,23,25],"damage_taken":[{"damage":0,"enemies":"Small Slimes","floor":1,"turns":2},{"damage":0,"enemies":"Cultist","floor":4,"turns":3},{"damage":9,"enemies":"Lagavulin","floor":7,"turns":9},{"damage":0,"enemies":"2 Louse","floor":8,"turns":2},{"damage":8,"enemies":"3 Sentries","floor":10,"turns":7},{"damage":2,"enemies":"Exordium Wildlife","floor":11,"turns":4},{"damage":5,"enemies":"Large Slime","floor":12,"turns":4},{"damage":0,"enemies":"Lagavulin","floor":13,"turns":7},{"damage":2,"enemies":"Gremlin Gang","floor":14,"turns":4},{"damage":31,"enemies":"Slime Boss","floor":16,"turns":11},{"damage":20,"enemies":"2 Thieves","floor":18,"turns":4},{"damage":0,"enemies":"Chosen","floor":19,"turns":4},{"damage":21,"enemies":"Snake Plant","floor":21,"turns":5},{"damage":9,"enemies":"Sentry and Sphere","floor":23,"turns":3},{"damage":28,"enemies":"Shelled Parasite and Fungi","floor":25,"turns":2}],"seed_played":"-5757265480180780251","potions_obtained":[{"floor":4,"key":"Explosive Potion"},{"floor":8,"key":"AttackPotion"},{"floor":10,"key":"LiquidMemories"},{"floor":14,"key":"Fruit Juice"},{"floor":16,"key":"Fruit Juice"},{"floor":18,"key":"LiquidMemories"},{"floor":21,"key":"Ambrosia"}],"is_trial":false,"path_per_floor":["M","?","$","M","?","R","E","M","T","E","M","M","E","M","R","B",null,"M","M","?","M","T","M","R","M"],"character_chosen":"WATCHER","items_purchased":["TalkToTheHand","SashWhip","Block Potion"],"campfire_rested":0,"item_purchase_floors":[3,3,3],"current_hp_per_floor":[61,61,61,61,61,61,52,52,52,44,44,41,43,43,43,19,60,47,49,49,30,30,23,23,0,0],"gold":307,"neow_bonus":"THREE_RARE_CARDS","is_daily":false,"chose_seed":false,"campfire_upgraded":3,"win_rate":0.0,"timestamp":1611389778,"path_taken":["M","?","$","M","?","R","E","M","T","E","M","?","E","M","R","BOSS","M","?","?","M","?","M","R","M"],"items_purchased_type":["Card","Card","Potion"],"build_version":"2020-12-22","purchased_purges":1,"victory":false,"max_hp_per_floor":[68,68,68,68,68,68,68,68,68,68,68,68,68,68,68,73,73,78,78,78,78,78,78,78,78,78],"relic_stats":{"Blood Vial":20,"counters":[15,71],"Astrolabe":["EmptyFist","Crescendo","Alpha"],"Pen Nib":[0],"Question Card":6,"obtain_stats":[{"Blood Vial":10,"Bottled Flame":9,"Astrolabe":17,"Pen Nib":22,"PureWater":0,"Toxic Egg 2":7,"Question Card":13},{"Blood Vial":5,"Bottled Flame":4,"Astrolabe":10,"Pen Nib":13,"PureWater":0,"Toxic Egg 2":3,"Question Card":8},{"Blood Vial":23,"Bottled Flame":16,"Astrolabe":53,"Pen Nib":66,"PureWater":0,"Toxic Egg 2":14,"Question Card":38}]},"card_choices":[{"not_picked":["Alpha","Devotion"],"picked":"Judgement","floor":0},{"not_picked":["WreathOfFlame","JustLucky"],"picked":"FlurryOfBlows","floor":1},{"not_picked":["JustLucky","Consecrate","Crescendo"],"picked":"SKIP","floor":4},{"not_picked":["Consecrate","Crescendo"],"picked":"JustLucky","floor":4},{"not_picked":["Swivel+1","FollowUp"],"picked":"ClearTheMind+1","floor":7},{"not_picked":["Consecrate","Establishment"],"picked":"LikeWater","floor":8},{"not_picked":["CrushJoints","Worship+1"],"picked":"Crescendo+1","floor":10},{"not_picked":["Evaluate+1","ClearTheMind+1"],"picked":"Halt+1","floor":11},{"not_picked":["SashWhip","Halt+1"],"picked":"Prostrate+1","floor":12},{"not_picked":["BowlingBash","Collect+1"],"picked":"CutThroughFate","floor":13},{"not_picked":["Consecrate","WreathOfFlame+1","Swivel+1","FollowUp"],"picked":"SKIP","floor":14},{"not_picked":["Brilliance","ConjureBlade+1","Omniscience+1"],"picked":"DeusExMachina+1","floor":16},{"not_picked":["CrushJoints","EmptyBody+1","SashWhip"],"picked":"Evaluate+1","floor":18},{"not_picked":["Nirvana","EmptyFist","CarveReality"],"picked":"WheelKick","floor":19},{"not_picked":["PathToVictory+1","BowlingBash","EmptyFist"],"picked":"DeusExMachina+1","floor":21},{"not_picked":["WreathOfFlame+1","Nirvana","JustLucky"],"picked":"ThirdEye+1","floor":23}],"player_experience":410416,"relics_obtained":[{"floor":7,"key":"Toxic Egg 2"},{"floor":9,"key":"Bottled Flame"},{"floor":10,"key":"Blood Vial"},{"floor":13,"key":"Question Card"},{"floor":22,"key":"Pen Nib"}],"event_choices":[{"damage_healed":0,"gold_gain":150,"player_choice":"AGREE","damage_taken":0,"max_hp_gain":0,"max_hp_loss":0,"event_name":"Liars Game","floor":2,"gold_loss":0,"cards_obtained":["Doubt"]},{"damage_healed":0,"gold_gain":0,"player_choice":"Upgraded","damage_taken":0,"max_hp_gain":0,"max_hp_loss":0,"event_name":"Upgrade Shrine","floor":5,"gold_loss":0,"cards_upgraded":["TalkToTheHand"]},{"damage_healed":0,"gold_gain":0,"player_choice":"Read","damage_taken":0,"max_hp_gain":0,"max_hp_loss":0,"event_name":"The Library","floor":20,"gold_loss":0,"cards_obtained":["InnerPeace"]}],"is_beta":false,"boss_relics":[{"not_picked":["Cursed Key","Runic Dome"],"picked":"Astrolabe"}],"items_purged_floors":[3],"is_endless":false,"potions_floor_spawned":[4,8,10,14,16,18,21],"killed_by":"Shelled Parasite and Fungi","ascension_level":15}}