{"host":"Stephanie","time":1611444783,"event":{"mods":["BaseMod","Colored Powertips","Minty Spire (QoL Compilation)","Rare Cards Sparkle","Relic Stats","StSLib","The Marked"],"gold_per_floor":[17,34,50,50,65,94,111,111,111,36,50,50,50,79,79,181,181,200,210,210,230,248,278,278,309,386,143,143,153,166,185,185,287,287,306,306,317,337,387,418,120,120,143,143,171,200,225,563,563,563,563],"floor_reached":50,"language":"ENG","playtime":4467,"items_purged":["Pain","theMarked:Strike"],"score":683,"play_id":"b14370a2-fb30-41b3-851d-708230d0e8e1","local_time":"20210123183303","is_ascension_mode":false,"campfire_choices":[{"floor":8.0,"key":"REST"},{"floor":12.0,"key":"REST"},{"data":"theMarked:MysticalArsenal","floor":15.0,"key":"SMITH"},{"floor":24.0,"key":"REST"},{"floor":32.0,"key":"REST"},{"floor":44.0,"key":"REST"},{"floor":49,"key":"RECALL"}],"circlet_count":0,"master_deck":["theMarked:Strike","theMarked:Strike","theMarked:Strike","theMarked:Defend","theMarked:Defend","theMarked:Defend","theMarked:Defend","theMarked:SoldierOfQuellstein","theMarked:BindingBlade","theMarked:Frustration","theMarked:MaelstromOfLightning","theMarked:WardOff","theMarked:ChainLightning","theMarked:MysticalArsenal+1","theMarked:HeightenedSenses","theMarked:SwordAndMagic","theMarked:GodGivenPower","theMarked:Abjuration","theMarked:EmpowerWeapon+1","theMarked:Levitate","theMarked:ElementalBlade","Ghostly","Ghostly","Ghostly","Ghostly","Ghostly","theMarked:EternalStudent","theMarked:Challenge","theMarked:BindingBlade","theMarked:ComboAttacks+1","theMarked:PowerFlow","Secret Technique","theMarked:MysticalArsenal+1","theMarked:Abjuration","theMarked:MysticalArsenal+1","theMarked:ReduceFriction+1"],"relics":["theMarked:BronzeBlade","WarpedTongs","Omamori","PreservedInsect","Darkstone Periapt","Anchor","Frozen Egg 2","Sling","Philosopher\u0027s Stone","Prayer Wheel","Gambling Chip","Vajra","Medical Kit","CeramicFish","Old Coin"],"acts_visited":["Exordium","TheCity","TheBeyond"],"potions_floor_usage":[50,50],"damage_taken":[{"damage":1.0,"enemies":"2 Louse","floor":1.0,"turns":3.0},{"damage":1.0,"enemies":"Cultist","floor":2.0,"turns":3.0},{"damage":6.0,"enemies":"Jaw Worm","floor":3.0,"turns":2.0},{"damage":4.0,"enemies":"3 Louse","floor":5.0,"turns":5.0},{"damage":23.0,"enemies":"Lagavulin","floor":6.0,"turns":7.0},{"damage":17.0,"enemies":"Gremlin Gang","floor":7.0,"turns":3.0},{"damage":8.0,"enemies":"Exordium Wildlife","floor":11.0,"turns":3.0},{"damage":14.0,"enemies":"Gremlin Nob","floor":14.0,"turns":3.0},{"damage":17.0,"enemies":"Hexaghost","floor":16.0,"turns":7.0},{"damage":7.0,"enemies":"Shell Parasite","floor":18.0,"turns":3.0},{"damage":11.0,"enemies":"Spheric Guardian","floor":19.0,"turns":4.0},{"damage":19.0,"enemies":"Snake Plant","floor":21.0,"turns":3.0},{"damage":0.0,"enemies":"Snecko","floor":22.0,"turns":3.0},{"damage":26.0,"enemies":"Book of Stabbing","floor":23.0,"turns":4.0},{"damage":0.0,"enemies":"Gremlin Leader","floor":25.0,"turns":4.0},{"damage":1.0,"enemies":"Cultist and Chosen","floor":29.0,"turns":6.0},{"damage":0.0,"enemies":"Shelled Parasite and Fungi","floor":30.0,"turns":4.0},{"damage":0.0,"enemies":"Centurion and Healer","floor":31.0,"turns":6.0},{"damage":29.0,"enemies":"Collector","floor":33.0,"turns":8.0},{"damage":3.0,"enemies":"Orb Walker","floor":35.0,"turns":4.0},{"damage":0.0,"enemies":"3 Shapes","floor":37.0,"turns":4.0},{"damage":7.0,"enemies":"Spire Growth","floor":38.0,"turns":3.0},{"damage":21.0,"enemies":"Mind Bloom Boss Battle","floor":39.0,"turns":5.0},{"damage":1.0,"enemies":"Giant Head","floor":40.0,"turns":4.0},{"damage":0.0,"enemies":"Maw","floor":45.0,"turns":5.0},{"damage":1.0,"enemies":"Jaw Worm Horde","floor":46.0,"turns":5.0},{"damage":1.0,"enemies":"Writhing Mass","floor":47.0,"turns":6.0},{"damage":0,"enemies":"Nemesis","floor":48,"turns":5},{"damage":14,"enemies":"Time Eater","floor":50,"turns":6}],"seed_played":"-2618176091357271979","potions_obtained":[{"floor":1.0,"key":"ColorlessPotion"},{"floor":3.0,"key":"SteroidPotion"},{"floor":11.0,"key":"SpeedPotion"},{"floor":14.0,"key":"Energy Potion"},{"floor":16.0,"key":"Dexterity Potion"},{"floor":18.0,"key":"PowerPotion"},{"floor":20.0,"key":"Fruit Juice"},{"floor":20.0,"key":"EntropicBrew"},{"floor":21.0,"key":"Explosive Potion"},{"floor":23.0,"key":"AttackPotion"},{"floor":31.0,"key":"Strength Potion"},{"floor":33.0,"key":"Energy Potion"},{"floor":39.0,"key":"Dexterity Potion"},{"floor":40.0,"key":"LiquidMemories"},{"floor":47.0,"key":"BlessingOfTheForge"}],"is_trial":false,"path_per_floor":["M","M","M","?","M","E","M","R","T","$","M","R","?","E","R","B",null,"M","M","?","M","M","E","R","E","T","$","?","M","M","M","R","B",null,"M","?","M","M","?","E","$","?","T","R","M","M","M","E","R","B"],"character_chosen":"THE_DEFAULT","items_purchased":["Sling","Vajra","Medical Kit"],"campfire_rested":5,"item_purchase_floors":[27,41,41],"current_hp_per_floor":[69,68,62,62,58,35,18,39,39,39,31,52,45,31,31,14,70,63,52,57,38,38,12,34,34,34,34,34,33,33,33,37,8,37,34,34,34,27,6,5,5,5,5,15,15,14,13,13,13,0,0],"gold":563,"neow_bonus":"THREE_RARE_CARDS","is_daily":false,"chose_seed":false,"campfire_upgraded":1,"win_rate":0.0,"timestamp":1611444783,"path_taken":["M","M","M","?","M","E","M","R","T","$","?","R","?","E","R","BOSS","M","M","?","M","?","E","R","E","T","$","?","M","M","M","R","BOSS","M","?","M","M","?","E","?","?","T","R","M","?","M","E","R","BOSS"],"items_purchased_type":["Relic","Relic","Relic"],"build_version":"2020-12-18","purchased_purges":2,"victory":false,"max_hp_per_floor":[70,70,70,70,70,70,70,70,70,70,70,70,70,70,70,70,70,70,70,75,75,75,75,75,75,75,75,37,37,37,37,37,37,37,37,35,35,35,35,35,35,35,35,35,35,35,35,35,35,35,35],"relic_stats":{"Darkstone Periapt":0,"counters":[29,128],"Gambling Chip":[10],"CeramicFish":36,"Prayer Wheel":3,"PreservedInsect":257,"Medical Kit":[0],"obtain_stats":[{"Darkstone Periapt":23,"CeramicFish":43,"Vajra":41,"PreservedInsect":14,"Omamori":6,"Frozen Egg 2":26,"Sling":27,"Medical Kit":41,"WarpedTongs":4,"Old Coin":48,"theMarked:ArtifactOfAir":0,"Anchor":25,"Gambling Chip":40,"Philosopher\u0027s Stone":34,"Prayer Wheel":39,"theMarked:BronzeBlade":17},{"Darkstone Periapt":14,"CeramicFish":24,"Vajra":24,"PreservedInsect":8,"Omamori":5,"Frozen Egg 2":15,"Sling":15,"Medical Kit":24,"WarpedTongs":3,"Old Coin":28,"theMarked:ArtifactOfAir":0,"Anchor":15,"Gambling Chip":24,"Philosopher\u0027s Stone":19,"Prayer Wheel":23,"theMarked:BronzeBlade":9},{"Darkstone Periapt":53,"CeramicFish":101,"Vajra":101,"PreservedInsect":29,"Omamori":20,"Frozen Egg 2":57,"Sling":57,"Medical Kit":101,"WarpedTongs":8,"Old Coin":122,"theMarked:ArtifactOfAir":0,"Anchor":57,"Gambling Chip":101,"Philosopher\u0027s Stone":81,"Prayer Wheel":97,"theMarked:BronzeBlade":36}],"WarpedTongs":[119]},"card_choices":[{"not_picked":["theMarked:SoldierForm","theMarked:Levitate"],"picked":"theMarked:BindingBlade","floor":0.0},{"not_picked":["theMarked:Parry","theMarked:KeepCalmAndFightOn"],"picked":"theMarked:Frustration","floor":1.0},{"not_picked":["theMarked:SwordAndMagic","theMarked:BanishingStrike"],"picked":"theMarked:MaelstromOfLightning","floor":2.0},{"not_picked":["theMarked:ElectricStrings","theMarked:Improvise"],"picked":"theMarked:WardOff","floor":3.0},{"not_picked":["theMarked:Indomitable","theMarked:Aftermath"],"picked":"theMarked:ChainLightning","floor":5.0},{"not_picked":["theMarked:MuscleMemory","theMarked:Frustration"],"picked":"theMarked:MysticalArsenal","floor":6.0},{"not_picked":["theMarked:ResourceFulStrike","theMarked:Indomitable"],"picked":"theMarked:HeightenedSenses","floor":7.0},{"not_picked":["theMarked:Improvise","theMarked:ElectricStrings"],"picked":"theMarked:SwordAndMagic","floor":11.0},{"not_picked":["theMarked:SwordAndMagic","theMarked:HeightenedSenses"],"picked":"theMarked:GodGivenPower","floor":14.0},{"not_picked":["theMarked:MagicAdept","theMarked:DispelDoubt"],"picked":"theMarked:Abjuration","floor":16.0},{"not_picked":["theMarked:ShockingTouch","theMarked:ChainLightning","theMarked:SwordAndMagic"],"picked":"SKIP","floor":18.0},{"not_picked":["theMarked:Opportunist","theMarked:Frustration"],"picked":"theMarked:EmpowerWeapon+1","floor":19.0},{"not_picked":["theMarked:Electrify","theMarked:Reabsorb","theMarked:TwofoldDefense"],"picked":"SKIP","floor":21.0},{"not_picked":["theMarked:WastefulAttack","theMarked:BanishingStrike","theMarked:TwofoldDefense+1"],"picked":"SKIP","floor":22.0},{"not_picked":["theMarked:RepellingDischarge","theMarked:TwofoldDefense+1"],"picked":"theMarked:Levitate","floor":23.0},{"not_picked":["theMarked:ElectricStrings+1","theMarked:Aftermath"],"picked":"theMarked:ElementalBlade","floor":25.0},{"not_picked":["theMarked:Indomitable+1","theMarked:Aftermath+1","theMarked:RepellingDischarge"],"picked":"SKIP","floor":29.0},{"not_picked":["theMarked:SelfDefenseTraining","theMarked:WardOff","theMarked:Frustration"],"picked":"SKIP","floor":30.0},{"not_picked":["theMarked:WardOff","theMarked:Parkour"],"picked":"theMarked:EternalStudent","floor":31.0},{"not_picked":["theMarked:UnarmedFury","theMarked:TurnInvisible"],"picked":"theMarked:Challenge","floor":33.0},{"not_picked":["theMarked:HeightenedSenses","theMarked:SwordAndMagic","theMarked:WardOff+1"],"picked":"SKIP","floor":35.0},{"not_picked":["theMarked:GodGivenPower+1","theMarked:RepellingDischarge+1"],"picked":"theMarked:BindingBlade","floor":37.0},{"not_picked":["theMarked:GodGivenPower+1","theMarked:Improvise","theMarked:Opportunist+1"],"picked":"SKIP","floor":38.0},{"not_picked":["theMarked:WastefulAttack+1","theMarked:Improvise"],"picked":"theMarked:ComboAttacks+1","floor":39.0},{"not_picked":["theMarked:TakeOffHeels","theMarked:RepellingDischarge"],"picked":"theMarked:PowerFlow","floor":40.0},{"not_picked":["PanicButton","Jack Of All Trades"],"picked":"Secret Technique","floor":42.0},{"not_picked":["theMarked:HeritageOfTheMarked+1","theMarked:SwordAndMagic"],"picked":"theMarked:MysticalArsenal+1","floor":45.0},{"not_picked":["theMarked:Standoff+1","theMarked:TwofoldDefense","theMarked:WastefulDefense+1"],"picked":"SKIP","floor":45.0},{"not_picked":["theMarked:WastefulDefense+1","theMarked:Improvise+1"],"picked":"theMarked:Abjuration","floor":46.0},{"not_picked":["theMarked:RepellingDischarge","theMarked:Overthink","theMarked:SwordAndMagic"],"picked":"SKIP","floor":46.0},{"not_picked":["theMarked:KeepCalmAndFightOn+1","theMarked:ContemptForTheProud+1"],"picked":"theMarked:MysticalArsenal+1","floor":47.0},{"not_picked":["theMarked:RogueSparks+1","theMarked:BanishingStrike+1","theMarked:SwordAndMagic+1"],"picked":"SKIP","floor":47.0},{"not_picked":["theMarked:Electrify+1","theMarked:GodGivenPower+1"],"picked":"theMarked:ReduceFriction+1","floor":48}],"player_experience":869819,"relics_obtained":[{"floor":6.0,"key":"Omamori"},{"floor":14.0,"key":"PreservedInsect"},{"floor":23.0,"key":"Darkstone Periapt"},{"floor":25.0,"key":"Anchor"},{"floor":26.0,"key":"Frozen Egg 2"},{"floor":39.0,"key":"Prayer Wheel"},{"floor":40.0,"key":"Gambling Chip"},{"floor":43.0,"key":"CeramicFish"},{"floor":48,"key":"Old Coin"}],"event_choices":[{"damage_healed":0.0,"max_hp_gain":0.0,"max_hp_loss":0.0,"gold_gain":0.0,"event_name":"Accursed Blacksmith","player_choice":"Rummage","floor":4.0,"gold_loss":0.0,"damage_taken":0.0,"relics_obtained":["WarpedTongs"],"cards_obtained":["Pain"]},{"cards_removed":["theMarked:Strike"],"damage_healed":0.0,"max_hp_gain":0.0,"max_hp_loss":0.0,"gold_gain":0.0,"event_name":"Golden Wing","player_choice":"Card Removal","floor":13.0,"gold_loss":0.0,"damage_taken":7.0},{"damage_healed":0.0,"max_hp_gain":0.0,"max_hp_loss":0.0,"gold_gain":0.0,"event_name":"Lab","player_choice":"Got Potions","floor":20.0,"gold_loss":0.0,"damage_taken":0.0},{"damage_healed":0.0,"max_hp_gain":0.0,"max_hp_loss":38.0,"gold_gain":0.0,"event_name":"Ghosts","player_choice":"Became a Ghost","floor":28.0,"gold_loss":0.0,"damage_taken":0.0,"cards_obtained":["Ghostly","Ghostly","Ghostly","Ghostly","Ghostly"]},{"damage_healed":0.0,"max_hp_gain":0.0,"max_hp_loss":2.0,"gold_gain":0.0,"event_name":"Winding Halls","player_choice":"Max HP","floor":36.0,"gold_loss":0.0,"damage_taken":0.0},{"damage_healed":0.0,"max_hp_gain":0.0,"max_hp_loss":0.0,"gold_gain":0.0,"event_name":"MindBloom","player_choice":"Fight","floor":39.0,"gold_loss":0.0,"damage_taken":0.0},{"damage_healed":0.0,"max_hp_gain":0.0,"max_hp_loss":0.0,"gold_gain":0.0,"event_name":"SensoryStone","player_choice":"Memory 1","floor":42.0,"gold_loss":0.0,"damage_taken":0.0}],"is_beta":true,"boss_relics":[{"not_picked":["Tiny House","SlaversCollar"],"picked":"theMarked:BronzeBlade"},{"not_picked":["Empty Cage","Velvet Choker"],"picked":"Philosopher\u0027s Stone"}],"items_purged_floors":[10,27],"is_endless":false,"potions_floor_spawned":[1,3,11,14,16,18,21,23,31,33,39,40,47,48],"killed_by":"Time Eater","ascension_level":0}}