{"host":"1zjc08c6hob33401","time":1611409374,"event":{"mods":["AchievementEnabler","Act Like it!","Aspiration","BaseMod","Downfall","Elementarium","Energized Spire","Evolution","Friendly Minions","Gensokyo","GifTheSpireLib","Hubris","Infinite Spire","Jedi Mod","Menagerie","Minty Spire (QoL Compilation)","Pale of the Ancients","Quick Restart","Replay The Spire","Retaliation","Shop Mod","Spire Arcade","StS++","StSLib","Stuff the Spire","The Blue Laboratory","Wandering Minibosses","vexMod","??????REMEMod"],"gold_per_floor":[117,42,42,56,72,72,85,85,85,115,196,367,65,83,83,178,178,196,200,200,212,222,222],"floor_reached":22,"language":"RUS","playtime":1310,"items_purged":["Strike_B"],"score":372,"play_id":"19689de0-47e5-475c-8bcc-c496a1a49d33","local_time":"20210123154254","is_ascension_mode":true,"campfire_choices":[{"data":"jedi:meditation","floor":6.0,"key":"SMITH"},{"data":"Mirror Shield","floor":15.0,"key":"SMITH"}],"circlet_count":0,"master_deck":["AscendersBane","Strike_B","Strike_B","Strike_B","Defend_B","Defend_B","Defend_B","Defend_B","Zap","Dualcast","Sweeping Beam","jedi:meditation+1","Ball Lightning","Lockon","Compile Driver","Conserve Battery","ReplayTheSpireMod:Reroute Power","Coolheaded","Mirror Shield+1","Hyperbeam","Hyperbeam","Defragment","jedi:BurstLightning"],"relics":["EVO:Axolotl","REME_ComplimentaryCards","hubris:Icosahedron","infinitespire:Midas Blood","StuffTheSpire:ForceGauntlet","infinitespire:EmpoweringShard","jedi:crownofsimplicity","bronze:MakeshiftBattery"],"acts_visited":["Menagerie:Menagerie","Elementarium:Elementarium"],"potions_floor_usage":[22,22],"damage_taken":[{"damage":4.0,"enemies":"Menagerie:MonstrousExperiment","floor":1.0,"turns":4.0},{"damage":3.0,"enemies":"Menagerie:2_RABBITS","floor":4.0,"turns":3.0},{"damage":1.0,"enemies":"Menagerie:StygianBoar","floor":5.0,"turns":3.0},{"damage":18.0,"enemies":"Menagerie:3_RABBITS","floor":7.0,"turns":5.0},{"damage":14.0,"enemies":"Menagerie:MaskedSummoner","floor":10.0,"turns":9.0},{"damage":3.0,"enemies":"Menagerie:EntropyWarlock","floor":12.0,"turns":6.0},{"damage":8.0,"enemies":"Menagerie:KEEPER_AND_YOUNG_SUNEATER","floor":14.0,"turns":6.0},{"damage":0.0,"enemies":"Menagerie:AVATARS","floor":16.0,"turns":6.0},{"damage":22.0,"enemies":"Elementarium:VoidCorruption","floor":18.0,"turns":5.0},{"damage":1,"enemies":"Elementarium:Cyclone","floor":21,"turns":5},{"damage":35,"enemies":"Elementarium:Hydrostalker","floor":22,"turns":5}],"seed_played":"4115602334778031815","potions_obtained":[{"floor":4.0,"key":"Weak Potion"},{"floor":5.0,"key":"PotionOfCapacity"},{"floor":12.0,"key":"LiquidBronze"},{"floor":16.0,"key":"blueLaboratory:Moonshine"},{"floor":21,"key":"Toxic Potion"}],"is_trial":false,"path_per_floor":["M","$","?","M","M","R","M","?","T","E","T","M","$","M","R","B",null,"M","?","?","M","M"],"character_chosen":"DEFECT","items_purchased":["Mirror Shield","jedi:crownofsimplicity"],"campfire_rested":0,"item_purchase_floors":[13,13],"current_hp_per_floor":[64,64,72,69,68,68,50,50,50,36,36,33,33,25,25,25,63,41,30,30,29,0,0],"gold":222,"neow_bonus":"THREE_CARDS","is_daily":false,"chose_seed":false,"campfire_upgraded":2,"win_rate":0.0,"timestamp":1611409374,"path_taken":["M","$","?","M","M","R","?","?","T","E","?","M","$","M","R","BOSS","M","?","?","M","?"],"items_purchased_type":["Card","Relic"],"build_version":"2020-12-22","purchased_purges":1,"victory":false,"max_hp_per_floor":[75,75,75,75,75,75,75,75,75,75,75,75,75,75,75,75,75,75,75,75,75,75,75],"card_choices":[{"not_picked":["BasicCrystalCard","Cold Snap"],"picked":"Sweeping Beam","floor":0.0},{"not_picked":["StuffTheSpire:NuclearReactor","Stack"],"picked":"Ball Lightning","floor":1.0},{"not_picked":["Barrage","Coolheaded"],"picked":"Lockon","floor":4.0},{"not_picked":["Gash","Turbo"],"picked":"Compile Driver","floor":5.0},{"not_picked":["Rebound","Streamline"],"picked":"Conserve Battery","floor":7.0},{"not_picked":["Beam Cell","Loop"],"picked":"ReplayTheSpireMod:Reroute Power","floor":10.0},{"not_picked":["StuffTheSpire:LoadUp","Beam Cell"],"picked":"Coolheaded","floor":12.0},{"not_picked":["Compile Driver","Ball Lightning"],"picked":"Hyperbeam","floor":14.0},{"not_picked":["StuffTheSpire:EventHorizon","hubris:Prefetch"],"picked":"Hyperbeam","floor":16.0},{"not_picked":["Go for the Eyes","Coolheaded"],"picked":"Defragment","floor":18.0},{"not_picked":["Streamline","Steam"],"picked":"jedi:BurstLightning","floor":21}],"player_experience":660845,"relics_obtained":[{"floor":9.0,"key":"infinitespire:Midas Blood"},{"floor":10.0,"key":"StuffTheSpire:ForceGauntlet"},{"floor":11.0,"key":"infinitespire:EmpoweringShard"}],"event_choices":[{"damage_healed":0.0,"max_hp_gain":0.0,"max_hp_loss":0.0,"gold_gain":0.0,"event_name":"Elementarium:GreatTreasure","player_choice":"Offer","floor":19.0,"relics_lost":["FrozenCore"],"gold_loss":0.0,"damage_taken":0.0,"relics_obtained":["bronze:MakeshiftBattery"]},{"damage_healed":0.0,"max_hp_gain":0.0,"max_hp_loss":0.0,"gold_gain":0.0,"event_name":"Elementarium:BeastsOfTheMenagerie","player_choice":"Ignored","floor":20.0,"gold_loss":0.0,"damage_taken":0.0}],"is_beta":false,"boss_relics":[{"not_picked":["vexMod:BigBerry","hubris:Stopwatch"],"picked":"FrozenCore"}],"items_purged_floors":[2],"is_endless":false,"potions_floor_spawned":[4,5,12,16,21],"killed_by":"Elementarium:Hydrostalker","ascension_level":12}}