{"host":"1zjc08c6hob33401","time":1611423322,"event":{"mods":["AchievementEnabler","Act Like it!","Aspiration","BaseMod","Downfall","Elementarium","Energized Spire","Evolution","Friendly Minions","Gensokyo","GifTheSpireLib","Hubris","Infinite Spire","Jedi Mod","Menagerie","Minty Spire (QoL Compilation)","Pale of the Ancients","Quick Restart","Replay The Spire","Retaliation","Shop Mod","Spire Arcade","StS++","StSLib","Stuff the Spire","The Blue Laboratory","Wandering Minibosses","vexMod","??????REMEMod"],"gold_per_floor":[117,136,136,155,195,195,235,280,304,304,348,82,82,93,93,93,93],"floor_reached":16,"language":"RUS","playtime":721,"items_purged":["Looming Evil"],"score":163,"play_id":"4e3d8b3b-2e5f-43f7-8604-5f2be3b260c3","local_time":"20210123193522","is_ascension_mode":true,"campfire_choices":[{"data":"HandOfGreed","floor":6.0,"key":"SMITH"},{"data":"StuffTheSpire:Synthwave","floor":10,"key":"SMITH"},{"floor":15,"key":"REST"}],"circlet_count":0,"master_deck":["AscendersBane","Strike_B","Strike_B","Strike_B","Strike_B","Defend_B","Defend_B","Defend_B","Defend_B","Zap+1","Dualcast","HandOfGreed+1","Amplify","ReplayTheSpireMod:Calculation Training","Steam","Loop","StuffTheSpire:Synthwave+1","StSpp:Saturation","StSpp:Igniter","Gash","Gash","FIFO Queue"],"relics":["Cracked Core","EVO:Axolotl","REME_ComplimentaryCards","Ring of Peace","Potion Belt","Bronze Scales"],"acts_visited":["Menagerie:Menagerie"],"potions_floor_usage":[11],"damage_taken":[{"damage":11.0,"enemies":"Menagerie:MonstrousExperiment","floor":1.0,"turns":3.0},{"damage":6.0,"enemies":"Menagerie:2_RABBITS","floor":2.0,"turns":3.0},{"damage":0.0,"enemies":"Menagerie:WhisperingWraith","floor":4.0,"turns":3.0},{"damage":0.0,"enemies":"Menagerie:3_RABBITS","floor":5.0,"turns":4.0},{"damage":4.0,"enemies":"Menagerie:BEAST_MAGE_AND_PROWLING_AMALGAM","floor":7.0,"turns":7.0},{"damage":3,"enemies":"Menagerie:EntropyWarlock","floor":8,"turns":3},{"damage":12,"enemies":"Menagerie:DREAD_MOTH_AND_GRAFTED_WORMS","floor":11,"turns":3},{"damage":0,"enemies":"Menagerie:MeltingSalamander","floor":14,"turns":4},{"damage":50,"enemies":"Menagerie:Suneater","floor":16,"turns":5}],"seed_played":"3332331420197112122","potions_obtained":[{"floor":2.0,"key":"blueLaboratory:RelayPotion"},{"floor":4.0,"key":"AttackPotion"},{"floor":7.0,"key":"jedi:StrikingPotion"}],"is_trial":false,"path_per_floor":["M","M","?","M","M","R","M","M","T","R","M","$","?","M","R","B"],"character_chosen":"DEFECT","items_purchased":["Gash","Bronze Scales"],"campfire_rested":1,"item_purchase_floors":[12,12],"current_hp_per_floor":[53,47,47,47,47,47,43,40,40,40,28,28,28,28,49,0,0],"gold":93,"neow_bonus":"ONE_RANDOM_RARE_CARD","is_daily":false,"chose_seed":false,"campfire_upgraded":2,"win_rate":0.0,"timestamp":1611423322,"path_taken":["M","M","?","?","M","R","M","M","T","R","M","$","?","M","R","BOSS"],"items_purchased_type":["Card","Relic"],"build_version":"2020-12-22","purchased_purges":1,"victory":false,"max_hp_per_floor":[71,71,71,71,71,71,71,71,71,71,71,71,71,71,71,71,71],"card_choices":[{"not_picked":["Ball Lightning","Sweeping Beam"],"picked":"ReplayTheSpireMod:Calculation Training","floor":1.0},{"not_picked":["Stack","Go for the Eyes"],"picked":"Steam","floor":2.0},{"not_picked":["Panic Button","Coolheaded"],"picked":"Loop","floor":4.0},{"not_picked":["ReplayTheSpireMod:System Scan","StuffTheSpire:Plugnplay"],"picked":"StuffTheSpire:Synthwave","floor":5.0},{"not_picked":["REME_Compress","Steam Power"],"picked":"StSpp:Saturation","floor":7.0},{"not_picked":["Skim","Recycle"],"picked":"StSpp:Igniter","floor":8},{"not_picked":["Beam Cell","StuffTheSpire:LoadUp"],"picked":"Gash","floor":11},{"not_picked":["Rebound","Reinforced Body"],"picked":"FIFO Queue","floor":14}],"player_experience":671087,"relics_obtained":[{"floor":3.0,"key":"Ring of Peace"},{"floor":9,"key":"Potion Belt"}],"event_choices":[{"damage_healed":0,"gold_gain":0,"player_choice":"Forge","damage_taken":0,"max_hp_gain":0,"max_hp_loss":0,"event_name":"Accursed Blacksmith","floor":13,"gold_loss":0,"cards_upgraded":["Zap"]}],"is_beta":false,"boss_relics":[],"items_purged_floors":[12],"is_endless":false,"potions_floor_spawned":[2,4,7],"killed_by":"Menagerie:Suneater","ascension_level":14}}