{"host":"j4g6ia6asvpyu2b0","time":1611442298,"event":{"mods":["BaseMod","Colored Map","Minty Spire (QoL Compilation)","Permanent Neow","Quick Restart","Relic Stats","StSLib","Unceasing Turn Reminder"],"gold_per_floor":[118,130,55,55,83,121,121,121,121],"floor_reached":8,"language":"ENG","playtime":189,"items_purged":[],"score":101,"play_id":"9dad9acd-8b41-4a6b-b6e2-09302c5f4814","local_time":"20210123155138","is_ascension_mode":true,"campfire_choices":[{"data":"Loop","floor":7,"key":"SMITH"}],"circlet_count":0,"master_deck":["AscendersBane","Strike_B","Strike_B","Strike_B","Defend_B","Defend_B","Defend_B","Defend_B","Zap","Dualcast","Hologram","Ball Lightning","Sweeping Beam","Loop+1"],"relics":["Cracked Core","Vajra","CeramicFish","Blood Vial"],"acts_visited":["Exordium"],"potions_floor_usage":[8],"damage_taken":[{"damage":7,"enemies":"Jaw Worm","floor":1,"turns":3},{"damage":5,"enemies":"Small Slimes","floor":2,"turns":3},{"damage":0,"enemies":"Cultist","floor":5,"turns":3},{"damage":33,"enemies":"Gremlin Nob","floor":6,"turns":4},{"damage":22,"enemies":"3 Sentries","floor":8,"turns":4}],"seed_played":"3204636905646687357","potions_obtained":[{"floor":1,"key":"SmokeBomb"},{"floor":6,"key":"Block Potion"}],"is_trial":false,"path_per_floor":["M","M","?","?","M","E","R","E"],"character_chosen":"DEFECT","items_purchased":[],"campfire_rested":0,"item_purchase_floors":[],"current_hp_per_floor":[57,52,52,52,52,19,19,0,0],"gold":121,"neow_bonus":"RANDOM_COMMON_RELIC","is_daily":false,"chose_seed":false,"campfire_upgraded":1,"win_rate":0.0,"timestamp":1611442298,"path_taken":["M","M","?","?","?","E","R","E"],"items_purchased_type":[],"build_version":"2020-12-22","purchased_purges":0,"victory":false,"max_hp_per_floor":[71,71,71,71,71,71,71,71,71],"relic_stats":{"Blood Vial":2,"counters":[5,17],"CeramicFish":18,"obtain_stats":[{"Blood Vial":6,"CeramicFish":4,"Vajra":0,"Cracked Core":0},{"Blood Vial":4,"CeramicFish":2,"Vajra":0,"Cracked Core":0},{"Blood Vial":13,"CeramicFish":6,"Vajra":0,"Cracked Core":0}]},"card_choices":[{"not_picked":["Skim","Chaos"],"picked":"Hologram","floor":1},{"not_picked":["Heatsinks","Stack"],"picked":"Ball Lightning","floor":2},{"not_picked":["Steam","Undo"],"picked":"Sweeping Beam","floor":5},{"not_picked":["Conserve Battery","Rip and Tear"],"picked":"Loop","floor":6}],"player_experience":960839,"relics_obtained":[{"floor":6,"key":"Blood Vial"}],"event_choices":[{"cards_removed":["Strike_B"],"damage_healed":0,"gold_gain":0,"player_choice":"Card Removal","damage_taken":0,"max_hp_gain":0,"max_hp_loss":0,"event_name":"The Cleric","floor":3,"gold_loss":75},{"damage_healed":0,"gold_gain":0,"player_choice":"Gave Potion","damage_taken":0,"relics_obtained":["CeramicFish"],"max_hp_gain":0,"max_hp_loss":0,"event_name":"WeMeetAgain","floor":4,"gold_loss":0}],"is_beta":false,"boss_relics":[],"items_purged_floors":[],"is_endless":false,"potions_floor_spawned":[1,6],"killed_by":"3 Sentries","ascension_level":16}}