{"host":"rnys9sj607vajavv","time":1611378180,"event":{"mods":["BaseMod","Colored Map","Downfall","Minty Spire (QoL Compilation)","StSLib"],"gold_per_floor":[99,111,125,125,143,143,192,226,245,277,262,262,277,277,287,287,287,287],"floor_reached":16,"language":"ENG","playtime":1549,"items_purged":[],"score":118,"play_id":"5b6c7c97-a1bc-400b-9fa1-7faa618f80c3","local_time":"20210122210300","is_ascension_mode":true,"campfire_choices":[{"data":"champ:Taunt","floor":1,"key":"SMITH"},{"data":"champ:SwordSigil","floor":6,"key":"SMITH"}],"circlet_count":0,"master_deck":["champ:Strike","champ:Strike","champ:Strike","champ:Strike","champ:Defend","champ:Defend","champ:Defend","champ:Defend","champ:Execute","champ:Taunt+1","champ:BerserkerStyle+1","champ:SwordSigil+1","champ:Circumvent","champ:PreciseThrust","champ:FancyFootwork","champ:HeartStrike","champ:Endure","champ:BerserkersShout"],"relics":["champ:ChampionCrown","Orichalcum","HornCleat","PreservedInsect"],"acts_visited":["Exordium"],"potions_floor_usage":[10,16,16],"damage_taken":[{"damage":10,"enemies":"Small Slimes","floor":2,"turns":4},{"damage":27,"enemies":"Jaw Worm","floor":3,"turns":4},{"damage":12,"enemies":"2 Louse","floor":5,"turns":3},{"damage":106,"enemies":"Lagavulin","floor":8,"turns":7},{"damage":52,"enemies":"Exordium Wildlife","floor":9,"turns":4},{"damage":50,"enemies":"Gremlin Nob","floor":10,"turns":5},{"damage":35,"enemies":"downfall:FleeingMerchant","floor":11,"turns":4},{"damage":28,"enemies":"Blue Slaver","floor":13,"turns":5},{"damage":22,"enemies":"Lots of Slimes","floor":15,"turns":5},{"damage":64,"enemies":"WA_ARCHETYPE_RETAIN","floor":16,"turns":7}],"seed_played":"958585684216151821","potions_obtained":[{"floor":2,"key":"Dexterity Potion"},{"floor":8,"key":"sneckomod:MuddlingPotion"},{"floor":9,"key":"Weak Potion"},{"floor":10,"key":"SpeedPotion"},{"floor":13,"key":"Regen Potion"}],"is_trial":false,"path_per_floor":["R","M","M","?","M","R","T","E","M","E","$","?","M","?","M","B"],"character_chosen":"THE_CHAMP","items_purchased":[],"campfire_rested":0,"item_purchase_floors":[],"current_hp_per_floor":[99,99,99,99,97,97,97,53,40,29,29,29,23,23,16,0,0,0],"gold":287,"neow_bonus":"TEN_PERCENT_HP_BONUS","is_daily":false,"chose_seed":false,"campfire_upgraded":2,"win_rate":0.0,"timestamp":1611378180,"path_taken":["R","M","M","?","M","R","T","E","M","E","$","?","M","?","M","BOSS"],"items_purchased_type":[],"build_version":"2020-12-22","purchased_purges":0,"victory":false,"max_hp_per_floor":[99,99,99,99,99,99,99,99,99,99,99,99,99,99,99,99,99,99],"card_choices":[{"not_picked":["champ:TornadoPunch","champ:EnGarde"],"picked":"champ:BerserkerStyle","floor":2},{"not_picked":["champ:SetATrap","champ:SkillfulDodge"],"picked":"champ:SwordSigil","floor":3},{"not_picked":["champ:FocusedDefense","champ:FalseCounter"],"picked":"champ:Circumvent","floor":5},{"not_picked":["champ:DefensiveShout","champ:TornadoPunch"],"picked":"champ:PreciseThrust","floor":8},{"not_picked":["champ:SwordSigil","champ:FlashCut"],"picked":"champ:FancyFootwork","floor":9},{"not_picked":["champ:ShieldSigil","champ:CrownThrow"],"picked":"champ:HeartStrike","floor":10},{"not_picked":["champ:AdrenalArmor","champ:BerserkerStyle"],"picked":"champ:Endure","floor":11},{"not_picked":["champ:FaceSlap","champ:CrownThrow"],"picked":"champ:BerserkersShout","floor":13},{"not_picked":["champ:GutPunch","champ:FaceSlap","champ:Haymaker"],"picked":"SKIP","floor":15}],"player_experience":681135,"relics_obtained":[{"floor":7,"key":"Orichalcum"},{"floor":8,"key":"HornCleat"},{"floor":10,"key":"PreservedInsect"}],"event_choices":[{"damage_healed":0,"gold_gain":0,"player_choice":"Grow","damage_taken":0,"max_hp_gain":0,"max_hp_loss":0,"event_name":"Living Wall","floor":14,"gold_loss":0,"cards_upgraded":["champ:BerserkerStyle"]}],"is_beta":false,"boss_relics":[],"items_purged_floors":[],"is_endless":false,"potions_floor_spawned":[2,8,9,10,13],"killed_by":"WA_ARCHETYPE_RETAIN","ascension_level":1}}