{"host":"v3mpq6flurzldi5g","time":1611436399,"event":{"mods":["AchievementEnabler","BaseMod","Colored Powertips","Highlight Path","Minty Spire (QoL Compilation)","StSLib"],"gold_per_floor":[115,135,152,152,152,152,80,80,80,91,109,129,129,147,147,248,248,266,281,281,281,281,281,298,298,298,298,318,91,111,11,11,109,109,126,144,144,163,96,96,96,96,96,125,141,141,152,152,152],"floor_reached":48,"language":"ENG","playtime":2659,"items_purged":["Decay","Defend_B"],"score":742,"play_id":"63686bcb-bb85-4420-b3f9-19022d001928","local_time":"20210123161319","is_ascension_mode":true,"campfire_choices":[{"data":"Defend_B","floor":6.0,"key":"SMITH"},{"data":"Defend_B","floor":8.0,"key":"SMITH"},{"data":"Genetic Algorithm","floor":13.0,"key":"SMITH"},{"floor":15.0,"key":"REST"},{"floor":23.0,"key":"REST"},{"floor":25.0,"key":"REST"},{"data":"Defragment","floor":27.0,"key":"SMITH"},{"floor":32.0,"key":"REST"},{"floor":40.0,"key":"REST"},{"data":"Buffer","floor":42.0,"key":"SMITH"},{"floor":46,"key":"REST"}],"circlet_count":0,"master_deck":["AscendersBane","Strike_B","Strike_B","Defend_B","Defend_B+1","Defend_B+1","Zap","Redo","Conserve Battery","Electrodynamics","Capacitor","BootSequence","Genetic Algorithm+1","Reinforced Body","Leap","Buffer+1","Buffer","Tempest","Amplify","BootSequence+1","Lockon","Defragment+1","Barrage+1","Machine Learning","Loop","Rainbow","Parasite"],"relics":["FrozenCore","Dream Catcher","Bottled Tornado","Inserter","InkBottle","DataDisk","Kunai"],"acts_visited":["Exordium","TheCity","TheBeyond"],"potions_floor_usage":[],"damage_taken":[{"damage":1.0,"enemies":"Cultist","floor":1.0,"turns":4.0},{"damage":1.0,"enemies":"2 Louse","floor":2.0,"turns":3.0},{"damage":4.0,"enemies":"Jaw Worm","floor":3.0,"turns":3.0},{"damage":0.0,"enemies":"Large Slime","floor":10.0,"turns":4.0},{"damage":7.0,"enemies":"Red Slaver","floor":11.0,"turns":4.0},{"damage":2.0,"enemies":"2 Fungi Beasts","floor":12.0,"turns":2.0},{"damage":17.0,"enemies":"Large Slime","floor":14.0,"turns":5.0},{"damage":37.0,"enemies":"Slime Boss","floor":16.0,"turns":11.0},{"damage":19.0,"enemies":"Shell Parasite","floor":18.0,"turns":12.0},{"damage":0.0,"enemies":"Spheric Guardian","floor":19.0,"turns":7.0},{"damage":27.0,"enemies":"3 Cultists","floor":24.0,"turns":5.0},{"damage":2.0,"enemies":"Centurion and Healer","floor":28.0,"turns":5.0},{"damage":23.0,"enemies":"Sentry and Sphere","floor":30.0,"turns":4.0},{"damage":25.0,"enemies":"Collector","floor":33.0,"turns":8.0},{"damage":0.0,"enemies":"Orb Walker","floor":35.0,"turns":6.0},{"damage":11.0,"enemies":"3 Shapes","floor":36.0,"turns":2.0},{"damage":13.0,"enemies":"Sphere and 2 Shapes","floor":38.0,"turns":6.0},{"damage":0,"enemies":"Nemesis","floor":44,"turns":11},{"damage":7,"enemies":"Writhing Mass","floor":45,"turns":8},{"damage":11,"enemies":"Maw","floor":47,"turns":9},{"damage":65,"enemies":"Reptomancer","floor":48,"turns":2}],"seed_played":"-8420017472423530969","potions_obtained":[{"floor":3.0,"key":"PotionOfCapacity"},{"floor":11.0,"key":"FearPotion"},{"floor":16.0,"key":"Dexterity Potion"},{"floor":18.0,"key":"Energy Potion"},{"floor":28.0,"key":"Fire Potion"},{"floor":30.0,"key":"Dexterity Potion"},{"floor":38.0,"key":"SmokeBomb"},{"floor":45,"key":"SmokeBomb"}],"is_trial":false,"path_per_floor":["M","M","M","?","?","R","$","R","T","M","M","M","R","M","R","B",null,"M","M","?","?","?","R","M","R","T","R","M","$","M","$","R","B",null,"M","M","$","M","$","R","?","R","T","E","M","R","M","E"],"character_chosen":"DEFECT","items_purchased":["Capacitor","DataDisk","Loop"],"campfire_rested":6,"item_purchase_floors":[7,29,39],"current_hp_per_floor":[67,66,62,62,62,62,62,62,62,62,55,53,53,36,58,21,62,43,43,43,43,43,65,38,60,60,60,58,58,35,35,57,32,64,64,53,53,40,40,62,62,62,62,62,55,75,64,0,0],"gold":152,"neow_bonus":"RANDOM_COMMON_RELIC","is_daily":false,"chose_seed":false,"campfire_upgraded":5,"win_rate":0.0,"timestamp":1611436399,"path_taken":["M","M","?","?","?","R","$","R","T","?","M","M","R","M","R","BOSS","M","M","?","?","?","R","M","R","T","R","M","$","M","$","R","BOSS","M","M","?","M","$","R","?","R","T","E","M","R","M","E"],"items_purchased_type":["Card","Relic","Card"],"build_version":"2020-12-22","purchased_purges":2,"victory":false,"max_hp_per_floor":[75,75,75,75,75,75,75,75,75,75,75,75,75,75,75,75,75,75,75,75,75,75,75,75,75,75,75,75,75,75,75,75,75,75,75,75,75,75,75,75,75,75,75,75,75,75,75,75,75],"card_choices":[{"not_picked":["Beam Cell","Turbo"],"picked":"Redo","floor":1.0},{"not_picked":["Sweeping Beam","Redo"],"picked":"Conserve Battery","floor":2.0},{"not_picked":["Skim","Conserve Battery","All For One"],"picked":"SKIP","floor":3.0},{"not_picked":["Sunder","Go for the Eyes"],"picked":"BootSequence","floor":10.0},{"not_picked":["White Noise","Rebound"],"picked":"Genetic Algorithm","floor":11.0},{"not_picked":["Sweeping Beam","Auto Shields"],"picked":"Reinforced Body","floor":12.0},{"not_picked":["Tempest","Turbo"],"picked":"Leap","floor":14.0},{"not_picked":["Reprogram","Capacitor"],"picked":"Buffer","floor":15.0},{"not_picked":["Core Surge","Multi-Cast"],"picked":"Buffer","floor":16.0},{"not_picked":["Hello World","Consume+1","Chill"],"picked":"SKIP","floor":18.0},{"not_picked":["Stack","Redo"],"picked":"Tempest","floor":19.0},{"not_picked":["Go for the Eyes","Storm+1"],"picked":"BootSequence+1","floor":23.0},{"not_picked":["Leap","Sweeping Beam"],"picked":"Lockon","floor":24.0},{"not_picked":["Leap","Steam+1"],"picked":"Defragment","floor":25.0},{"not_picked":["Blizzard","Beam Cell","Sweeping Beam"],"picked":"SKIP","floor":28.0},{"not_picked":["Lockon+1","Steam+1","Conserve Battery"],"picked":"SKIP","floor":30.0},{"not_picked":["Gash","Streamline"],"picked":"Barrage+1","floor":32.0},{"not_picked":["Multi-Cast","Electrodynamics"],"picked":"Machine Learning","floor":33.0},{"not_picked":["Sunder","Beam Cell","Rebound+1"],"picked":"SKIP","floor":35.0},{"not_picked":["Gash+1","Sunder+1","Ball Lightning"],"picked":"SKIP","floor":36.0},{"not_picked":["Compile Driver+1","Cold Snap","Steam+1"],"picked":"SKIP","floor":38.0},{"not_picked":["Sweeping Beam","Steam+1"],"picked":"Rainbow","floor":40.0},{"not_picked":["Consume","Sunder+1","Barrage+1"],"picked":"SKIP","floor":44},{"not_picked":["Gash","Turbo","Conserve Battery+1"],"picked":"SKIP","floor":45},{"not_picked":["Fission","Heatsinks","Go for the Eyes"],"picked":"SKIP","floor":47}],"player_experience":1013173,"relics_obtained":[{"floor":9.0,"key":"Bottled Tornado"},{"floor":26.0,"key":"InkBottle"},{"floor":43.0,"key":"Kunai"}],"event_choices":[{"damage_healed":0.0,"max_hp_gain":0.0,"max_hp_loss":0.0,"gold_gain":0.0,"event_name":"Liars Game","player_choice":"Ignored","floor":4.0,"gold_loss":0.0,"damage_taken":0.0},{"damage_healed":0.0,"max_hp_gain":0.0,"max_hp_loss":0.0,"gold_gain":0.0,"cards_transformed":["Strike_B"],"event_name":"Transmorgrifier","player_choice":"Transformed","floor":5.0,"gold_loss":0.0,"damage_taken":0.0,"cards_obtained":["Electrodynamics"]},{"damage_healed":0.0,"max_hp_gain":0.0,"max_hp_loss":0.0,"gold_gain":0.0,"event_name":"Forgotten Altar","player_choice":"Smashed Altar","floor":20.0,"gold_loss":0.0,"damage_taken":0.0,"cards_obtained":["Decay"]},{"damage_healed":0.0,"max_hp_gain":0.0,"max_hp_loss":0.0,"gold_gain":0.0,"event_name":"Vampires","player_choice":"Ignored","floor":21.0,"gold_loss":0.0,"damage_taken":0.0},{"damage_healed":0.0,"max_hp_gain":0.0,"max_hp_loss":0.0,"gold_gain":0.0,"cards_transformed":["Strike_B"],"event_name":"Transmorgrifier","player_choice":"Transformed","floor":22.0,"gold_loss":0.0,"damage_taken":0.0,"cards_obtained":["Amplify"]},{"cards_removed":["Dualcast"],"damage_healed":0.0,"max_hp_gain":0.0,"max_hp_loss":0.0,"gold_gain":0.0,"event_name":"Falling","player_choice":"Removed Skill","floor":41.0,"gold_loss":0.0,"damage_taken":0.0}],"is_beta":false,"boss_relics":[{"not_picked":["Cursed Key","Snecko Eye"],"picked":"Inserter"},{"not_picked":["Coffee Dripper","Philosopher\u0027s Stone"],"picked":"FrozenCore"}],"items_purged_floors":[29,31],"is_endless":false,"potions_floor_spawned":[3,11,12,14,16,18,28,30,38,45,47],"killed_by":"Reptomancer","ascension_level":11}}