{"host":"qhn6g0owdgjb77rz","time":1611385449,"event":{"mods":["BaseMod","BetterRewards","Colored Map","Infinite Spire","Minty Spire (QoL Compilation)","Relic Sorter","Replay The Spire","StSLib"],"gold_per_floor":[110,110,124,42,42,42,73,73,73,86,86,86,98,132,132,227,227,247,247,343,357,369,394,394,426,452,452,452,367,367,382,382,483,483,493,543,543,543,563,592,592,620,644,644,661,661,684,699,699,803,803,812,399,399,349,356,381,400,412,475,487,520,532,556,568,640,728,740,740],"floor_reached":68,"language":"ENG","playtime":3067,"items_purged":["Parasite"],"score":1537,"play_id":"49600fd4-eb74-4f50-92c5-89f5757e4ff2","local_time":"20210123160409","is_ascension_mode":false,"campfire_choices":[{"data":"ReplayTheSpireMod:Brewmster","floor":6.0,"key":"SMITH"},{"data":"Demon Form","floor":6.0,"key":"SMITH"},{"data":"Shrug It Off","floor":8.0,"key":"SMITH"},{"data":"Shrug It Off","floor":8.0,"key":"SMITH"},{"data":"Bloodletting","floor":11.0,"key":"SMITH"},{"data":"infinitespire:OneForAll","floor":11.0,"key":"SMITH"},{"floor":15.0,"key":"RECALL"},{"data":"Demon Form","floor":24.0,"key":"SMITH"},{"data":"Bite","floor":24.0,"key":"SMITH"},{"data":"Bite","floor":28.0,"key":"SMITH"},{"data":"Bite","floor":28.0,"key":"SMITH"},{"data":"Bite","floor":30.0,"key":"SMITH"},{"data":"Bite","floor":30.0,"key":"SMITH"},{"data":"Sword Boomerang","floor":32.0,"key":"SMITH"},{"data":"Shrug It Off","floor":32.0,"key":"SMITH"},{"data":"Master of Strategy","floor":44.0,"key":"SMITH"},{"data":"Madness","floor":44.0,"key":"SMITH"},{"floor":46.0,"key":"DIG"},{"data":"Looming Evil","floor":49.0,"key":"PURGE"},{"data":"ReplayUltimateDefense","floor":59,"key":"SMITH"},{"data":"Demon Form","floor":59,"key":"SMITH"},{"data":"Madness","floor":61,"key":"SMITH"},{"data":"True Grit","floor":61,"key":"SMITH"}],"circlet_count":0,"master_deck":["Defend_R+1","Defend_R","Defend_R","Bash+1","Demon Form+1","ReplayTheSpireMod:Brewmster+1","Shrug It Off+1","ReplayReversal+1","Bloodletting+1","Shrug It Off+1","infinitespire:OneForAll+1","Demon Form+1","Bite+1","Bite+1","Bite+1","Bite+1","Bite+1","Body Slam+1","Shrug It Off+1","Sword Boomerang+1","Feed+1","Shrug It Off+1","Master of Strategy+1","Madness+1","Madness+1","Pommel Strike+1","Demon Form+1","ReplayUltimateDefense+1","True Grit+1","Limit Break"],"relics":["Burning Blood","Replay:Arrowhead","Replay:Wax Seal","Letter Opener","Replay:Bottled Flurry","SlaversCollar","Potion Belt","Bottled Flame","Replay:Rubber Ducky","Bag of Preparation","Vajra","Electric Blood","Ice Cream","Ring of Hypnosis","Ring of Peace","Replay:Multitool","Iron Hammer","Whetstone","Boot","infinitespire:PuzzleCube","Black Star","PreservedInsect","Paper Frog","MawBank","Pen Nib","Strawberry","Smiling Mask","Art of War","Toy Ornithopter","Mark of Pain"],"acts_visited":["Exordium","TheCity","TheBeyond","Exordium","TheCity"],"potions_floor_usage":[57,67,67,67],"damage_taken":[{"damage":0.0,"enemies":"Small Slimes","floor":1.0,"turns":5.0},{"damage":0.0,"enemies":"2 Louse","floor":3.0,"turns":3.0},{"damage":62.0,"enemies":"Gremlin Nob","floor":7.0,"turns":6.0},{"damage":0.0,"enemies":"Jaw Worm","floor":10.0,"turns":4.0},{"damage":0.0,"enemies":"2 Fungi Beasts","floor":13.0,"turns":5.0},{"damage":3.0,"enemies":"Lagavulin","floor":14.0,"turns":6.0},{"damage":10.0,"enemies":"Fading Forest","floor":16.0,"turns":11.0},{"damage":17.0,"enemies":"Spheric Guardian","floor":18.0,"turns":6.0},{"damage":24.0,"enemies":"Chosen","floor":21.0,"turns":6.0},{"damage":15.0,"enemies":"Snecko","floor":22.0,"turns":5.0},{"damage":10.0,"enemies":"Gremlin Leader","floor":23.0,"turns":6.0},{"damage":5.0,"enemies":"Nightmare","floor":25.0,"turns":8.0},{"damage":3.0,"enemies":"3 Cultists","floor":31.0,"turns":5.0},{"damage":16.0,"enemies":"Champ","floor":33.0,"turns":7.0},{"damage":29.0,"enemies":"3 Darklings","floor":35.0,"turns":3.0},{"damage":20.0,"enemies":"Mind Bloom Boss Battle","floor":36.0,"turns":5.0},{"damage":21.0,"enemies":"3 Shapes","floor":39.0,"turns":3.0},{"damage":21.0,"enemies":"Nemesis","floor":40.0,"turns":5.0},{"damage":58.0,"enemies":"Reptomancer","floor":42.0,"turns":6.0},{"damage":14.0,"enemies":"Sphere and 2 Shapes","floor":45.0,"turns":4.0},{"damage":17.0,"enemies":"Writhing Mass","floor":48.0,"turns":5.0},{"damage":38.0,"enemies":"Donu and Deca","floor":50.0,"turns":6.0},{"damage":1.0,"enemies":"2 Louse","floor":52.0,"turns":3.0},{"damage":2,"enemies":"Jaw Worm","floor":56,"turns":1},{"damage":0,"enemies":"Replay:BlueRogue","floor":57,"turns":1},{"damage":1,"enemies":"infinitespire:Voidling","floor":58,"turns":3},{"damage":7,"enemies":"Gremlin Nob","floor":62,"turns":2},{"damage":0,"enemies":"Blue Slaver","floor":64,"turns":1},{"damage":15,"enemies":"Hexaghost","floor":67,"turns":6}],"seed_played":"-8148192217406596734","potions_obtained":[{"floor":1.0,"key":"Weak Potion"},{"floor":10.0,"key":"Block Potion"},{"floor":16.0,"key":"LifebloodPotion"},{"floor":18.0,"key":"AttackPotion"},{"floor":21.0,"key":"SteroidPotion"},{"floor":40.0,"key":"Death Potion"},{"floor":42.0,"key":"Fruit Juice"},{"floor":48.0,"key":"FearPotion"},{"floor":57,"key":"Swift Potion"},{"floor":62,"key":"Weak Potion"}],"is_trial":false,"path_per_floor":["M","?","M","$","?","R","E","R","T","M","R","?","M","E","R_BF","B",null,"M","?","?","M","M","E","R","NM","T","?","R","?","R","M","R","B",null,"M","?","?","?","M","E","?","E","T","R","M","R","T","M","R","B",null,"M","$","?","?","M","E","M","R","T","R","E","?","M","?","R","B",null],"character_chosen":"IRONCLAD","items_purchased":["Demon Form","ReplayTheSpireMod:Brewmster","Shrug It Off","Adrenaline Potion","Bloodletting","PreservedInsect","ReplayUltimateDefense"],"campfire_rested":0,"item_purchase_floors":[0,0,0,0,4,53,53],"current_hp_per_floor":[80,80,80,80,64,64,24,24,24,30,30,30,36,39,39,49,80,69,56,42,36,35,39,39,56,56,47,47,47,47,61,61,61,61,49,61,61,61,50,56,48,31,31,31,39,39,39,49,49,41,73,77,74,74,74,74,74,74,74,81,81,80,80,81,74,74,81,81,81],"gold":740,"neow_bonus":"","is_daily":false,"chose_seed":false,"campfire_upgraded":20,"win_rate":0.0,"timestamp":1611385449,"path_taken":["M","?","M","$","?","R","E","R","T","M","R","?","M","E","R_BF","BOSS","M","?","?","M","M","E","R","NM","T","?","R","?","R","M","R","BOSS","M","?","?","?","M","E","?","E","T","R","M","R","?","M","R","BOSS","M","$","?","?","M","E","M","R","T","R","E","?","?","?","R","BOSS"],"items_purchased_type":["Card","Card","Card","Potion","Card","Relic","Card"],"build_version":"2020-12-22","purchased_purges":1,"victory":false,"max_hp_per_floor":[80,80,80,80,80,80,80,80,80,80,80,80,80,80,80,80,80,80,56,56,56,56,56,56,56,56,61,61,61,61,61,61,61,61,61,61,61,61,61,61,61,69,69,69,73,73,73,73,73,73,73,77,74,74,74,74,74,74,74,81,81,81,81,81,81,81,81,81,81],"card_choices":[{"not_picked":["Flex","Inflame","Cleave"],"picked":"SKIP","floor":1.0},{"not_picked":["Sword Boomerang","Thunderclap","Feel No Pain"],"picked":"SKIP","floor":3.0},{"not_picked":["Replay:Many Hands","Run Through"],"picked":"Shrug It Off","floor":7.0},{"not_picked":["Clothesline","Clash"],"picked":"infinitespire:OneForAll","floor":10.0},{"not_picked":["Massacre","Warcry","Anger"],"picked":"SKIP","floor":13.0},{"not_picked":["Pommel Strike","Dark Embrace","ReplayTheSpireMod:Strike From Hell"],"picked":"SKIP","floor":14.0},{"not_picked":["Immolate","Brutality"],"picked":"Demon Form","floor":16.0},{"not_picked":["Shockwave","Anger+1","Warcry"],"picked":"SKIP","floor":18.0},{"not_picked":["ReplayReversal","ReplayTheSpireMod:Strike From Hell+1"],"picked":"Body Slam+1","floor":20.0},{"not_picked":["Anger","Sword Boomerang","Body Slam"],"picked":"SKIP","floor":21.0},{"not_picked":["Dropkick","Searing Blow","Sever Soul"],"picked":"SKIP","floor":22.0},{"not_picked":["Dropkick","Searing Blow","Sever Soul"],"picked":"SKIP","floor":22.0},{"not_picked":["Dark Embrace","Evolve"],"picked":"Shrug It Off","floor":23.0},{"not_picked":["Headbutt","Cleave","Iron Wave"],"picked":"SKIP","floor":25.0},{"not_picked":["Headbutt","Cleave","Iron Wave"],"picked":"SKIP","floor":25.0},{"not_picked":["Dark Embrace","Corruption","Sword Boomerang"],"picked":"SKIP","floor":31.0},{"not_picked":["Dark Embrace","Corruption","Sword Boomerang"],"picked":"SKIP","floor":31.0},{"not_picked":["Dark Embrace","Corruption"],"picked":"Sword Boomerang","floor":31.0},{"not_picked":["Impervious","Eclipse"],"picked":"Feed","floor":33.0},{"not_picked":["ReplayTheSpireMod:LeadingStrike+1","Replay:Undeath\u0027s Touch"],"picked":"Shrug It Off+1","floor":35.0},{"not_picked":["ReplayTheSpireMod:Brewmster","Metamorphosis"],"picked":"Master of Strategy","floor":37.0},{"not_picked":["Sword Boomerang","Flex+1","Massacre+1"],"picked":"SKIP","floor":39.0},{"not_picked":["Clash+1","Ghostly Armor","Thunderclap+1"],"picked":"SKIP","floor":40.0},{"not_picked":["Anger+1","Spot Weakness","Perfected Strike+1"],"picked":"SKIP","floor":42.0},{"not_picked":["Clash","ReplayTheSpireMod:LeadingStrike"],"picked":"Pommel Strike+1","floor":45.0},{"not_picked":["Replay:Undeath\u0027s Touch","Warcry+1","Thunderclap+1"],"picked":"SKIP","floor":48.0},{"not_picked":["Corruption","Barricade"],"picked":"Demon Form","floor":50.0},{"not_picked":["Wild Strike","Infernal Blade","Twin Strike"],"picked":"SKIP","floor":52.0},{"not_picked":["ReplayTheSpireMod:Muscle Training","ReplayTheSpireMod:Strike From Hell","Feel No Pain"],"picked":"SKIP","floor":56},{"not_picked":["Replay:Undeath\u0027s Touch","Body Slam","Pommel Strike"],"picked":"SKIP","floor":57},{"not_picked":["Sword Boomerang","Body Slam"],"picked":"True Grit","floor":58},{"not_picked":["Cleave","Double Tap","Pummel"],"picked":"SKIP","floor":62},{"not_picked":["Flex","Clothesline","Warcry"],"picked":"SKIP","floor":64},{"not_picked":["Replay:Many Hands","Immolate"],"picked":"Limit Break","floor":67}],"player_experience":469776,"relics_obtained":[{"floor":7.0,"key":"Replay:Wax Seal"},{"floor":9.0,"key":"Letter Opener"},{"floor":14.0,"key":"Replay:Bottled Flurry"},{"floor":20.0,"key":"Potion Belt"},{"floor":23.0,"key":"Bottled Flame"},{"floor":25.0,"key":"Replay:Rubber Ducky"},{"floor":26.0,"key":"Bag of Preparation"},{"floor":36.0,"key":"Ice Cream"},{"floor":38.0,"key":"Ring of Hypnosis"},{"floor":38.0,"key":"Ring of Peace"},{"floor":40.0,"key":"Replay:Multitool"},{"floor":42.0,"key":"Iron Hammer"},{"floor":43.0,"key":"Whetstone"},{"floor":46.0,"key":"Boot"},{"floor":47.0,"key":"infinitespire:PuzzleCube"},{"floor":54,"key":"Paper Frog"},{"floor":57,"key":"MawBank"},{"floor":57,"key":"Pen Nib"},{"floor":60,"key":"Strawberry"},{"floor":62,"key":"Smiling Mask"},{"floor":62,"key":"Art of War"}],"event_choices":[{"damage_healed":0.0,"max_hp_gain":0.0,"max_hp_loss":0.0,"gold_gain":0.0,"event_name":"Shining Light","player_choice":"Entered Light","floor":5.0,"gold_loss":0.0,"damage_taken":16.0,"cards_upgraded":["Strike_R","Defend_R"]},{"damage_healed":0.0,"max_hp_gain":0.0,"max_hp_loss":0.0,"gold_gain":0.0,"event_name":"Liars Game","player_choice":"Ignored","floor":12.0,"gold_loss":0.0,"damage_taken":0.0},{"damage_healed":0.0,"max_hp_gain":0.0,"max_hp_loss":24.0,"gold_gain":0.0,"event_name":"Vampires","player_choice":"Became a vampire","floor":19.0,"gold_loss":0.0,"damage_taken":0.0,"cards_obtained":["Bite","Bite","Bite","Bite","Bite"]},{"damage_healed":0.0,"max_hp_gain":5.0,"max_hp_loss":0.0,"gold_gain":0.0,"event_name":"Forgotten Altar","player_choice":"Shed Blood","floor":27.0,"gold_loss":0.0,"damage_taken":14.0},{"damage_healed":0.0,"max_hp_gain":0.0,"max_hp_loss":0.0,"gold_gain":0.0,"event_name":"Addict","player_choice":"Obtained Relic","floor":29.0,"gold_loss":85.0,"damage_taken":0.0,"relics_obtained":["Vajra"]},{"damage_healed":0.0,"max_hp_gain":0.0,"max_hp_loss":0.0,"gold_gain":0.0,"event_name":"MindBloom","player_choice":"Fight","floor":36.0,"gold_loss":0.0,"damage_taken":0.0},{"damage_healed":0.0,"max_hp_gain":0.0,"max_hp_loss":0.0,"gold_gain":0.0,"event_name":"SensoryStone","player_choice":"Memory 1","floor":37.0,"gold_loss":0.0,"damage_taken":0.0},{"damage_healed":0.0,"max_hp_gain":0.0,"max_hp_loss":0.0,"gold_gain":0.0,"event_name":"Winding Halls","player_choice":"Embrace Madness","floor":41.0,"gold_loss":0.0,"damage_taken":8.0,"cards_obtained":["Madness","Madness"]},{"cards_removed":["Defend_R"],"damage_healed":0,"gold_gain":0,"player_choice":"Card Removal","damage_taken":0,"max_hp_gain":0,"max_hp_loss":0,"event_name":"The Cleric","floor":55,"gold_loss":50},{"damage_healed":0,"gold_gain":0,"player_choice":"Box","damage_taken":0,"relics_obtained":["Toy Ornithopter"],"max_hp_gain":0,"max_hp_loss":0,"event_name":"Big Fish","floor":63,"gold_loss":0,"cards_obtained":["Regret"]},{"cards_removed":["Regret"],"damage_healed":0,"gold_gain":0,"player_choice":"Card Removal","damage_taken":7,"max_hp_gain":0,"max_hp_loss":0,"event_name":"Golden Wing","floor":65,"gold_loss":0}],"is_beta":false,"boss_relics":[{"not_picked":["Astrolabe","ReplayTheSpireMod:DimensionalGlitch"],"picked":"SlaversCollar"},{"not_picked":["Snecko Eye","Black Blood"],"picked":"Electric Blood"},{"not_picked":["Runic Cube","Busted Crown"],"picked":"Black Star"},{"not_picked":["infinitespire:Cupcake","Painkiller Herb"],"picked":"Mark of Pain"}],"items_purged_floors":[53],"is_endless":true,"potions_floor_spawned":[1,10,16,18,21,22,40,42,48,50,56,57,62,67],"ascension_level":0}}