{"host":"anox4050deqdcqoh","time":1611430418,"event":{"mods":["BaseMod","Colored Map","Highlight Path","Minty Spire (QoL Compilation)","Quick Restart","Rare Cards Sparkle","everything is the same but u backflip on backflip"],"gold_per_floor":[119,119,145,157,183,205,244,256,268,280,308,33,43,43,43,147,147,163,163,113,129,5,18,44,5,5,5,17,17,17,31,31,31,31],"floor_reached":33,"language":"ENG","playtime":1798,"items_purged":[],"score":307,"play_id":"44947ef8-0184-4b6c-9b48-fb9b1a645091","local_time":"20210123143338","is_ascension_mode":true,"campfire_choices":[{"data":"Caltrops","floor":8,"key":"SMITH"},{"data":"Dash","floor":10,"key":"SMITH"},{"floor":15,"key":"REST"},{"data":"Noxious Fumes","floor":27,"key":"SMITH"},{"floor":29,"key":"REST"},{"floor":32,"key":"REST"}],"circlet_count":0,"master_deck":["Strike_G","Strike_G","Defend_G","Defend_G","Defend_G","Defend_G","Defend_G","Survivor","Neutralize","Backstab","Caltrops+1","Dash+1","Blade Dance","Slice","Footwork","Cloak And Dagger","Accuracy","Caltrops","Noxious Fumes+1","Burst","Backflip+1","Die Die Die+1","Underhanded Strike+1","Cloak And Dagger","Leg Sweep","Blur","Corpse Explosion","Prepared","Backstab+1"],"relics":["Ring of the Snake","MawBank","The Courier","Blue Candle","Astrolabe","PreservedInsect","Ornamental Fan","Bag of Marbles"],"acts_visited":["Exordium","TheCity"],"potions_floor_usage":[16,16,24,31,31,33],"damage_taken":[{"damage":0,"enemies":"Small Slimes","floor":1,"turns":3},{"damage":2,"enemies":"Cultist","floor":3,"turns":4},{"damage":0,"enemies":"2 Louse","floor":5,"turns":2},{"damage":4,"enemies":"Looter","floor":6,"turns":4},{"damage":15,"enemies":"3 Sentries","floor":7,"turns":9},{"damage":15,"enemies":"Exordium Thugs","floor":11,"turns":4},{"damage":12,"enemies":"Gremlin Gang","floor":13,"turns":3},{"damage":26,"enemies":"The Guardian","floor":16,"turns":10},{"damage":7,"enemies":"2 Thieves","floor":18,"turns":4},{"damage":10,"enemies":"Chosen","floor":21,"turns":6},{"damage":13,"enemies":"Snecko","floor":23,"turns":7},{"damage":25,"enemies":"Gremlin Leader","floor":24,"turns":6},{"damage":18,"enemies":"Sentry and Sphere","floor":28,"turns":8},{"damage":5,"enemies":"Shelled Parasite and Fungi","floor":31,"turns":5},{"damage":49,"enemies":"Collector","floor":33,"turns":6}],"seed_played":"-1310925281483825928","potions_obtained":[{"floor":7,"key":"SteroidPotion"},{"floor":11,"key":"ColorlessPotion"},{"floor":13,"key":"BlessingOfTheForge"},{"floor":18,"key":"Strength Potion"},{"floor":21,"key":"Block Potion"},{"floor":24,"key":"Poison Potion"}],"is_trial":false,"path_per_floor":["M","?","M","$","M","M","E","R","T","R","M","$","M","$","R","B",null,"M","?","?","M","$","M","E","$","T","R","M","R","$","M","R","B"],"character_chosen":"THE_SILENT","items_purchased":["Footwork","Cloak And Dagger","Accuracy","Caltrops","Noxious Fumes","PreservedInsect","Prepared"],"campfire_rested":3,"item_purchase_floors":[12,12,12,12,12,22,25],"current_hp_per_floor":[77,77,75,75,75,71,56,56,56,56,41,41,29,29,52,26,77,70,70,70,60,60,47,22,22,22,22,4,27,27,22,45,0,0],"gold":31,"neow_bonus":"TEN_PERCENT_HP_BONUS","is_daily":false,"chose_seed":false,"campfire_upgraded":3,"win_rate":0.0,"timestamp":1611430418,"path_taken":["M","?","M","?","M","M","E","R","T","R","M","$","M","$","R","BOSS","M","?","?","?","?","M","E","$","T","R","M","R","$","M","R","BOSS"],"items_purchased_type":["Card","Card","Card","Card","Card","Relic","Card"],"build_version":"2020-12-22","purchased_purges":0,"victory":false,"max_hp_per_floor":[77,77,77,77,77,77,77,77,77,77,77,77,77,77,77,77,77,77,77,77,77,77,77,77,77,77,77,77,77,77,77,77,77,77],"card_choices":[{"not_picked":["Dodge and Roll","Quick Slash"],"picked":"Flying Knee","floor":1},{"not_picked":["Outmaneuver","Reflex"],"picked":"Backstab","floor":3},{"not_picked":["Deflect","Choke"],"picked":"Caltrops","floor":5},{"not_picked":["Calculated Gamble","Sucker Punch"],"picked":"Dash","floor":6},{"not_picked":["Riddle With Holes","Doppelganger"],"picked":"Blade Dance","floor":7},{"not_picked":["Eviscerate","Setup"],"picked":"Slice","floor":11},{"not_picked":["Dagger Throw","Infinite Blades","Deadly Poison"],"picked":"SKIP","floor":13},{"not_picked":["Glass Knife","Bullet Time"],"picked":"Burst","floor":16},{"not_picked":["Bouncing Flask","Sucker Punch"],"picked":"Cloak And Dagger","floor":18},{"not_picked":["Quick Slash","Bane+1"],"picked":"Leg Sweep","floor":21},{"not_picked":["Underhanded Strike","Dodge and Roll+1"],"picked":"Blur","floor":23},{"not_picked":["Choke","Dagger Spray"],"picked":"Corpse Explosion","floor":24},{"not_picked":["Underhanded Strike","Finisher"],"picked":"Backstab+1","floor":28},{"not_picked":["Slice","Acrobatics","Skewer"],"picked":"SKIP","floor":31}],"player_experience":392543,"relics_obtained":[{"floor":7,"key":"The Courier"},{"floor":9,"key":"Blue Candle"},{"floor":24,"key":"Ornamental Fan"},{"floor":26,"key":"Bag of Marbles"}],"event_choices":[{"cards_removed":["Flying Knee"],"damage_healed":0,"gold_gain":0,"player_choice":"Gave Card","damage_taken":0,"relics_obtained":["MawBank"],"max_hp_gain":0,"max_hp_loss":0,"event_name":"WeMeetAgain","floor":2,"gold_loss":0},{"damage_healed":0,"gold_gain":0,"player_choice":"Ignored","damage_taken":0,"max_hp_gain":0,"max_hp_loss":0,"event_name":"Vampires","floor":19,"gold_loss":0},{"damage_healed":0,"gold_gain":0,"player_choice":"Bet on Murderer","damage_taken":0,"max_hp_gain":0,"max_hp_loss":0,"event_name":"The Joust","floor":20,"gold_loss":50}],"is_beta":false,"boss_relics":[{"not_picked":["Philosopher\u0027s Stone","SlaversCollar"],"picked":"Astrolabe"}],"items_purged_floors":[],"is_endless":false,"potions_floor_spawned":[7,11,13,18,21,24],"killed_by":"Collector","ascension_level":3}}