{"host":"irwdypew7j0recua","time":1611368605,"event":{"mods":["AchievementEnabler","BaseMod","Better Vampires","Custom Start","DeckTracker","Downfall","Googly Eyes","Gremlin Mod","Hermit","Infinite Spire","Lobotomy","Marisa????????","Minty Spire (QoL Compilation)","Quick Restart","Replay The Spire","Reworked Bosses","Shop Mod","Spicy Shops","StSLib","The Bug Knight","The Cursed","The Jungle","The Necromancer"],"gold_per_floor":[110,110,121,138,138,138,163,163,163,178,211,211,14,33,33,38,38],"floor_reached":16,"language":"ENG","playtime":3366,"items_purged":[],"score":107,"play_id":"dc995af2-f319-46f3-9ee5-4680c8a58907","local_time":"20210123002325","is_ascension_mode":true,"campfire_choices":[{"data":"hermit:HighCaliber","floor":6,"key":"SMITH"},{"data":"hermit:GoldenBullet","floor":8,"key":"SMITH"},{"data":"hermit:TakeCover","floor":12,"key":"SMITH"}],"circlet_count":0,"master_deck":["hermit:Strike_Hermit","hermit:Strike_Hermit","hermit:Strike_Hermit","hermit:Defend_Hermit","hermit:Defend_Hermit","hermit:Defend_Hermit","hermit:Snapshot","hermit:Covet","hermit:HighCaliber+1","hermit:Glare","hermit:Quickdraw","hermit:Scavenge","hermit:GoldenBullet+1","hermit:TakeCover+1","hermit:LuckOfTheDraw+1","hermit:RoundhouseKick","hermit:SprayPray"],"relics":["hermit:Momento","Ancient Tea Set","InkBottle","hermit:Horseshoe","hermit:Spyglass","Gremlin Food"],"acts_visited":["Exordium"],"potions_floor_usage":[16],"damage_taken":[{"damage":1,"enemies":"Cultist","floor":1,"turns":3},{"damage":5,"enemies":"Small Slimes","floor":3,"turns":3},{"damage":0,"enemies":"Jaw Worm","floor":4,"turns":3},{"damage":0,"enemies":"2 Fungi Beasts","floor":7,"turns":2},{"damage":4,"enemies":"Red Slaver","floor":10,"turns":2},{"damage":21,"enemies":"Gremlin Nob","floor":11,"turns":4},{"damage":0,"enemies":"Lots of Slimes","floor":14,"turns":4},{"damage":46,"enemies":"The Guardian","floor":16,"turns":7}],"seed_played":"6307255881272010568","potions_obtained":[{"floor":4,"key":"hexamod:SoulburnPotion"},{"floor":11,"key":"Guardian:BlockOnCardUsePotion"}],"is_trial":false,"path_per_floor":["M","?","M","M","?","R","M","R","T","M","E","R","$","M","R","B"],"character_chosen":"HERMIT","items_purchased":["Gremlin Food","hermit:LuckOfTheDraw+1"],"campfire_rested":0,"item_purchase_floors":[13,13],"current_hp_per_floor":[74,67,62,62,62,62,62,62,62,58,37,37,37,37,37,0,0],"gold":38,"neow_bonus":"RANDOM_COMMON_RELIC","is_daily":false,"chose_seed":false,"campfire_upgraded":3,"win_rate":0.0,"timestamp":1611368605,"path_taken":["M","?","M","M","?","R","?","R","T","M","E","R","$","M","R","BOSS"],"items_purchased_type":["Relic","Card"],"build_version":"2020-12-22","purchased_purges":0,"victory":false,"max_hp_per_floor":[75,75,75,75,75,75,75,75,75,75,75,75,75,75,75,75,75],"card_choices":[{"not_picked":["hermit:Feint","hermit:LowProfile"],"picked":"hermit:HighCaliber","floor":1},{"not_picked":["hermit:HoleUp","hermit:Roulette"],"picked":"hermit:Glare","floor":3},{"not_picked":["hermit:ShadowCloak","hermit:Desperado"],"picked":"hermit:Quickdraw","floor":4},{"not_picked":["hermit:Quickdraw","hermit:Desperado"],"picked":"hermit:GoldenBullet","floor":7},{"not_picked":["hermit:Deadeye","hermit:Glare"],"picked":"hermit:TakeCover","floor":10},{"not_picked":["hermit:Midnight","hermit:Malice","hermit:Misfire"],"picked":"SKIP","floor":11},{"not_picked":["hermit:ShadowCloak","hermit:SprayPray"],"picked":"hermit:RoundhouseKick","floor":14}],"player_experience":156089,"relics_obtained":[{"floor":9,"key":"hermit:Horseshoe"},{"floor":11,"key":"hermit:Spyglass"}],"event_choices":[{"damage_healed":0,"gold_gain":0,"player_choice":"Success","damage_taken":7,"relics_obtained":["InkBottle"],"max_hp_gain":0,"max_hp_loss":0,"event_name":"Scrap Ooze","floor":2,"gold_loss":0},{"damage_healed":0,"gold_gain":0,"cards_transformed":["hermit:Strike_Hermit"],"player_choice":"Transformed","damage_taken":0,"max_hp_gain":0,"max_hp_loss":0,"event_name":"Transmorgrifier","floor":5,"gold_loss":0,"cards_obtained":["hermit:Scavenge"]}],"is_beta":false,"boss_relics":[],"items_purged_floors":[],"is_endless":false,"potions_floor_spawned":[4,11],"killed_by":"The Guardian","ascension_level":1}}