{"host":"w3q5ijqu8eoknil3","time":1611386360,"event":{"mods":["AchievementEnabler","BaseMod","Block Reminder","Colored Map","Colored Powertips","Curses Come First","Dark Map","Minty Spire (QoL Compilation)","Quick Restart","Relic Stats","StSLib","ojb\u0027s Better Paths Mod","ojb\u0027s Info Mod","slay the spire mod where everything is the same but ironclad has a cowboy hat"],"gold_per_floor":[117,127,145,145,23,23,39,54,79,112,112,123,123,149,149,226,226,240,165,180,95,20,20,51,51,51],"floor_reached":25,"language":"ENG","playtime":617,"items_purged":["Strike_G"],"score":439,"play_id":"50fd28ab-c81b-4e79-9161-f2f367000cef","local_time":"20210123071920","is_ascension_mode":true,"campfire_choices":[{"data":"Catalyst","floor":6,"key":"SMITH"},{"floor":11,"key":"REST"},{"data":"Noxious Fumes","floor":13,"key":"SMITH"},{"floor":15,"key":"REST"},{"data":"Catalyst","floor":23,"key":"SMITH"}],"circlet_count":0,"master_deck":["AscendersBane","Strike_G","Strike_G+1","Strike_G+1","Defend_G","Defend_G","Defend_G","Defend_G","Defend_G","Survivor","Neutralize","Deadly Poison","Blade Dance","Bullet Time","Catalyst+1","Noxious Fumes+1","Deadly Poison","Backflip","Dagger Throw","Acrobatics","Malaise","Catalyst+1","Dagger Spray"],"relics":["Ring of the Snake","NeowsBlessing","Happy Flower","Whetstone","Ancient Tea Set","Coffee Dripper","Dream Catcher","Gremlin Horn"],"acts_visited":["Exordium","TheCity"],"potions_floor_usage":[10,10,14,16,20,25],"damage_taken":[{"damage":0,"enemies":"Cultist","floor":1,"turns":1},{"damage":0,"enemies":"2 Louse","floor":2,"turns":1},{"damage":0,"enemies":"Small Slimes","floor":3,"turns":1},{"damage":1,"enemies":"Blue Slaver","floor":7,"turns":3},{"damage":26,"enemies":"Exordium Wildlife","floor":8,"turns":6},{"damage":20,"enemies":"3 Sentries","floor":10,"turns":6},{"damage":4,"enemies":"Looter","floor":12,"turns":3},{"damage":17,"enemies":"Lagavulin","floor":14,"turns":5},{"damage":6,"enemies":"The Guardian","floor":16,"turns":6},{"damage":19,"enemies":"Shell Parasite","floor":18,"turns":3},{"damage":6,"enemies":"2 Thieves","floor":20,"turns":3},{"damage":21,"enemies":"Slavers","floor":24,"turns":6},{"damage":15,"enemies":"Cultist and Chosen","floor":25,"turns":3}],"seed_played":"-8590804360509124039","potions_obtained":[{"floor":3,"key":"Energy Potion"},{"floor":8,"key":"DistilledChaos"},{"floor":12,"key":"AttackPotion"},{"floor":14,"key":"DistilledChaos"},{"floor":16,"key":"BlessingOfTheForge"},{"floor":18,"key":"Ancient Potion"}],"is_trial":false,"path_per_floor":["M","M","M","?","$","R","M","M","T","E","R","M","R","E","R","B",null,"M","?","M","?","$","R","E","M"],"character_chosen":"THE_SILENT","items_purchased":["Catalyst","Noxious Fumes"],"campfire_rested":2,"item_purchase_floors":[5,5],"current_hp_per_floor":[59,59,59,55,55,55,54,28,28,8,27,23,23,6,25,19,54,35,35,29,29,29,29,8,0,0],"gold":51,"neow_bonus":"THREE_ENEMY_KILL","is_daily":false,"chose_seed":false,"campfire_upgraded":3,"win_rate":0.0,"timestamp":1611386360,"path_taken":["M","M","?","?","$","R","?","M","T","E","R","M","R","E","R","BOSS","M","?","M","?","$","R","E","M"],"items_purchased_type":["Card","Card"],"build_version":"2020-12-22","purchased_purges":1,"victory":false,"max_hp_per_floor":[66,66,66,66,66,66,66,66,66,66,66,66,66,66,66,66,66,66,66,66,66,66,66,66,66,66],"relic_stats":{"Dream Catcher":0,"Happy Flower":[11],"Gremlin Horn":[1,1],"counters":[13,47],"Whetstone":["Strike_G","Strike_G"],"obtain_stats":[{"Dream Catcher":21,"NeowsBlessing":0,"Happy Flower":9,"Gremlin Horn":24,"Coffee Dripper":17,"Whetstone":10,"Ancient Tea Set":14,"Ring of the Snake":0},{"Dream Catcher":11,"NeowsBlessing":0,"Happy Flower":5,"Gremlin Horn":12,"Coffee Dripper":9,"Whetstone":6,"Ancient Tea Set":8,"Ring of the Snake":0},{"Dream Catcher":38,"NeowsBlessing":0,"Happy Flower":12,"Gremlin Horn":44,"Coffee Dripper":32,"Whetstone":18,"Ancient Tea Set":26,"Ring of the Snake":0}],"Ring of the Snake":[26]},"card_choices":[{"not_picked":["Acrobatics","Heel Hook"],"picked":"Deadly Poison","floor":1},{"not_picked":["Backflip","Dagger Spray"],"picked":"Blade Dance","floor":2},{"not_picked":["PiercingWail","Masterful Stab"],"picked":"Bullet Time","floor":3},{"not_picked":["Sucker Punch","Deflect"],"picked":"Deadly Poison","floor":7},{"not_picked":["Deadly Poison","Choke"],"picked":"Backflip","floor":8},{"not_picked":["Infinite Blades","Deadly Poison","Escape Plan"],"picked":"SKIP","floor":10},{"not_picked":["Endless Agony","Escape Plan"],"picked":"Dagger Throw","floor":12},{"not_picked":["Expertise","Terror"],"picked":"Acrobatics","floor":14},{"not_picked":["Glass Knife","Die Die Die"],"picked":"Malaise","floor":16},{"not_picked":["Flying Knee","Skewer"],"picked":"Catalyst","floor":18},{"not_picked":["Blade Dance","Eviscerate","Concentrate"],"picked":"SKIP","floor":20},{"not_picked":["Backstab","Blade Dance"],"picked":"Dagger Spray","floor":24}],"player_experience":1012319,"relics_obtained":[{"floor":9,"key":"Happy Flower"},{"floor":10,"key":"Whetstone"},{"floor":14,"key":"Ancient Tea Set"},{"floor":24,"key":"Gremlin Horn"}],"event_choices":[{"damage_healed":0,"gold_gain":0,"player_choice":"Bought 0 Potions","damage_taken":0,"max_hp_gain":0,"max_hp_loss":0,"event_name":"The Woman in Blue","floor":4,"gold_loss":0},{"cards_removed":["Strike_G"],"damage_healed":0,"gold_gain":0,"player_choice":"Gave Gold","damage_taken":0,"max_hp_gain":0,"max_hp_loss":0,"event_name":"Beggar","floor":19,"gold_loss":75},{"damage_healed":0,"gold_gain":0,"player_choice":"Obtained Relic","damage_taken":0,"relics_obtained":["Dream Catcher"],"max_hp_gain":0,"max_hp_loss":0,"event_name":"Addict","floor":21,"gold_loss":85}],"is_beta":false,"boss_relics":[{"not_picked":["Snecko Eye","WristBlade"],"picked":"Coffee Dripper"}],"items_purged_floors":[22],"is_endless":false,"potions_floor_spawned":[3,8,12,14,16,18],"killed_by":"Cultist and Chosen","ascension_level":18}}