{"host":"5vely6jbi66u1z8q","time":1611389015,"event":{"mods":["2.2 Compatiblity","Act Like it!","Aspiration","BaseMod","Conspire","Downfall","Hermit","Hubris","Minty Spire (QoL Compilation)","Shade Mod","Spicy Shops","StSLib","The Construct"],"gold_per_floor":[114,114,127,138,157,183,183,198,198,214,241,241,241,228,228,228,228],"floor_reached":16,"language":"ENG","playtime":1503,"items_purged":[],"score":114,"play_id":"fc921a40-0e21-4d40-82b2-1de846f91708","local_time":"20210123030335","is_ascension_mode":false,"campfire_choices":[{"floor":7,"key":"REST"},{"floor":15,"key":"REST"}],"circlet_count":0,"master_deck":["Shade:Strike_Shade","Shade:Strike_Shade","Shade:Strike_Shade","Shade:Defend_Shade","Shade:Defend_Shade","Shade:Defend_Shade","Shade:Defend_Shade","Shade:AnimateDead","Shade:CarefulCut","Shade:CallWraith","Shade:Bonestorm","Shade:Brains","Shade:Trample","Shade:Haruspicy","Shade:FreshBones","Shade:WallOfFlesh","Shade:CallWraith"],"relics":["Shade:YorickSkull","Juzu Bracelet","Eternal Feather","Torii"],"acts_visited":["Exordium"],"potions_floor_usage":[6,6,16],"damage_taken":[{"damage":1,"enemies":"Jaw Worm","floor":1,"turns":4},{"damage":0,"enemies":"conspire:RoseBush","floor":3,"turns":3},{"damage":0,"enemies":"Cultist","floor":4,"turns":3},{"damage":35,"enemies":"Gremlin Gang","floor":5,"turns":4},{"damage":21,"enemies":"Lagavulin","floor":6,"turns":9},{"damage":0,"enemies":"3 Louse","floor":8,"turns":2},{"damage":5,"enemies":"Red Slaver","floor":10,"turns":4},{"damage":23,"enemies":"3 Sentries","floor":11,"turns":9},{"damage":0,"enemies":"Exordium Thugs","floor":14,"turns":5},{"damage":40,"enemies":"Hexaghost","floor":16,"turns":13}],"seed_played":"761305176519509404","potions_obtained":[{"floor":4,"key":"Weak Potion"},{"floor":5,"key":"ColorlessPotion"},{"floor":10,"key":"sneckomod:MuddlingPotion"}],"is_trial":false,"path_per_floor":["M","?","M","M","M","E","R","M","T","M","E","T","?","M","R","B"],"character_chosen":"SHADE","items_purchased":[],"campfire_rested":2,"item_purchase_floors":[],"current_hp_per_floor":[70,70,70,70,35,14,35,35,35,30,7,7,7,7,37,0,0],"gold":228,"neow_bonus":"TEN_PERCENT_HP_BONUS","is_daily":false,"chose_seed":false,"campfire_upgraded":0,"win_rate":0.0,"timestamp":1611389015,"path_taken":["M","?","M","M","M","E","R","M","T","M","E","?","?","M","R","BOSS"],"items_purchased_type":[],"build_version":"2020-12-22","purchased_purges":0,"victory":false,"max_hp_per_floor":[71,71,71,71,71,71,71,71,71,71,71,71,71,71,71,71,71],"card_choices":[{"not_picked":["Shade:AncientSpear","Shade:Trample"],"picked":"Shade:CallWraith","floor":1},{"not_picked":["Shade:AncientSpear","Shade:Frenzy"],"picked":"Shade:Bonestorm","floor":3},{"not_picked":["Shade:GreyBargain","Shade:SkeletonArmy"],"picked":"Shade:Brains","floor":4},{"not_picked":["Shade:FeralStrike","Shade:SelfBurial"],"picked":"Shade:Trample","floor":5},{"not_picked":["Shade:SkeletonHug","Shade:Trample"],"picked":"Shade:Haruspicy","floor":6},{"not_picked":["Shade:RitualOffering","Shade:Trample"],"picked":"Shade:FreshBones","floor":8},{"not_picked":["Shade:FleshLikeOak","Shade:AncientSpear"],"picked":"Shade:WallOfFlesh","floor":10},{"not_picked":["Shade:Frenzy","Shade:ExtraLimbs","Shade:Consume"],"picked":"SKIP","floor":11},{"not_picked":["Shade:Brains","Shade:CommandSoldier"],"picked":"Shade:CallWraith","floor":14}],"player_experience":115894,"relics_obtained":[{"floor":6,"key":"Juzu Bracelet"},{"floor":9,"key":"Eternal Feather"},{"floor":11,"key":"Torii"}],"event_choices":[{"damage_healed":0,"gold_gain":0,"player_choice":"Ignored","damage_taken":0,"max_hp_gain":0,"max_hp_loss":0,"event_name":"Liars Game","floor":2,"gold_loss":0},{"cards_removed":["Shade:Strike_Shade"],"damage_healed":0,"gold_gain":0,"player_choice":"Offered Basic","damage_taken":0,"max_hp_gain":0,"max_hp_loss":0,"event_name":"Bonfire Elementals","floor":13,"gold_loss":0}],"is_beta":false,"boss_relics":[],"items_purged_floors":[],"is_endless":false,"potions_floor_spawned":[4,5,10],"killed_by":"Hexaghost","ascension_level":0}}