{"host":"e8hwgc5hwysw32tq","time":1611441143,"event":{"mods":["BaseMod","Downfall","Minty Spire (QoL Compilation)","Shop Mod","StSLib"],"gold_per_floor":[99,113,113,128,128,160,160,1,12,112,128,158,158,44,54,155,155,155,166,186,204,39,39,39,39,36,36,36,36,36,48,68,170,170,170,190,45,59,73,73,73,99,118,118,168,168,129,140,150,150,150,150],"floor_reached":50,"language":"ENG","playtime":4299,"items_purged":["Guardian:Defend_Guardian","Guardian:Defend_Guardian"],"score":557,"play_id":"afd0c726-d1fe-462c-9cc3-496afe8e3191","local_time":"20210123143223","is_ascension_mode":true,"campfire_choices":[{"data":"Guardian:CurlUp","floor":1,"key":"SMITH"},{"floor":13,"key":"REST"},{"data":"Guardian:TemporalShield","floor":18,"key":"SMITH"},{"data":"Guardian:StasisField","floor":23,"key":"SMITH"},{"floor":30,"key":"REST"},{"data":"Guardian:Suspension","floor":35,"key":"SMITH"},{"data":"Guardian:Recover","floor":40,"key":"SMITH"}],"circlet_count":0,"master_deck":["Guardian:Strike_Guardian+1","Guardian:Defend_Guardian+1","Guardian:CurlUp+1","Guardian:FastForward+1","Guardian:Recover+1","Guardian:BodySlam+1","Guardian:PiercingHide","Guardian:Reroute","Guardian:TemporalShield+1","Guardian:Incinerate+1","Guardian:BronzeArmor","Guardian:TemporalStrike+1","Guardian:Suspension+1","Guardian:StasisField+1","Guardian:DecasProtection","Guardian:Recover+1","Guardian:Harden","Guardian:StasisStrike+1","Guardian:BodySlam+1","Guardian:TimeSifter","Guardian:PolyBeam+1"],"relics":["Guardian:ModeShifter","War Paint","Orichalcum","Dead Branch","Whetstone","White Beast Statue","Molten Egg 2","Velvet Choker","Boot","Oddly Smooth Stone","Ornamental Fan","Empty Cage","Lantern","Bottled Flame","Anchor","Pocketwatch","Mummified Hand"],"acts_visited":["Exordium","TheCity","TheBeyond"],"potions_floor_usage":[10,12,12,16,19,21,26,31,32,33,39,39,43,49,50,50],"damage_taken":[{"damage":0,"enemies":"2 Louse","floor":2,"turns":2},{"damage":7,"enemies":"Small Slimes","floor":4,"turns":4},{"damage":13,"enemies":"Lagavulin","floor":6,"turns":9},{"damage":5,"enemies":"downfall:FleeingMerchant","floor":8,"turns":4},{"damage":0,"enemies":"Jaw Worm","floor":9,"turns":3},{"damage":17,"enemies":"downfall:LadyInBlue","floor":10,"turns":12},{"damage":4,"enemies":"Exordium Thugs","floor":11,"turns":4},{"damage":0,"enemies":"Gremlin Nob","floor":12,"turns":2},{"damage":9,"enemies":"downfall:FleeingMerchant","floor":14,"turns":4},{"damage":0,"enemies":"Large Slime","floor":15,"turns":4},{"damage":26,"enemies":"WA_ARCHETYPE_RETAIN","floor":16,"turns":10},{"damage":6,"enemies":"Shell Parasite","floor":19,"turns":7},{"damage":0,"enemies":"Spheric Guardian","floor":20,"turns":4},{"damage":8,"enemies":"Centurion and Healer","floor":21,"turns":9},{"damage":13,"enemies":"downfall:FleeingMerchant","floor":22,"turns":4},{"damage":7,"enemies":"downfall:FleeingMerchant","floor":26,"turns":4},{"damage":1,"enemies":"Sentry and Sphere","floor":31,"turns":6},{"damage":11,"enemies":"Shelled Parasite and Fungi","floor":32,"turns":5},{"damage":33,"enemies":"DF_ARCHETYPE_CLAW","floor":33,"turns":11},{"damage":3,"enemies":"Orb Walker","floor":36,"turns":5},{"damage":11,"enemies":"3 Shapes","floor":38,"turns":6},{"damage":5,"enemies":"Jaw Worm Horde","floor":39,"turns":5},{"damage":16,"enemies":"Nemesis","floor":42,"turns":5},{"damage":7,"enemies":"Writhing Mass","floor":43,"turns":6},{"damage":10,"enemies":"Writhing Mass","floor":45,"turns":5},{"damage":2,"enemies":"Spire Growth","floor":48,"turns":5},{"damage":22,"enemies":"Transient","floor":49,"turns":5},{"damage":119,"enemies":"IC_BLOCK_ARCHETYPE","floor":50,"turns":6}],"seed_played":"4315156630455218689","potions_obtained":[{"floor":2,"key":"Block Potion"},{"floor":6,"key":"BlessingOfTheForge"},{"floor":10,"key":"FairyPotion"},{"floor":10,"key":"Explosive Potion"},{"floor":12,"key":"Weak Potion"},{"floor":14,"key":"hexamod:SoulburnPotion"},{"floor":16,"key":"Regen Potion"},{"floor":19,"key":"hexamod:SoulburnPotion"},{"floor":20,"key":"Guardian:BlockOnCardUsePotion"},{"floor":21,"key":"AttackPotion"},{"floor":26,"key":"LiquidBronze"},{"floor":31,"key":"Regen Potion"},{"floor":32,"key":"PowerPotion"},{"floor":33,"key":"Dexterity Potion"},{"floor":39,"key":"Ancient Potion"},{"floor":42,"key":"SmokeBomb"},{"floor":43,"key":"champ:CounterPotion"},{"floor":45,"key":"PowerPotion"},{"floor":48,"key":"DuplicationPotion"},{"floor":49,"key":"BlessingOfTheForge"}],"is_trial":false,"path_per_floor":["R","M","?","M","?","E","T","$","M","?","M","E","R","$","M","B",null,"R","M","M","M","$","R","T","?","$","?","?","?","R","M","M","B",null,"R","M","$","M","M","R","T","E","M","?","?","T","$","M","M","B"],"character_chosen":"GUARDIAN","items_purchased":["Whetstone","Guardian:TemporalStrike+1","Boot","Ornamental Fan","Lantern","Guardian:PolyBeam+1"],"campfire_rested":2,"item_purchase_floors":[8,14,22,26,37,47],"current_hp_per_floor":[80,80,77,70,70,57,57,52,52,35,31,31,55,46,46,20,80,80,74,74,66,53,53,53,53,46,31,31,31,56,70,73,40,85,85,82,82,71,66,66,66,50,43,43,33,33,33,31,9,0,0,0],"gold":150,"neow_bonus":"ONE_RANDOM_RARE_CARD","is_daily":false,"chose_seed":false,"campfire_upgraded":5,"win_rate":0.0,"timestamp":1611441143,"path_taken":["R","M","?","M","?","E","T","?","M","?","M","E","R","$","M","BOSS","R","M","M","M","$","R","T","?","$","?","?","?","R","M","M","BOSS","R","M","?","M","M","R","T","E","M","?","?","?","$","M","M","BOSS"],"items_purchased_type":["Relic","Card","Relic","Relic","Relic","Card"],"build_version":"2020-12-22","purchased_purges":2,"victory":false,"max_hp_per_floor":[80,80,80,80,80,80,80,80,80,80,80,80,80,80,80,80,80,80,80,80,80,80,80,80,80,80,85,85,85,85,85,85,85,85,85,85,85,85,85,85,85,85,85,85,85,85,85,85,85,85,85,85],"card_choices":[{"not_picked":["Guardian:Gem_Purple","Guardian:Incinerate","Guardian:Gem_Lightblue"],"picked":"SKIP","floor":2},{"not_picked":["Guardian:DonusPower","Guardian:Gem_Red"],"picked":"Guardian:Recover","floor":4},{"not_picked":["Guardian:Gem_Red","Guardian:PrismaticBeam"],"picked":"Guardian:BodySlam","floor":6},{"not_picked":["Guardian:Orbwalk","Guardian:ArmoredProtocol"],"picked":"Guardian:PiercingHide","floor":8},{"not_picked":["Guardian:ShieldCharger","Guardian:VentSteam"],"picked":"Guardian:Reroute","floor":9},{"not_picked":["Guardian:Gem_Cyan","Guardian:Reroute"],"picked":"Guardian:TemporalShield","floor":10},{"not_picked":["Guardian:Reroute","Guardian:MultiBeam","Guardian:WalkerClaw"],"picked":"SKIP","floor":11},{"not_picked":["Guardian:PrimingBeam+1","Guardian:PolyBeam+1"],"picked":"Guardian:Incinerate+1","floor":12},{"not_picked":["Guardian:Planning","Guardian:Gem_Green"],"picked":"Guardian:BronzeArmor","floor":14},{"not_picked":["Guardian:Gem_Purple","Guardian:Planning"],"picked":"Guardian:Suspension","floor":15},{"not_picked":["Guardian:HyperBeam_Guardian+1","Guardian:SphericShield"],"picked":"Guardian:StasisField","floor":16},{"not_picked":["Guardian:Gem_White","Guardian:PiercingHide","Guardian:Reroute+1"],"picked":"SKIP","floor":19},{"not_picked":["Guardian:Planning+1","Guardian:PrimingBeam+1"],"picked":"Guardian:DecasProtection","floor":20},{"not_picked":["Guardian:Preprogram","Guardian:Gem_White","Guardian:DonusPower"],"picked":"SKIP","floor":21},{"not_picked":["Guardian:Recover","Guardian:Suspension","Guardian:TemporalStrike+1"],"picked":"SKIP","floor":22},{"not_picked":["Guardian:TemporalShield","Guardian:Reroute+1"],"picked":"Guardian:Recover+1","floor":26},{"not_picked":["Guardian:Gem_Cyan","Guardian:PrimingBeam+1"],"picked":"Guardian:Harden","floor":31},{"not_picked":["Guardian:PiercingHide","Guardian:CrystalBeam+1","Guardian:Recover"],"picked":"SKIP","floor":32},{"not_picked":["Guardian:Gem_Synthetic","Guardian:RevengeProtocol"],"picked":"Guardian:StasisStrike+1","floor":33},{"not_picked":["Guardian:WalkerClaw+1","Guardian:Gem_Green","Guardian:Recover+1"],"picked":"SKIP","floor":36},{"not_picked":["Guardian:Incinerate+1","Guardian:ShieldCharger+1","Guardian:Recover+1"],"picked":"SKIP","floor":38},{"not_picked":["Guardian:Reroute+1","Guardian:PiercingHide+1"],"picked":"Guardian:BodySlam+1","floor":39},{"not_picked":["Guardian:Planning","Guardian:ShieldCharger","Guardian:BronzeOrb+1"],"picked":"SKIP","floor":42},{"not_picked":["Guardian:CrystalBeam+1","Guardian:ShieldCharger+1","Guardian:BodySlam+1"],"picked":"SKIP","floor":43},{"not_picked":["Guardian:ShieldCharger+1","Guardian:PolyBeam+1"],"picked":"Guardian:TimeSifter","floor":45},{"not_picked":["Guardian:Planning","Guardian:PiercingHide","Guardian:WalkerClaw+1"],"picked":"SKIP","floor":48},{"not_picked":["Guardian:Clone+1","Guardian:TemporalShield+1","Guardian:PrismaticBarrier+1"],"picked":"SKIP","floor":49}],"player_experience":420388,"relics_obtained":[{"floor":6,"key":"Orichalcum"},{"floor":7,"key":"Dead Branch"},{"floor":10,"key":"White Beast Statue"},{"floor":12,"key":"Molten Egg 2"},{"floor":24,"key":"Oddly Smooth Stone"},{"floor":41,"key":"Bottled Flame"},{"floor":42,"key":"Anchor"},{"floor":45,"key":"Pocketwatch"},{"floor":46,"key":"Mummified Hand"}],"event_choices":[{"damage_healed":0,"gold_gain":0,"player_choice":"Success","damage_taken":3,"relics_obtained":["War Paint"],"max_hp_gain":0,"max_hp_loss":0,"event_name":"Scrap Ooze","floor":3,"gold_loss":0},{"damage_healed":0,"gold_gain":0,"player_choice":"Ignored","damage_taken":0,"max_hp_gain":0,"max_hp_loss":0,"event_name":"Ghosts","floor":28,"gold_loss":0},{"cards_removed":["Guardian:Strike_Guardian"],"damage_healed":0,"gold_gain":0,"player_choice":"Offered Basic","damage_taken":0,"max_hp_gain":0,"max_hp_loss":0,"event_name":"Bonfire Elementals","floor":29,"gold_loss":0}],"is_beta":false,"boss_relics":[{"not_picked":["bronze:MakeshiftBattery","Snecko Eye"],"picked":"Velvet Choker"},{"not_picked":["SacredBark","Guardian:ModeShifterPlus"],"picked":"Empty Cage"}],"items_purged_floors":[14,26],"is_endless":false,"potions_floor_spawned":[2,6,11,12,14,15,16,19,20,21,22,26,31,32,33,36,38,39,42,43,45,48,49],"killed_by":"IC_BLOCK_ARCHETYPE","ascension_level":1}}