{"host":"f0gpob8hq9vgebej","time":1611398573,"event":{"mods":["AchievementEnabler","BaseMod","Minty Spire (QoL Compilation)","Quick Restart","SuperFastMode"],"gold_per_floor":[110,125,143,33,53,53,87,104,174,185,185,185,200,216,216,319,319,336,347,247,266,48,48,48],"floor_reached":23,"language":"KOR","playtime":702,"items_purged":["Strike_G","Strike_G","Strike_G"],"score":383,"play_id":"5f22b524-6d41-4e3f-a895-b45de01386e6","local_time":"20210123194253","is_ascension_mode":true,"campfire_choices":[{"data":"Cloak And Dagger","floor":6.0,"key":"SMITH"},{"data":"Noxious Fumes","floor":11,"key":"SMITH"},{"floor":15,"key":"REST"}],"circlet_count":0,"master_deck":["AscendersBane","Strike_G","Strike_G","Defend_G","Defend_G","Defend_G","Defend_G","Defend_G","Survivor","Neutralize","Noxious Fumes+1","Reflex","Masterful Stab","Calculated Gamble+1","Cloak And Dagger+1","Blur","Acrobatics","Bouncing Flask+1","Tactician+1","Acrobatics+1","Corpse Explosion+1","Backflip+1","Dodge and Roll+1","Catalyst+1","Prepared+1","Footwork"],"relics":["Ring of the Serpent","Letter Opener","Toxic Egg 2"],"acts_visited":["Exordium","TheCity"],"potions_floor_usage":[7,19,19],"damage_taken":[{"damage":0.0,"enemies":"2 Louse","floor":1.0,"turns":4.0},{"damage":3.0,"enemies":"Cultist","floor":2.0,"turns":5.0},{"damage":4.0,"enemies":"Jaw Worm","floor":3.0,"turns":5.0},{"damage":9.0,"enemies":"3 Louse","floor":5.0,"turns":5.0},{"damage":0,"enemies":"3 Sentries","floor":7,"turns":7},{"damage":27,"enemies":"Exordium Thugs","floor":8,"turns":6},{"damage":4,"enemies":"Red Slaver","floor":10,"turns":4},{"damage":6,"enemies":"Looter","floor":13,"turns":3},{"damage":0,"enemies":"3 Louse","floor":14,"turns":3},{"damage":12,"enemies":"The Guardian","floor":16,"turns":8},{"damage":8,"enemies":"Chosen","floor":18,"turns":5},{"damage":18,"enemies":"2 Thieves","floor":19,"turns":3},{"damage":26,"enemies":"Centurion and Healer","floor":21,"turns":6},{"damage":16,"enemies":"Gremlin Leader","floor":23,"turns":4}],"seed_played":"-3719461728676648020","potions_obtained":[{"floor":1.0,"key":"Swift Potion"},{"floor":5.0,"key":"PowerPotion"},{"floor":8,"key":"LiquidBronze"},{"floor":10,"key":"Explosive Potion"},{"floor":13,"key":"AttackPotion"},{"floor":16,"key":"SpeedPotion"}],"is_trial":false,"path_per_floor":["M","M","M","$","M","R","E","M","T","M","R","?","M","M","R","B",null,"M","M","$","M","$","E"],"character_chosen":"THE_SILENT","items_purchased":["Calculated Gamble","Prepared+1","Footwork"],"campfire_rested":1,"item_purchase_floors":[4,22,22],"current_hp_per_floor":[70,67,63,63,54,54,54,27,27,23,23,23,17,17,40,28,65,57,39,39,13,13,0,0],"gold":48,"neow_bonus":"TEN_PERCENT_HP_BONUS","is_daily":false,"chose_seed":false,"campfire_upgraded":2,"win_rate":0.0,"timestamp":1611398573,"path_taken":["M","M","M","$","M","R","E","M","T","M","R","?","M","?","R","BOSS","M","M","$","M","$","E"],"items_purchased_type":["Card","Card","Card"],"build_version":"2020-12-22","purchased_purges":3,"victory":false,"max_hp_per_floor":[77,77,77,77,77,77,77,77,77,77,77,77,77,77,77,77,77,77,77,77,77,77,77,77],"card_choices":[{"not_picked":["Terror","Eviscerate"],"picked":"Noxious Fumes","floor":1.0},{"not_picked":["Terror","PiercingWail"],"picked":"Reflex","floor":2.0},{"not_picked":["Flying Knee","Choke"],"picked":"Masterful Stab","floor":3.0},{"not_picked":["Eviscerate","Backstab"],"picked":"Cloak And Dagger","floor":5.0},{"not_picked":["Dagger Throw","Sucker Punch"],"picked":"Blur","floor":7},{"not_picked":["Dodge and Roll","Underhanded Strike"],"picked":"Acrobatics","floor":8},{"not_picked":["Noxious Fumes","Bane"],"picked":"Bouncing Flask+1","floor":10},{"not_picked":["Blur+1","Reflex+1"],"picked":"Tactician+1","floor":13},{"not_picked":["Caltrops","PiercingWail+1"],"picked":"Acrobatics+1","floor":14},{"not_picked":["Phantasmal Killer+1","Die Die Die"],"picked":"Corpse Explosion+1","floor":16},{"not_picked":["Dagger Throw","Calculated Gamble+1"],"picked":"Backflip+1","floor":18},{"not_picked":["Flying Knee","Cloak And Dagger+1"],"picked":"Dodge and Roll+1","floor":19},{"not_picked":["Quick Slash","PiercingWail+1"],"picked":"Catalyst+1","floor":21}],"player_experience":236421,"relics_obtained":[{"floor":7,"key":"Letter Opener"},{"floor":9,"key":"Toxic Egg 2"}],"event_choices":[{"damage_healed":0,"gold_gain":0,"player_choice":"Forge","damage_taken":0,"max_hp_gain":0,"max_hp_loss":0,"event_name":"Accursed Blacksmith","floor":12,"gold_loss":0,"cards_upgraded":["Calculated Gamble"]}],"is_beta":false,"boss_relics":[{"not_picked":["Philosopher\u0027s Stone","Fusion Hammer"],"picked":"Ring of the Serpent"}],"items_purged_floors":[4,20,22],"is_endless":false,"potions_floor_spawned":[1,5,8,10,13,16,18],"killed_by":"Gremlin Leader","ascension_level":11}}