{"host":"52m1o8iwwagurbjs","time":1611411550,"event":{"mods":["AchievementEnabler","BaseMod","Bestiary","Colored Powertips","GifTheSpireLib","Minty Spire (QoL Compilation)","Quick Restart","RNG Fix","Relic Stats","StSLib"],"gold_per_floor":[112,131,147,160,16,16,16,31,56,111,111,140,15,49,49,144,144,159,19,30,30,30,42,73,73,73,73,104,104,29,49,49,150,200,214,65,0,0,16,31,51,51,78,78,78,128,155,169,169,169,169,169,22,49,49,49],"floor_reached":55,"language":"ENG","playtime":2717,"items_purged":["Strike_B","Strike_B"],"score":728,"play_id":"55929e57-9adc-41d1-9ef2-3f16b4722111","local_time":"20210123091910","is_ascension_mode":false,"campfire_choices":[{"data":"Ball Lightning","floor":7.0,"key":"SMITH"},{"floor":11.0,"key":"REST"},{"data":"Zap","floor":15.0,"key":"SMITH"},{"data":"Seek","floor":25.0,"key":"SMITH"},{"data":"FTL","floor":27.0,"key":"SMITH"},{"floor":29.0,"key":"REST"},{"data":"Rainbow","floor":32.0,"key":"SMITH"},{"floor":42.0,"key":"RECALL"},{"data":"Heatsinks","floor":45.0,"key":"SMITH"},{"data":"Defragment","floor":49.0,"key":"SMITH"},{"data":"Coolheaded","floor":52.0,"key":"SMITH"}],"circlet_count":0,"master_deck":["Strike_B","Defend_B","Defend_B","Defend_B+1","Defend_B","Zap+1","Dualcast","Ball Lightning+1","Hologram","Ball Lightning+1","Leap","BootSequence","Echo Form","Seek+1","Steam+1","FTL+1","Leap","Reinforced Body","Cold Snap","Rainbow+1","Creative AI","Loop","Double Energy","Coolheaded+1","Heatsinks+1","Go for the Eyes","Seek","Defragment+1","Defragment","Defragment+1","Recycle+1"],"relics":["Cracked Core","Akabeko","DollysMirror","Juzu Bracelet","Happy Flower","Strawberry","Pen Nib","Philosopher\u0027s Stone","Emotion Chip","Gremlin Horn","Question Card","Tiny House","Runic Capacitor","Red Mask","Ancient Tea Set","Bird Faced Urn","Blue Candle","Orrery","Mango"],"acts_visited":["Exordium","TheCity","TheBeyond","TheEnding"],"potions_floor_usage":[55],"damage_taken":[{"damage":0.0,"enemies":"2 Louse","floor":1.0,"turns":1.0},{"damage":0.0,"enemies":"Cultist","floor":2.0,"turns":2.0},{"damage":3.0,"enemies":"Jaw Worm","floor":3.0,"turns":2.0},{"damage":7.0,"enemies":"Exordium Thugs","floor":4.0,"turns":4.0},{"damage":14.0,"enemies":"Blue Slaver","floor":8.0,"turns":3.0},{"damage":17.0,"enemies":"Lagavulin","floor":10.0,"turns":4.0},{"damage":18.0,"enemies":"Gremlin Nob","floor":12.0,"turns":3.0},{"damage":7.0,"enemies":"3 Sentries","floor":14.0,"turns":7.0},{"damage":11.0,"enemies":"Hexaghost","floor":16.0,"turns":8.0},{"damage":9.0,"enemies":"2 Thieves","floor":18.0,"turns":3.0},{"damage":0.0,"enemies":"Shell Parasite","floor":20.0,"turns":3.0},{"damage":0.0,"enemies":"Centurion and Healer","floor":23.0,"turns":7.0},{"damage":23.0,"enemies":"Slavers","floor":24.0,"turns":6.0},{"damage":32.0,"enemies":"Gremlin Leader","floor":28.0,"turns":6.0},{"damage":8.0,"enemies":"3 Cultists","floor":31.0,"turns":4.0},{"damage":20.0,"enemies":"Automaton","floor":33.0,"turns":10.0},{"damage":1.0,"enemies":"Orb Walker","floor":35.0,"turns":3.0},{"damage":0.0,"enemies":"3 Shapes","floor":39.0,"turns":4.0},{"damage":12.0,"enemies":"3 Darklings","floor":40.0,"turns":6.0},{"damage":2.0,"enemies":"Sphere and 2 Shapes","floor":41.0,"turns":6.0},{"damage":14.0,"enemies":"Mind Bloom Boss Battle","floor":46.0,"turns":8.0},{"damage":20.0,"enemies":"Nemesis","floor":47.0,"turns":7.0},{"damage":14.0,"enemies":"Writhing Mass","floor":48.0,"turns":9.0},{"damage":36.0,"enemies":"Time Eater","floor":50.0,"turns":9.0},{"damage":55.0,"enemies":"Shield and Spear","floor":54.0,"turns":7.0},{"damage":77,"enemies":"The Heart","floor":55,"turns":3}],"seed_played":"6949134758649249367","potions_obtained":[{"floor":2.0,"key":"LiquidBronze"},{"floor":4.0,"key":"ColorlessPotion"},{"floor":8.0,"key":"ColorlessPotion"},{"floor":16.0,"key":"SteroidPotion"},{"floor":23.0,"key":"FocusPotion"},{"floor":31.0,"key":"Swift Potion"},{"floor":34.0,"key":"Explosive Potion"},{"floor":35.0,"key":"Strength Potion"},{"floor":40.0,"key":"SkillPotion"}],"is_trial":false,"path_per_floor":["M","M","M","M","$","?","R","M","T","E","R","E","$","E","R","B",null,"M","$","M","?","$","M","E","R","T","R","E","R","?","M","R","B",null,"M","$","?","?","M","M","M","R","T","?","R","?","E","M","R","B",null,"R","$","E","B"],"character_chosen":"DEFECT","items_purchased":["DollysMirror","FocusPotion","FTL","Runic Capacitor","Orrery"],"campfire_rested":2,"item_purchase_floors":[5,13,19,36,53],"current_hp_per_floor":[75,75,72,65,65,65,65,51,51,34,56,45,45,38,38,27,82,73,73,73,73,73,73,50,50,50,50,18,42,42,34,34,14,87,86,86,86,86,86,74,72,72,72,72,72,58,64,66,66,56,87,87,87,54,0,0],"gold":49,"neow_bonus":"RANDOM_COMMON_RELIC","is_daily":false,"chose_seed":false,"campfire_upgraded":8,"win_rate":0.0,"timestamp":1611411550,"path_taken":["M","M","M","M","$","?","R","M","T","E","R","E","$","E","R","BOSS","M","$","M","?","$","M","E","R","T","R","E","R","?","M","R","BOSS","M","$","?","?","M","M","M","R","T","?","R","?","E","M","R","BOSS","R","$","E","BOSS"],"items_purchased_type":["Relic","Potion","Card","Relic","Relic"],"build_version":"2020-12-22","purchased_purges":2,"victory":false,"max_hp_per_floor":[75,75,75,75,75,75,75,75,75,75,75,82,82,82,82,82,82,82,82,82,82,82,82,82,82,82,82,82,82,82,82,82,82,87,87,87,87,87,87,87,87,87,87,87,87,87,87,87,87,87,87,87,87,101,101,101],"relic_stats":{"Emotion Chip":[85,52,26,7,0],"Happy Flower":[39],"Gremlin Horn":[16,16],"counters":[26,135],"Bird Faced Urn":[78],"Blue Candle":[0],"Pen Nib":[16],"Juzu Bracelet":2,"Question Card":17,"obtain_stats":[{"Tiny House":34,"Happy Flower":10,"Gremlin Horn":24,"Blue Candle":47,"Mango":54,"Pen Nib":14,"Juzu Bracelet":9,"Runic Capacitor":36,"Question Card":28,"Ancient Tea Set":43,"Akabeko":0,"Emotion Chip":21,"DollysMirror":5,"Strawberry":12,"Bird Faced Urn":46,"Orrery":53,"Philosopher\u0027s Stone":17,"Red Mask":37,"Cracked Core":0},{"Tiny House":16,"Happy Flower":6,"Gremlin Horn":13,"Blue Candle":22,"Mango":25,"Pen Nib":8,"Juzu Bracelet":5,"Runic Capacitor":17,"Question Card":14,"Ancient Tea Set":20,"Akabeko":0,"Emotion Chip":11,"DollysMirror":4,"Strawberry":7,"Bird Faced Urn":21,"Orrery":24,"Philosopher\u0027s Stone":9,"Red Mask":17,"Cracked Core":0},{"Tiny House":73,"Happy Flower":16,"Gremlin Horn":53,"Blue Candle":107,"Mango":132,"Pen Nib":26,"Juzu Bracelet":12,"Runic Capacitor":76,"Question Card":59,"Ancient Tea Set":92,"Akabeko":0,"Emotion Chip":40,"DollysMirror":9,"Strawberry":19,"Bird Faced Urn":100,"Orrery":125,"Philosopher\u0027s Stone":34,"Red Mask":76,"Cracked Core":0}]},"card_choices":[{"not_picked":["FTL","Compile Driver"],"picked":"Ball Lightning","floor":1.0},{"not_picked":["Streamline","Sweeping Beam"],"picked":"Hologram","floor":2.0},{"not_picked":["Hologram","Melter","Hello World"],"picked":"SKIP","floor":3.0},{"not_picked":["Sweeping Beam","Beam Cell"],"picked":"Coolheaded","floor":4.0},{"not_picked":["Sunder","Go for the Eyes"],"picked":"Leap","floor":8.0},{"not_picked":["Recycle","Tempest"],"picked":"BootSequence","floor":10.0},{"not_picked":["Reboot","Hologram"],"picked":"Echo Form","floor":12.0},{"not_picked":["Skim","Darkness","Barrage"],"picked":"SKIP","floor":14.0},{"not_picked":["Meteor Strike","Thunder Strike"],"picked":"Seek","floor":16.0},{"not_picked":["Darkness","Stack"],"picked":"Steam+1","floor":18.0},{"not_picked":["Turbo","Auto Shields"],"picked":"Leap","floor":20.0},{"not_picked":["Rip and Tear+1","Conserve Battery"],"picked":"Reinforced Body","floor":23.0},{"not_picked":["Beam Cell+1","Hologram","Melter"],"picked":"SKIP","floor":24.0},{"not_picked":["Skim","Steam"],"picked":"Cold Snap","floor":28.0},{"not_picked":["Barrage","Rip and Tear","Leap"],"picked":"Rainbow","floor":31.0},{"not_picked":["Biased Cognition","Seek","Hyperbeam"],"picked":"Creative AI","floor":33.0},{"not_picked":["Genetic Algorithm","Hologram","Ball Lightning"],"picked":"Loop","floor":34.0},{"not_picked":["Leap","Streamline+1","Ball Lightning+1","FTL+1"],"picked":"SKIP","floor":35.0},{"not_picked":["Steam","Loop+1","Rip and Tear"],"picked":"Double Energy","floor":39.0},{"not_picked":["Double Energy+1","Chill","Loop"],"picked":"Coolheaded","floor":40.0},{"not_picked":["Streamline+1","Hologram+1","Steam"],"picked":"Heatsinks","floor":41.0},{"not_picked":["Echo Form","Ball Lightning+1","Gash"],"picked":"Go for the Eyes","floor":46.0},{"not_picked":["Scrape","Turbo+1","Blizzard"],"picked":"Seek","floor":47.0},{"not_picked":["Cold Snap","Beam Cell+1","Chaos"],"picked":"Defragment","floor":48.0},{"not_picked":["Rebound","Cold Snap","Conserve Battery+1"],"picked":"Defragment","floor":53.0},{"not_picked":["Storm+1","Compile Driver+1","Reprogram"],"picked":"Defragment+1","floor":53.0},{"not_picked":["Rip and Tear+1","Machine Learning","Lockon+1"],"picked":"Recycle+1","floor":53.0},{"not_picked":["Compile Driver","Static Discharge","Leap+1","Hologram"],"picked":"SKIP","floor":54.0}],"player_experience":1169099,"relics_obtained":[{"floor":9.0,"key":"Juzu Bracelet"},{"floor":10.0,"key":"Happy Flower"},{"floor":12.0,"key":"Strawberry"},{"floor":14.0,"key":"Pen Nib"},{"floor":24.0,"key":"Gremlin Horn"},{"floor":28.0,"key":"Question Card"},{"floor":43.0,"key":"Ancient Tea Set"},{"floor":46.0,"key":"Bird Faced Urn"},{"floor":47.0,"key":"Blue Candle"},{"floor":54.0,"key":"Mango"}],"event_choices":[{"damage_healed":0.0,"max_hp_gain":0.0,"max_hp_loss":0.0,"gold_gain":0.0,"event_name":"Accursed Blacksmith","player_choice":"Forge","floor":6.0,"gold_loss":0.0,"damage_taken":0.0,"cards_upgraded":["Ball Lightning"]},{"damage_healed":0.0,"max_hp_gain":0.0,"max_hp_loss":0.0,"gold_gain":0.0,"event_name":"The Mausoleum","player_choice":"Opened","floor":21.0,"gold_loss":0.0,"damage_taken":0.0,"relics_obtained":["Emotion Chip"],"cards_obtained":["Writhe"]},{"cards_removed":["Strike_B"],"damage_healed":0.0,"max_hp_gain":0.0,"max_hp_loss":0.0,"gold_gain":0.0,"event_name":"Beggar","player_choice":"Gave Gold","floor":30.0,"gold_loss":75.0,"damage_taken":0.0},{"damage_healed":0.0,"max_hp_gain":0.0,"max_hp_loss":0.0,"gold_gain":0.0,"event_name":"Tomb of Lord Red Mask","player_choice":"Paid","floor":37.0,"gold_loss":65.0,"damage_taken":0.0,"relics_obtained":["Red Mask"]},{"cards_removed":["Coolheaded"],"damage_healed":0.0,"max_hp_gain":0.0,"max_hp_loss":0.0,"gold_gain":0.0,"event_name":"Falling","player_choice":"Removed Skill","floor":38.0,"gold_loss":0.0,"damage_taken":0.0},{"cards_removed":["Writhe"],"damage_healed":0.0,"max_hp_gain":0.0,"max_hp_loss":0.0,"gold_gain":0.0,"event_name":"Purifier","player_choice":"Purged","floor":44.0,"gold_loss":0.0,"damage_taken":0.0},{"damage_healed":0.0,"max_hp_gain":0.0,"max_hp_loss":0.0,"gold_gain":0.0,"event_name":"MindBloom","player_choice":"Fight","floor":46.0,"gold_loss":0.0,"damage_taken":0.0}],"is_beta":false,"boss_relics":[{"not_picked":["Velvet Choker","Empty Cage"],"picked":"Philosopher\u0027s Stone"},{"not_picked":["Runic Pyramid","SlaversCollar"],"picked":"Tiny House"}],"items_purged_floors":[13,19],"is_endless":false,"potions_floor_spawned":[2,4,8,16,23,31,35,40],"killed_by":"The Heart","ascension_level":0}}