{"host":"7z347kdhnquy3q4q","time":1611368839,"event":{"mods":["Act Like it!","BaseMod","Hubris","Minty Spire (QoL Compilation)","MostiFishMod","Permanent Neow","Potionbrewer","Robot Space Explorer","Spicy Shops","StSLib","The Marked","Wandering Minibosses"],"gold_per_floor":[212,225,32,32,32,32,57,57,126,126,66,78,78,78,78,178,178,188,368,45,64,30,30,48,48,48,68,79,11,11,31,31,128,128,143,159,25,39,39,39,49,68,91,91,13,13,47,57,57,57],"floor_reached":51,"language":"ENG","playtime":3659,"items_purged":["Regret","Pride","theMarked:RogueSparks"],"score":675,"play_id":"f11950db-ca8b-4a0b-9e7b-36a7c27d7cb0","local_time":"20210122202719","is_ascension_mode":false,"campfire_choices":[{"data":"theMarked:SoldierOfQuellstein","floor":6,"key":"SMITH"},{"data":"theMarked:Indomitable","floor":8,"key":"SMITH"},{"data":"theMarked:ParalyzingBlade","floor":10,"key":"SMITH"},{"data":"theMarked:Improvise","floor":13,"key":"SMITH"},{"data":"theMarked:EmpowerWeapon","floor":15,"key":"SMITH"},{"floor":23,"key":"REST"},{"floor":30,"key":"REST"},{"data":"theMarked:ComboAttacks","floor":32,"key":"SMITH"},{"data":"theMarked:BindingBlade","floor":40,"key":"SMITH"},{"data":"theMarked:Panic","floor":46,"key":"SMITH"},{"floor":49,"key":"REST"}],"circlet_count":0,"master_deck":["theMarked:Strike","theMarked:Strike","theMarked:Strike","theMarked:Defend","theMarked:Defend","theMarked:SoldierOfQuellstein+1","theMarked:EmpowerWeapon+1","theMarked:Indomitable+1","theMarked:ParalyzingBlade+1","theMarked:Improvise+1","theMarked:EmpowerWeapon","theMarked:Defy+1","theMarked:Panic+1","theMarked:ComboAttacks+1","theMarked:CreepingChasm+1","theMarked:ChainLightning+1","theMarked:StartUp+1","theMarked:ParalyzingBlade","theMarked:BindingBlade+1","theMarked:FavorableWinds+1","theMarked:ThrowWeapon+1","theMarked:Indomitable+1","theMarked:Aftermath+1","theMarked:SwordAndMagic+1","theMarked:SoldierForm+1","theMarked:HeightenedSenses+1","theMarked:Opportunist+1","Fire Breathing"],"relics":["theMarked:ArtifactOfAir","DaveBox","EGODaCapo","SynthV:TestCard","Ice Cream","Molten Egg 2","ClockworkSouvenir","RhineFirstAidKit","Membership Card","hubris:PeanutButter","Meat on the Bone","hubris:DisguiseKit","wanderingMiniBosses:Inkheart","Astrolabe","Bag of Preparation","hubris:Icosahedron","Nunchaku","Letter Opener"],"acts_visited":["Exordium","TheCity","TheBeyond"],"potions_floor_usage":[18,21,33,38,42,48,50],"damage_taken":[{"damage":0,"enemies":"Cultist","floor":1,"turns":3},{"damage":0,"enemies":"2 Louse","floor":2,"turns":2},{"damage":13,"enemies":"Lagavulin","floor":7,"turns":6},{"damage":0,"enemies":"Jaw Worm","floor":12,"turns":6},{"damage":35,"enemies":"The Guardian","floor":16,"turns":8},{"damage":24,"enemies":"3 Byrds","floor":18,"turns":6},{"damage":0,"enemies":"Shell Parasite","floor":21,"turns":6},{"damage":6,"enemies":"Centurion and Healer","floor":24,"turns":4},{"damage":0,"enemies":"3 Cultists","floor":27,"turns":3},{"damage":0,"enemies":"Cultist and Chosen","floor":28,"turns":6},{"damage":0,"enemies":"Chosen and Byrds","floor":31,"turns":6},{"damage":0,"enemies":"Collector","floor":33,"turns":7},{"damage":0,"enemies":"3 Darklings","floor":35,"turns":6},{"damage":1,"enemies":"3 Shapes","floor":36,"turns":3},{"damage":0,"enemies":"3 Darklings","floor":38,"turns":5},{"damage":3,"enemies":"Jaw Worm Horde","floor":41,"turns":4},{"damage":0,"enemies":"Spire Growth","floor":42,"turns":3},{"damage":15,"enemies":"Reptomancer","floor":47,"turns":5},{"damage":0,"enemies":"Writhing Mass","floor":48,"turns":4},{"damage":12,"enemies":"hubris:GrandSnecko","floor":50,"turns":12}],"seed_played":"1140586231765054501","potions_obtained":[{"floor":2,"key":"BlessingOfTheForge"},{"floor":7,"key":"potionbrewer:StunPotion"},{"floor":16,"key":"SpeedPotion"},{"floor":24,"key":"potionbrewer:HastePotion"},{"floor":28,"key":"potionbrewer:CleansingPotion"},{"floor":35,"key":"LiquidMemories"},{"floor":41,"key":"potionbrewer:BoundlessPotion"},{"floor":42,"key":"BlessingOfTheForge"},{"floor":48,"key":"potionbrewer:AcidPotion"}],"is_trial":false,"path_per_floor":["M","M","$","?","?","R","E","R","T","R","$","M","R","?","R","B",null,"M","?","$","M","$","R","M","T","T","M","M","$","R","M","R","B",null,"M","M","$","M","?","R","M","M","T","?","$","R","E","M","R","B",null],"character_chosen":"THE_DEFAULT","items_purchased":["Ice Cream","ClockworkSouvenir","Membership Card","theMarked:RogueSparks","hubris:PeanutButter","theMarked:ComboAttacks","theMarked:StartUp+1","theMarked:SoldierForm","Nunchaku"],"campfire_rested":3,"item_purchase_floors":[3,11,20,20,20,22,29,37,45],"current_hp_per_floor":[70,70,70,75,75,75,62,62,62,62,62,62,62,62,62,27,75,51,32,32,32,32,54,48,48,48,48,48,48,70,70,70,70,75,75,74,74,74,74,74,71,71,71,71,71,71,56,56,75,63],"gold":57,"neow_bonus":"HUNDRED_GOLD","is_daily":false,"chose_seed":false,"campfire_upgraded":8,"win_rate":0.0,"timestamp":1611368839,"path_taken":["M","M","$","?","?","R","E","R","T","R","$","?","R","?","R","BOSS","M","?","$","?","?","R","M","?","T","M","M","$","R","M","R","BOSS","M","M","$","M","?","R","?","M","T","?","$","R","E","M","R","BOSS"],"items_purchased_type":["Relic","Relic","Relic","Card","Relic","Card","Card","Card","Relic"],"build_version":"2020-12-22","purchased_purges":3,"victory":true,"max_hp_per_floor":[70,70,70,75,75,75,75,75,75,75,75,75,75,75,75,75,75,75,75,75,75,75,75,75,75,75,75,75,75,75,75,75,75,75,75,75,75,75,75,75,75,75,75,75,75,75,75,75,75,75],"card_choices":[{"not_picked":["theMarked:Electrify","theMarked:Frustration"],"picked":"theMarked:EmpowerWeapon","floor":1},{"not_picked":["theMarked:Frustration","theMarked:ResourceFulStrike","theMarked:WastefulDefense","theMarked:TakeCover"],"picked":"theMarked:Indomitable","floor":2},{"not_picked":["theMarked:ElectricStrings","theMarked:TunnelVision","theMarked:SelfDefenseTraining","theMarked:Parkour"],"picked":"theMarked:ParalyzingBlade","floor":7},{"not_picked":["theMarked:HeightenedSenses","theMarked:Panic","theMarked:ChainLightning+1","theMarked:HeritageOfTheMarked"],"picked":"theMarked:Improvise","floor":12},{"not_picked":["theMarked:UnarmedFury+1","theMarked:ThrowWeapon+1","theMarked:Abjuration+1","theMarked:MagicAdept"],"picked":"theMarked:Defy+1","floor":16},{"not_picked":["theMarked:Seal","theMarked:EmpowerWeapon+1","theMarked:TunnelVision+1","theMarked:WardOff+1"],"picked":"theMarked:Panic","floor":18},{"not_picked":["theMarked:RogueSparks","theMarked:WardOff","theMarked:EmpowerWeapon","theMarked:ResourceFulStrike+1","theMarked:Convert+1"],"picked":"SKIP","floor":21},{"not_picked":["theMarked:Improvise","theMarked:Electrify+1","theMarked:Static+1","theMarked:Frustration+1"],"picked":"theMarked:CreepingChasm+1","floor":24},{"not_picked":["theMarked:LightningStrikesTwice+1","theMarked:WastefulAttack+1","theMarked:TakeCover+1","theMarked:Improvise","Shockwave"],"picked":"theMarked:ChainLightning+1","floor":27},{"not_picked":["theMarked:ContemptForTheProud+1","theMarked:EmpowerWeapon","theMarked:Improvise","theMarked:ShockingTouch+1","theMarked:HeightenedSenses","Flex"],"picked":"SKIP","floor":28},{"not_picked":["theMarked:TwofoldDefense","theMarked:StartUp+1","theMarked:Frustration+1","theMarked:Parkour+1","Perfected Strike"],"picked":"theMarked:ParalyzingBlade","floor":31},{"not_picked":["theMarked:TakeOffHeels","theMarked:SummonStrength","theMarked:TurnInvisible","theMarked:Challenge","MostiFishMod:Chiaki"],"picked":"theMarked:BindingBlade","floor":33},{"not_picked":["theMarked:HeightenedSenses+1","theMarked:ChainLightning+1","theMarked:WastefulAttack+1","theMarked:ReduceFriction","Headbutt"],"picked":"theMarked:Aftermath+1","floor":35},{"not_picked":["theMarked:BanishingStrike+1","theMarked:Aftermath+1","theMarked:WardOff+1","theMarked:Parry+1","True Grit"],"picked":"theMarked:SwordAndMagic+1","floor":36},{"not_picked":["theMarked:EmpowerWeapon+1","theMarked:HeritageOfTheMarked","theMarked:RepellingDischarge+1","theMarked:Opportunist+1","Iron Wave"],"picked":"theMarked:HeightenedSenses+1","floor":38},{"not_picked":["theMarked:TwofoldDefense","theMarked:BanishingWave+1","theMarked:Electrify+1","theMarked:Aftermath","theMarked:RepellingDischarge","Shockwave"],"picked":"SKIP","floor":41},{"not_picked":["theMarked:ResourceFulStrike+1","theMarked:Static+1","theMarked:Parkour+1","theMarked:HeightenedSenses","Perfected Strike"],"picked":"theMarked:Opportunist+1","floor":42},{"not_picked":["theMarked:Vacuum+1","theMarked:Parry+1","theMarked:WastefulAttack+1","theMarked:Overthink+1","theMarked:Seal","Sever Soul"],"picked":"SKIP","floor":47},{"not_picked":["theMarked:WastefulDefense+1","theMarked:Improvise","theMarked:Static","theMarked:Seal+1","theMarked:CreepingChasm+1"],"picked":"Fire Breathing","floor":48}],"player_experience":1949499,"relics_obtained":[{"floor":1,"key":"SynthV:TestCard"},{"floor":9,"key":"Molten Egg 2"},{"floor":25,"key":"Meat on the Bone"},{"floor":26,"key":"hubris:DisguiseKit"},{"floor":28,"key":"wanderingMiniBosses:Inkheart"},{"floor":43,"key":"Bag of Preparation"},{"floor":47,"key":"Letter Opener"}],"event_choices":[{"damage_healed":0,"gold_gain":0,"player_choice":"Donut","damage_taken":0,"max_hp_gain":5,"max_hp_loss":0,"event_name":"Big Fish","floor":4,"gold_loss":0},{"cards_removed":["theMarked:Defend"],"damage_healed":0,"gold_gain":0,"player_choice":"Purged","damage_taken":0,"max_hp_gain":0,"max_hp_loss":0,"event_name":"Purifier","floor":5,"gold_loss":0},{"damage_healed":0,"gold_gain":180,"player_choice":"GOLD GOLD ","damage_taken":19,"max_hp_gain":0,"max_hp_loss":0,"event_name":"Knowing Skull","floor":19,"potions_obtained":[],"gold_loss":0,"cards_obtained":[]},{"damage_healed":0,"gold_gain":0,"player_choice":"Forge","damage_taken":0,"max_hp_gain":0,"max_hp_loss":0,"event_name":"Accursed Blacksmith","floor":39,"gold_loss":0,"cards_upgraded":["theMarked:SoldierForm"]}],"is_beta":false,"boss_relics":[{"not_picked":["Coffee Dripper","MostiFishMod:Hod"],"picked":"RhineFirstAidKit"},{"not_picked":["hubris:GrandSneckoEye","hubris:CrackedHourglass"],"picked":"Astrolabe"}],"items_purged_floors":[3,29,37],"is_endless":false,"potions_floor_spawned":[2,7,16,24,28,31,35,41,42,48],"ascension_level":0}}