{"host":"j4g6ia6asvpyu2b0","time":1611363342,"event":{"mods":["BaseMod","Colored Map","Minty Spire (QoL Compilation)","Permanent Neow","Quick Restart","Relic Stats","StSLib","Unceasing Turn Reminder"],"gold_per_floor":[118,143,143,143,65,65,97,111,158,191,191,191,224,240,240,319,319,335,349,367,383,53,53,53,81,81,81,98,98,62,88,88,163,163,174,174,190,210,221,255,4,4,72,97,97,127,142,171,171,171,171,171,9,35,35,35],"floor_reached":55,"language":"ENG","playtime":2147,"items_purged":["Strike_R"],"score":1357,"play_id":"963ff265-b731-49a4-a58c-b048f0214e8a","local_time":"20210122175542","is_ascension_mode":true,"campfire_choices":[{"data":"Bash","floor":6.0,"key":"SMITH"},{"data":"Uppercut","floor":11.0,"key":"SMITH"},{"data":"Rage","floor":15.0,"key":"SMITH"},{"data":"Pommel Strike","floor":23.0,"key":"SMITH"},{"data":"Inflame","floor":27.0,"key":"SMITH"},{"data":"Disarm","floor":29.0,"key":"SMITH"},{"data":"Metallicize","floor":32.0,"key":"SMITH"},{"data":"Madness","floor":42.0,"key":"SMITH"},{"data":"Juggernaut","floor":45.0,"key":"SMITH"},{"floor":49.0,"key":"RECALL"},{"data":"Spot Weakness","floor":52,"key":"SMITH"}],"circlet_count":0,"master_deck":["AscendersBane","Strike_R","Defend_R","Defend_R","Defend_R","Defend_R","Bash+1","Violence","Pommel Strike+1","Rage+1","Battle Trance","Thunderclap","Uppercut+1","Headbutt","Pommel Strike","Reaper","Anger","Disarm+1","Ghostly Armor","Inflame+1","Clothesline+1","Metallicize+1","Flame Barrier","Juggernaut+1","Immolate+1","Searing Blow+1","Blood for Blood+1","Shrug It Off","Madness","Madness+1","Havoc","Infernal Blade+1","True Grit","Spot Weakness+1","Exhume","Metallicize","Inflame","Clothesline","Brutality"],"relics":["Burning Blood","Red Skull","Potion Belt","White Beast Statue","Question Card","Blood Vial","Busted Crown","Ornamental Fan","Sundial","Happy Flower","Bottled Flame","Astrolabe","StrikeDummy","Membership Card","Vajra","Darkstone Periapt","TungstenRod","Bottled Lightning","Omamori","Bag of Preparation","Sling","Anchor"],"acts_visited":["Exordium","TheCity","TheBeyond","TheEnding"],"potions_floor_usage":[50,50,50,50,50,50,55,55,55],"damage_taken":[{"damage":1.0,"enemies":"Cultist","floor":1.0,"turns":3.0},{"damage":45.0,"enemies":"Lagavulin","floor":7.0,"turns":8.0},{"damage":12.0,"enemies":"Jaw Worm","floor":8.0,"turns":2.0},{"damage":8.0,"enemies":"Gremlin Nob","floor":10.0,"turns":3.0},{"damage":21.0,"enemies":"Lagavulin","floor":13.0,"turns":4.0},{"damage":2.0,"enemies":"2 Louse","floor":14.0,"turns":2.0},{"damage":15.0,"enemies":"Hexaghost","floor":16.0,"turns":9.0},{"damage":15.0,"enemies":"3 Byrds","floor":18.0,"turns":5.0},{"damage":7.0,"enemies":"Spheric Guardian","floor":19.0,"turns":4.0},{"damage":12.0,"enemies":"Chosen and Byrds","floor":20.0,"turns":6.0},{"damage":3.0,"enemies":"Centurion and Healer","floor":21.0,"turns":6.0},{"damage":26.0,"enemies":"Book of Stabbing","floor":25.0,"turns":4.0},{"damage":14.0,"enemies":"3 Cultists","floor":28.0,"turns":5.0},{"damage":14.0,"enemies":"Gremlin Leader","floor":31.0,"turns":7.0},{"damage":31.0,"enemies":"Automaton","floor":33.0,"turns":9.0},{"damage":8.0,"enemies":"Orb Walker","floor":35.0,"turns":3.0},{"damage":35.0,"enemies":"3 Darklings","floor":37.0,"turns":3.0},{"damage":31.0,"enemies":"Transient","floor":38.0,"turns":5.0},{"damage":25.0,"enemies":"Writhing Mass","floor":39.0,"turns":8.0},{"damage":8.0,"enemies":"Giant Head","floor":40.0,"turns":7.0},{"damage":0.0,"enemies":"Mind Bloom Boss Battle","floor":44.0,"turns":6.0},{"damage":48.0,"enemies":"Reptomancer","floor":46.0,"turns":8.0},{"damage":23.0,"enemies":"Jaw Worm Horde","floor":47.0,"turns":4.0},{"damage":29.0,"enemies":"Nemesis","floor":48.0,"turns":11.0},{"damage":46,"enemies":"Time Eater","floor":50,"turns":13},{"damage":86,"enemies":"Shield and Spear","floor":54,"turns":9},{"damage":50,"enemies":"The Heart","floor":55,"turns":5}],"seed_played":"-1780370951816066398","potions_obtained":[{"floor":8.0,"key":"LiquidMemories"},{"floor":10.0,"key":"Weak Potion"},{"floor":13.0,"key":"LiquidBronze"},{"floor":14.0,"key":"ColorlessPotion"},{"floor":16.0,"key":"CultistPotion"},{"floor":18.0,"key":"LiquidMemories"},{"floor":19.0,"key":"Block Potion"},{"floor":20.0,"key":"Strength Potion"},{"floor":25.0,"key":"Swift Potion"},{"floor":28.0,"key":"Strength Potion"},{"floor":33.0,"key":"Fire Potion"},{"floor":37.0,"key":"Ancient Potion"},{"floor":38.0,"key":"EntropicBrew"},{"floor":39.0,"key":"SpeedPotion"},{"floor":40.0,"key":"GamblersBrew"},{"floor":46.0,"key":"Energy Potion"},{"floor":54,"key":"Fire Potion"}],"is_trial":false,"path_per_floor":["M","T","?","?","$","R","E","M","T","E","R","T","E","M","R","B",null,"M","M","M","M","$","R","?","E","T","R","M","R","$","E","R","B",null,"M","?","M","M","M","E","$","R","T","?","R","E","M","E","R","B",null,"R","$","E","B"],"character_chosen":"IRONCLAD","items_purchased":["Rage","Ornamental Fan","Metallicize","Membership Card","Spot Weakness","Vajra","Bag of Preparation","Sling","Clothesline"],"campfire_rested":0,"item_purchase_floors":[5,22,30,41,41,41,53,53,53],"current_hp_per_floor":[73,73,78,71,71,71,32,26,26,24,24,24,9,15,15,8,62,65,66,66,77,77,77,73,55,55,55,63,63,63,80,80,71,78,78,64,49,26,15,40,40,40,40,55,55,27,60,55,55,50,73,73,73,32,0,0],"gold":35,"neow_bonus":"RANDOM_COLORLESS_2","is_daily":false,"chose_seed":false,"campfire_upgraded":10,"win_rate":0.0,"timestamp":1611363342,"path_taken":["M","?","?","?","?","R","E","M","T","E","R","?","E","?","R","BOSS","M","M","M","?","$","R","?","E","T","R","M","R","?","E","R","BOSS","M","?","M","M","M","E","$","R","T","?","R","E","M","E","R","BOSS","R","$","E","BOSS"],"items_purchased_type":["Card","Relic","Card","Relic","Card","Relic","Relic","Relic","Card"],"build_version":"2020-12-22","purchased_purges":1,"victory":false,"max_hp_per_floor":[75,75,80,80,80,80,80,80,80,80,80,80,80,80,80,80,80,80,80,80,80,80,80,80,80,80,80,80,80,80,80,80,80,80,80,80,80,80,80,80,80,80,80,80,80,80,80,80,80,80,80,80,80,80,80,80],"relic_stats":{"Darkstone Periapt":0,"Happy Flower":[34],"counters":[27,159],"Astrolabe":["Immolate","Searing Blow","Blood for Blood"],"Bag of Preparation":[4],"Question Card":21,"Burning Blood":155,"Blood Vial":42,"Busted Crown":36,"Ornamental Fan":[128],"Sundial":[8],"obtain_stats":[{"Potion Belt":7,"Darkstone Periapt":43,"Happy Flower":26,"Astrolabe":34,"Vajra":41,"Omamori":48,"Bag of Preparation":53,"Question Card":12,"Sling":53,"Burning Blood":0,"White Beast Statue":10,"Blood Vial":13,"Bottled Flame":31,"Anchor":54,"Busted Crown":17,"Ornamental Fan":22,"Sundial":25,"Membership Card":41,"Bottled Lightning":46,"StrikeDummy":40,"Red Skull":2,"TungstenRod":44},{"Potion Belt":2,"Darkstone Periapt":20,"Happy Flower":12,"Astrolabe":15,"Vajra":20,"Omamori":24,"Bag of Preparation":25,"Question Card":4,"Sling":25,"Burning Blood":0,"White Beast Statue":4,"Blood Vial":5,"Bottled Flame":14,"Anchor":26,"Busted Crown":7,"Ornamental Fan":11,"Sundial":12,"Membership Card":20,"Bottled Lightning":22,"StrikeDummy":20,"Red Skull":1,"TungstenRod":21},{"Potion Belt":11,"Darkstone Periapt":103,"Happy Flower":56,"Astrolabe":77,"Vajra":103,"Omamori":132,"Bag of Preparation":145,"Question Card":16,"Sling":145,"Burning Blood":0,"White Beast Statue":16,"Blood Vial":20,"Bottled Flame":68,"Anchor":154,"Busted Crown":31,"Ornamental Fan":52,"Sundial":56,"Membership Card":103,"Bottled Lightning":117,"StrikeDummy":103,"Red Skull":3,"TungstenRod":109}],"TungstenRod":59},"card_choices":[{"not_picked":["Transmutation","Secret Weapon"],"picked":"Violence","floor":0.0},{"not_picked":["Body Slam","Headbutt"],"picked":"Pommel Strike","floor":1.0},{"not_picked":["Rupture","Evolve"],"picked":"Battle Trance","floor":7.0},{"not_picked":["Blood for Blood","Burning Pact"],"picked":"Thunderclap","floor":8.0},{"not_picked":["Wild Strike","Clothesline"],"picked":"Uppercut","floor":10.0},{"not_picked":["Sever Soul","Fire Breathing","Second Wind"],"picked":"Headbutt","floor":13.0},{"not_picked":["Perfected Strike","Second Wind","Rupture"],"picked":"Pommel Strike","floor":14.0},{"not_picked":["Limit Break","Impervious","Exhume"],"picked":"Reaper","floor":16.0},{"not_picked":["Cleave"],"picked":"Anger","floor":18.0},{"not_picked":["Bloodletting","Havoc"],"picked":"SKIP","floor":19.0},{"not_picked":["Cleave"],"picked":"Disarm","floor":20.0},{"not_picked":["Heavy Blade"],"picked":"Ghostly Armor","floor":21.0},{"not_picked":["Warcry+1"],"picked":"Inflame","floor":25.0},{"not_picked":["Blood for Blood+1"],"picked":"Clothesline+1","floor":28.0},{"not_picked":["Iron Wave"],"picked":"Flame Barrier","floor":31.0},{"not_picked":["Exhume"],"picked":"Juggernaut","floor":33.0},{"not_picked":["Iron Wave"],"picked":"Shrug It Off","floor":35.0},{"not_picked":["Flex"],"picked":"Havoc","floor":37.0},{"not_picked":["Carnage+1","Fire Breathing"],"picked":"SKIP","floor":38.0},{"not_picked":["Flex"],"picked":"Infernal Blade+1","floor":39.0},{"not_picked":["Bloodletting"],"picked":"True Grit","floor":40.0},{"not_picked":["Armaments"],"picked":"Exhume","floor":44.0},{"not_picked":["Seeing Red+1"],"picked":"Metallicize","floor":46.0},{"not_picked":["Wild Strike","Reckless Charge+1"],"picked":"SKIP","floor":47.0},{"not_picked":["Pummel"],"picked":"Inflame","floor":48.0},{"not_picked":["Rupture+1"],"picked":"Brutality","floor":54}],"player_experience":942358,"relics_obtained":[{"floor":2.0,"key":"Red Skull"},{"floor":7.0,"key":"Potion Belt"},{"floor":10.0,"key":"White Beast Statue"},{"floor":12.0,"key":"Question Card"},{"floor":13.0,"key":"Blood Vial"},{"floor":25.0,"key":"Sundial"},{"floor":26.0,"key":"Happy Flower"},{"floor":31.0,"key":"Bottled Flame"},{"floor":40.0,"key":"StrikeDummy"},{"floor":43.0,"key":"Darkstone Periapt"},{"floor":44.0,"key":"TungstenRod"},{"floor":46.0,"key":"Bottled Lightning"},{"floor":48.0,"key":"Omamori"},{"floor":54,"key":"Anchor"}],"event_choices":[{"damage_healed":0.0,"max_hp_gain":5.0,"max_hp_loss":0.0,"gold_gain":0.0,"event_name":"Big Fish","player_choice":"Donut","floor":3.0,"gold_loss":0.0,"damage_taken":0.0},{"cards_removed":["Shame"],"damage_healed":0.0,"max_hp_gain":0.0,"max_hp_loss":0.0,"gold_gain":0.0,"event_name":"Golden Wing","player_choice":"Card Removal","floor":4.0,"gold_loss":0.0,"damage_taken":7.0},{"damage_healed":0.0,"max_hp_gain":0.0,"max_hp_loss":0.0,"gold_gain":0.0,"event_name":"The Woman in Blue","player_choice":"Bought 0 Potions","floor":24.0,"gold_loss":0.0,"damage_taken":0.0},{"damage_healed":0.0,"max_hp_gain":0.0,"max_hp_loss":0.0,"gold_gain":0.0,"event_name":"Winding Halls","player_choice":"Embrace Madness","floor":36.0,"gold_loss":0.0,"damage_taken":14.0,"cards_obtained":["Madness","Madness"]},{"damage_healed":0.0,"max_hp_gain":0.0,"max_hp_loss":0.0,"gold_gain":0.0,"event_name":"MindBloom","player_choice":"Fight","floor":44.0,"gold_loss":0.0,"damage_taken":0.0}],"is_beta":false,"boss_relics":[{"not_picked":["Fusion Hammer","Calling Bell"],"picked":"Busted Crown"},{"not_picked":["Black Blood","Runic Cube"],"picked":"Astrolabe"}],"items_purged_floors":[22],"is_endless":false,"potions_floor_spawned":[8,10,13,14,16,18,19,20,21,25,28,31,33,35,37,38,39,40,44,46,47,48,54],"killed_by":"The Heart","ascension_level":15}}