{"host":"zxkjcgzis4pm3za5","time":1611389515,"event":{"mods":["AchievementEnabler","Act Like it!","BaseMod","Colored Map","Colored Powertips","Friendly Minions","GifTheSpireLib","Minty Spire (QoL Compilation)","Quick Restart","RNG Fix","Random Character Button","Relic Sorter","Relic Stats","StSLib"],"gold_per_floor":[214,227,242,14,14,14,29,29,53,80,52,80,80,112,112,183,183,199,210,55,70,88,88,88],"floor_reached":23,"language":"ENG","playtime":994,"items_purged":["Strike_G"],"score":483,"play_id":"58a6bf6c-3af5-4b79-a915-6b0d78e29a3b","local_time":"20210123134155","is_ascension_mode":true,"campfire_choices":[{"data":"Apotheosis","floor":6.0,"key":"SMITH"},{"floor":8.0,"key":"REST"},{"floor":13.0,"key":"REST"},{"data":"Noxious Fumes","floor":15.0,"key":"SMITH"}],"circlet_count":0,"master_deck":["AscendersBane","Strike_G","Strike_G","Strike_G","Strike_G","Defend_G","Defend_G","Defend_G","Defend_G","Defend_G+1","Survivor+1","Neutralize","Dagger Spray","Noxious Fumes+1","Deadly Poison","Apotheosis+1","Bouncing Flask","Flying Knee","Doppelganger","Slice","Crippling Poison","Backflip","Venomology","Backflip","Outmaneuver","Footwork","Deflect"],"relics":["Ring of the Snake","Blood Vial","War Paint","Centennial Puzzle","Snake Skull","Runic Pyramid"],"acts_visited":["Exordium","TheCity"],"potions_floor_usage":[21,22,23,23],"damage_taken":[{"damage":10.0,"enemies":"Cultist","floor":1.0,"turns":6.0},{"damage":1.0,"enemies":"Small Slimes","floor":2.0,"turns":4.0},{"damage":7.0,"enemies":"Jaw Worm","floor":3.0,"turns":6.0},{"damage":13.0,"enemies":"Exordium Thugs","floor":7.0,"turns":4.0},{"damage":14.0,"enemies":"Gremlin Nob","floor":10.0,"turns":4.0},{"damage":15.0,"enemies":"3 Sentries","floor":12.0,"turns":5.0},{"damage":18.0,"enemies":"Gremlin Nob","floor":14.0,"turns":4.0},{"damage":0.0,"enemies":"The Guardian","floor":16.0,"turns":6.0},{"damage":1.0,"enemies":"3 Byrds","floor":18.0,"turns":4.0},{"damage":5.0,"enemies":"Shell Parasite","floor":19.0,"turns":5.0},{"damage":23,"enemies":"3 Cultists","floor":21,"turns":6},{"damage":14,"enemies":"Centurion and Healer","floor":22,"turns":5},{"damage":29,"enemies":"Slavers","floor":23,"turns":4}],"seed_played":"-385312357674831725","potions_obtained":[{"floor":3.0,"key":"Fruit Juice"},{"floor":14.0,"key":"Swift Potion"},{"floor":16.0,"key":"Energy Potion"}],"is_trial":false,"path_per_floor":["M","M","M","$","?","R","M","R","T","E","$","E","R","E","R","B",null,"M","M","$","M","M","E"],"character_chosen":"THE_SILENT","items_purchased":["Apotheosis","Bouncing Flask","Slice","Footwork"],"campfire_rested":2,"item_purchase_floors":[4,4,11,20],"current_hp_per_floor":[49,48,41,41,41,41,28,47,47,35,35,27,48,32,32,34,62,63,60,60,39,27,0,0],"gold":88,"neow_bonus":"HUNDRED_GOLD","is_daily":false,"chose_seed":false,"campfire_upgraded":2,"win_rate":0.0,"timestamp":1611389515,"path_taken":["M","M","?","$","?","R","M","R","T","E","?","E","R","E","R","BOSS","M","M","?","M","M","E"],"items_purchased_type":["Card","Card","Card","Card"],"build_version":"2020-12-22","purchased_purges":1,"victory":false,"max_hp_per_floor":[66,66,66,66,66,66,66,66,66,66,66,71,71,71,71,71,71,71,71,71,71,71,71,71],"relic_stats":{"Blood Vial":18,"Centennial Puzzle":[18],"counters":[13,63],"Snake Skull":[56],"War Paint":["Defend_G","Survivor"],"obtain_stats":[{"Blood Vial":9,"Centennial Puzzle":12,"Snake Skull":14,"War Paint":10,"Ring of the Snake":0,"Runic Pyramid":17},{"Blood Vial":4,"Centennial Puzzle":6,"Snake Skull":7,"War Paint":5,"Ring of the Snake":0,"Runic Pyramid":8},{"Blood Vial":20,"Centennial Puzzle":29,"Snake Skull":33,"War Paint":24,"Ring of the Snake":0,"Runic Pyramid":39}],"Ring of the Snake":[26]},"card_choices":[{"not_picked":["PiercingWail","Setup"],"picked":"Dagger Spray","floor":1.0},{"not_picked":["Outmaneuver","Choke"],"picked":"Noxious Fumes","floor":2.0},{"not_picked":["Dodge and Roll","Underhanded Strike"],"picked":"Deadly Poison","floor":3.0},{"not_picked":["Underhanded Strike","Deflect"],"picked":"Flying Knee","floor":7.0},{"not_picked":["Blade Dance","Dodge and Roll"],"picked":"Doppelganger","floor":10.0},{"not_picked":["Sucker Punch","Well Laid Plans"],"picked":"Crippling Poison","floor":12.0},{"not_picked":["Dagger Spray","Blur"],"picked":"Backflip","floor":14.0},{"not_picked":["Night Terror","Glass Knife"],"picked":"Venomology","floor":16.0},{"not_picked":["Bane","Well Laid Plans"],"picked":"Backflip","floor":18.0},{"not_picked":["Slice","Sucker Punch"],"picked":"Outmaneuver","floor":19.0},{"not_picked":["Deadly Poison","Flying Knee+1"],"picked":"Deflect","floor":21},{"not_picked":["Masterful Stab","All Out Attack","Deadly Poison"],"picked":"SKIP","floor":22}],"player_experience":260114,"relics_obtained":[{"floor":9.0,"key":"Blood Vial"},{"floor":10.0,"key":"War Paint"},{"floor":12.0,"key":"Centennial Puzzle"},{"floor":14.0,"key":"Snake Skull"}],"event_choices":[{"damage_healed":0.0,"max_hp_gain":0.0,"max_hp_loss":0.0,"gold_gain":0.0,"event_name":"Liars Game","player_choice":"Ignored","floor":5.0,"gold_loss":0.0,"damage_taken":0.0}],"is_beta":false,"boss_relics":[{"not_picked":["Tiny House","Sozu"],"picked":"Runic Pyramid"}],"items_purged_floors":[20],"is_endless":false,"potions_floor_spawned":[3,14,16,19],"killed_by":"Slavers","ascension_level":17}}