{"host":"njo8qgvy2a57fcny","time":1611378574,"event":{"mods":["Ascension Unlocker","Aspiration","BaseMod","BetterRewards","CCEM","Colored Map","Colored Powertips","Conspire","Custom Start","Downfall","GifTheSpireLib","Halation","Hermit","Hubris","Infinite Spire","Jedi Mod","Mimic Mod","Minty Spire (QoL Compilation)","Quick Restart","Random Character Button","Random Character Mod","Rare Cards Sparkle","Relic Sorter","Replay The Spire","Shop Mod","StSLib","Stuff the Spire","The Animator","The Jungle","The Runesmith","The Servant 0.9.4","vexMod"],"gold_per_floor":[99,99,110,121,221,121,156,167,167,197,210,49,49,61,76,173,173,73,86,101,112,127,155,155,155,155,188,223,240,140,153,169,272,272,272,287,333,366,341,341,341,367,382,382,413,428,444,457,457,457,457],"floor_reached":49,"language":"ENG","playtime":4065,"items_purged":[],"score":665,"play_id":"05223a73-8184-460f-80b8-692f8fd809e1","local_time":"20210123160934","is_ascension_mode":true,"campfire_choices":[{"floor":1,"key":"RECALL"},{"data":"Guardian:TwinSlam","floor":6,"key":"SMITH"},{"data":"Guardian:ChargeUp","floor":13,"key":"SMITH"},{"data":"Guardian:RollAttack","floor":18,"key":"SMITH"},{"data":"Double Tap","floor":30,"key":"SMITH"},{"data":"Guardian:RefractedBeam+1","floor":35,"key":"SMITH"}],"circlet_count":0,"master_deck":["Guardian:Strike_Guardian","Guardian:Defend_Guardian","Guardian:TwinSlam+1","Guardian:Repulse","Replay:GuardianBash","Guardian:EvasiveProtocol","Guardian:VentSteam","Guardian:ChargeUp+1","Guardian:RollAttack+1","Guardian:ExploitGems","Double Tap+1","Guardian:ArmoredProtocol+1","Guardian:Harden","Guardian:Recover","Guardian:ArmoredProtocol","Guardian:ChargeUp+1","Guardian:ChargeUp","Guardian:Emergency+1","Guardian:RefractedBeam+2","Guardian:StasisField","Guardian:ArmoredProtocol+1","Guardian:Orbwalk+1","Guardian:BaubleBeam+1","Guardian:Gem_Lightblue","Guardian:RollAttack+1","Guardian:RollAttack+1","Guardian:PrimingBeam+1","Replay:Fractal Strike","Guardian:PiercingHide","Guardian:Gem_Cyan","Guardian:EvasiveProtocol","Guardian:TimeSifter"],"relics":["downfall:HeartBlessingRed","CCEMRelics:SpiritsEdge","m_GuardianBlood","jedi:firstaidkit","Guardian:StasisSlotReductionRelic","downfall:HeartBlessingGreen","hubris:GlazedTorus","aspiration:Lifesprig","downfall:HeartBlessingBlue","Astrolabe","halation:PenCase","vexMod:PlasmaPancake","Bottled Lightning","StuffTheSpire:HeavyRock","Strawberry","infinitespire:ShieldingShard"],"acts_visited":["Exordium","Exordium","TheBeyond"],"potions_floor_usage":[7,12,16,21,27,29,36,45,48,49],"damage_taken":[{"damage":0,"enemies":"2 Louse","floor":3,"turns":4},{"damage":9,"enemies":"Cultist","floor":4,"turns":5},{"damage":4,"enemies":"Jaw Worm","floor":7,"turns":5},{"damage":6,"enemies":"Jaw Worm","floor":8,"turns":4},{"damage":40,"enemies":"Lagavulin","floor":10,"turns":8},{"damage":16,"enemies":"Lots of Slimes","floor":11,"turns":10},{"damage":10,"enemies":"downfall:FleeingMerchant","floor":12,"turns":4},{"damage":9,"enemies":"2 Fungi Beasts","floor":14,"turns":2},{"damage":18,"enemies":"Exordium Wildlife","floor":15,"turns":4},{"damage":65,"enemies":"DF_ARCHETYPE_STREAMLINE","floor":16,"turns":10},{"damage":15,"enemies":"theJungle:MUSHROOMGANG","floor":19,"turns":3},{"damage":5,"enemies":"theJungle:5_Spyders","floor":20,"turns":6},{"damage":21,"enemies":"theJungle:JungleHuntersEncounter","floor":21,"turns":4},{"damage":3,"enemies":"theJungle:Lyon","floor":22,"turns":5},{"damage":0,"enemies":"theJungle:MamaSnecko","floor":23,"turns":4},{"damage":8,"enemies":"theJungle:2_Phrogs","floor":27,"turns":8},{"damage":23,"enemies":"theJungle:Cassacara","floor":28,"turns":7},{"damage":7,"enemies":"theJungle:Snecko_Cultist_And_Trap","floor":29,"turns":5},{"damage":16,"enemies":"theJungle:JungleHuntersEncounter","floor":31,"turns":7},{"damage":10,"enemies":"theJungle:2_Flameangoes","floor":32,"turns":6},{"damage":47,"enemies":"IC_MUSHROOM_ARCHETYPE","floor":33,"turns":8},{"damage":0,"enemies":"Orb Walker","floor":36,"turns":1},{"damage":34,"enemies":"2 Orb Walkers","floor":37,"turns":6},{"damage":16,"enemies":"3 Shapes","floor":38,"turns":12},{"damage":33,"enemies":"Reptomancer","floor":42,"turns":8},{"damage":22,"enemies":"3 Shapes","floor":43,"turns":4},{"damage":51,"enemies":"Giant Head","floor":45,"turns":8},{"damage":10,"enemies":"Sphere and 2 Shapes","floor":46,"turns":3},{"damage":2,"enemies":"Spire Growth","floor":47,"turns":6},{"damage":25,"enemies":"Jaw Worm Horde","floor":48,"turns":2},{"damage":11,"enemies":"Sphere and 2 Shapes","floor":49,"turns":7}],"seed_played":"-2921132408296497426","potions_obtained":[{"floor":4,"key":"Adrenaline Potion"},{"floor":10,"key":"LiquidMemories"},{"floor":14,"key":"jedi:wingpotion"},{"floor":15,"key":"jedi:StrikingPotion"},{"floor":16,"key":"bronze:BurnAndBuffPotion"},{"floor":22,"key":"Guardian:AcceleratePotion"},{"floor":28,"key":"Fire Potion"},{"floor":29,"key":"CultistPotion"},{"floor":32,"key":"CultistPotion"},{"floor":33,"key":"Fire Potion"},{"floor":43,"key":"Guardian:AcceleratePotion"},{"floor":46,"key":"champ:CounterPotion"},{"floor":48,"key":"Swift Potion"}],"is_trial":false,"path_per_floor":["R_BF","?","M","M","?","R","MIM","M","?","E","M","$","R","M","M","B",null,"R","M","M","M","M","E","T","?","?","E","E","M","R","M","M","B",null,"R","M","?","MIM","?","?","T","E","M","AVR","E","M","M","M","M"],"character_chosen":"GUARDIAN","items_purchased":["Guardian:ChargeUp","Guardian:Gem_Green","Guardian:RollAttack"],"campfire_rested":0,"item_purchase_floors":[12,12,12],"current_hp_per_floor":[88,88,88,79,79,79,75,69,69,35,55,70,70,67,60,27,88,88,85,88,87,88,88,88,88,88,88,74,73,83,98,96,76,98,98,98,84,83,83,75,75,67,58,65,22,20,27,8,0,0,0],"gold":457,"neow_bonus":"TEN_PERCENT_HP_BONUS","is_daily":false,"chose_seed":false,"campfire_upgraded":5,"win_rate":0.0,"timestamp":1611378574,"path_taken":["R_BF","?","M","?","?","R","MIM","?","?","E","M","$","R","M","M","BOSS","R","M","M","M","M","E","T","?","?","E","E","M","R","?","M","BOSS","R","M","?","?","?","?","T","E","M","AVR","E","M","M","M","M"],"items_purchased_type":["Card","Card","Card"],"build_version":"2020-12-22","purchased_purges":0,"victory":false,"max_hp_per_floor":[88,88,88,88,88,88,88,88,88,88,88,88,88,88,88,88,88,88,88,88,88,88,88,88,88,88,88,88,88,98,98,98,98,98,98,98,98,104,104,104,104,104,104,111,111,111,111,111,111,111,111],"card_choices":[{"not_picked":["Guardian:BronzeArmor","Guardian:TimeBomb"],"picked":"Guardian:Gem_Crimson","floor":3},{"not_picked":["Guardian:Incinerate","Guardian:WalkerClaw"],"picked":"Guardian:Repulse","floor":4},{"not_picked":["Guardian:TemporalShield","Guardian:FloatingOrbs"],"picked":"Guardian:Gem_Red","floor":7},{"not_picked":["Guardian:Incinerate","Guardian:RefractedBeam"],"picked":"Guardian:Gem_Crimson","floor":8},{"not_picked":["Thunderclap","Guardian:PrismaticBarrier"],"picked":"Guardian:EvasiveProtocol","floor":10},{"not_picked":["Guardian:Gem_Red","Guardian:StasisStrike"],"picked":"Guardian:Gem_Blue","floor":11},{"not_picked":["Guardian:Gem_Red","Guardian:Incinerate"],"picked":"Guardian:VentSteam","floor":12},{"not_picked":["Guardian:PrismaticBarrier","Guardian:TemporalShield"],"picked":"Guardian:Gem_Red","floor":14},{"not_picked":["Guardian:Gem_Red","Guardian:Recover"],"picked":"Guardian:ExploitGems","floor":15},{"not_picked":["Guardian:FierceBash","Guardian:HyperBeam_Guardian"],"picked":"Double Tap","floor":16},{"not_picked":["Guardian:VentSteam+1","Guardian:TemporalShield","Guardian:BronzeOrb+1"],"picked":"SKIP","floor":19},{"not_picked":["Guardian:Repulse","Guardian:Incinerate+1"],"picked":"Guardian:Gem_White","floor":20},{"not_picked":["Guardian:GuardianWhirl","Guardian:Gem_Green"],"picked":"Guardian:ArmoredProtocol+1","floor":21},{"not_picked":["Guardian:PrimingBeam","Guardian:Gem_Cyan"],"picked":"Guardian:Harden","floor":22},{"not_picked":["Guardian:Gem_Cyan","Guardian:FloatingOrbs+1"],"picked":"Guardian:Recover","floor":23},{"not_picked":["Guardian:ConstructionForm","Guardian:SentryBeam"],"picked":"Guardian:Gem_Cyan","floor":27},{"not_picked":["Guardian:Suspension+1","Guardian:VentSteam"],"picked":"Guardian:ChargeUp","floor":28},{"not_picked":["Guardian:RollAttack","Guardian:PrismaticBeam+1"],"picked":"Guardian:ChargeUp","floor":29},{"not_picked":["Guardian:ChargeCore","Guardian:Gem_Cyan"],"picked":"Guardian:Emergency+1","floor":31},{"not_picked":["Guardian:Gem_Green","Guardian:PrismaticBeam"],"picked":"Guardian:RefractedBeam+1","floor":32},{"not_picked":["Guardian:GemFire","Guardian:HyperBeam_Guardian"],"picked":"Guardian:StasisField","floor":33},{"not_picked":["Guardian:Orbwalk+1","Guardian:PolyBeam+1"],"picked":"Guardian:Gem_Lightblue","floor":36},{"not_picked":["Guardian:Emergency","Guardian:PrismaticBarrier"],"picked":"Guardian:RollAttack+1","floor":38},{"not_picked":["Guardian:Gem_Lightblue","Guardian:GemFinder"],"picked":"Guardian:RollAttack+1","floor":42},{"not_picked":["Guardian:PrismaticBarrier","Guardian:Clone"],"picked":"Guardian:PrimingBeam+1","floor":43},{"not_picked":["Guardian:ShieldCharger","Guardian:Incinerate+1"],"picked":"Guardian:PiercingHide","floor":45},{"not_picked":["Guardian:ShieldCharger+1","Guardian:Gem_Green"],"picked":"Guardian:Gem_Cyan","floor":46},{"not_picked":["Guardian:PolyBeam+1","Guardian:Planning"],"picked":"Guardian:EvasiveProtocol","floor":47},{"not_picked":["Guardian:PrismaticBeam+1","Guardian:RollAttack"],"picked":"Guardian:TimeSifter","floor":48}],"player_experience":650028,"relics_obtained":[{"floor":7,"key":"CCEMRelics:SpiritsEdge"},{"floor":10,"key":"jedi:firstaidkit"},{"floor":23,"key":"hubris:GlazedTorus"},{"floor":27,"key":"aspiration:Lifesprig"},{"floor":37,"key":"halation:PenCase"},{"floor":38,"key":"vexMod:PlasmaPancake"},{"floor":41,"key":"Bottled Lightning"},{"floor":42,"key":"StuffTheSpire:HeavyRock"},{"floor":45,"key":"infinitespire:ShieldingShard"}],"event_choices":[{"damage_healed":0,"gold_gain":0,"player_choice":"Ignored","damage_taken":0,"max_hp_gain":0,"max_hp_loss":0,"event_name":"NoteForYourself","floor":26,"gold_loss":0},{"damage_healed":0,"gold_gain":0,"player_choice":"Fight","damage_taken":0,"max_hp_gain":0,"max_hp_loss":0,"event_name":"Mysterious Sphere","floor":37,"gold_loss":0}],"is_beta":false,"boss_relics":[{"not_picked":["Sozu","aspiration:FutureDiary"],"picked":"Guardian:StasisSlotReductionRelic"},{"not_picked":["Painkiller Herb","halation:Risk"],"picked":"Astrolabe"}],"items_purged_floors":[],"is_endless":false,"potions_floor_spawned":[4,10,14,15,16,21,22,28,29,32,33,37,43,46,48],"killed_by":"Sphere and 2 Shapes","ascension_level":1}}