{"host":"o6j8h35axmoodbwy","time":1611405229,"event":{"mods":["2.2 Compatiblity","BaseMod","Colored Map","Colored Powertips","MarisaÅiñ∂âJÅ@ñÇóùçπÅj","Minty Spire (QoL Compilation)","Quick Restart","Shop Mod","StSLib","SuperFastMode","Td1madao Mod","The Bug Knight"],"gold_per_floor":[113,38,53,70,90,90,125,141,209,209,309,326,80,115,115,115,115],"floor_reached":16,"language":"JPN","playtime":910,"items_purged":["Strike_R","Strike_R"],"score":179,"play_id":"657f846a-f190-43a9-8fb4-b1ab24e43384","local_time":"20210123213349","is_ascension_mode":true,"campfire_choices":[{"data":"True Grit","floor":6.0,"key":"SMITH"},{"data":"Entrench","floor":10.0,"key":"SMITH"},{"floor":15,"key":"REST"}],"circlet_count":0,"master_deck":["AscendersBane","Strike_R","Strike_R","Strike_R","Defend_R","Defend_R","Defend_R","Defend_R","Bash","Blind","Evolve","Heavy Blade","Cleave","True Grit+1","Entrench+1","Flame Barrier","Body Slam","Bloodletting"],"relics":["Burning Blood","HollowMod:LifeEnderRelic","Frozen Egg 2","Pen Nib","Ice Cream"],"acts_visited":["Exordium"],"potions_floor_usage":[14],"damage_taken":[{"damage":5.0,"enemies":"Cultist","floor":1.0,"turns":4.0},{"damage":4.0,"enemies":"2 Louse","floor":3.0,"turns":4.0},{"damage":9.0,"enemies":"Small Slimes","floor":4.0,"turns":5.0},{"damage":8.0,"enemies":"3 Louse","floor":5.0,"turns":3.0},{"damage":33.0,"enemies":"3 Sentries","floor":7.0,"turns":10.0},{"damage":4.0,"enemies":"Exordium Wildlife","floor":8.0,"turns":6.0},{"damage":6.0,"enemies":"2 Fungi Beasts","floor":12.0,"turns":4.0},{"damage":28,"enemies":"Gremlin Nob","floor":14,"turns":5},{"damage":59,"enemies":"Slime Boss","floor":16,"turns":9}],"seed_played":"3455351156510626224","potions_obtained":[{"floor":4.0,"key":"CultistPotion"},{"floor":7.0,"key":"SpeedPotion"}],"is_trial":false,"path_per_floor":["M","$","M","M","M","R","E","M","T","R","?","M","$","E","R","B"],"character_chosen":"IRONCLAD","items_purchased":["Pen Nib"],"campfire_rested":1,"item_purchase_floors":[13],"current_hp_per_floor":[73,73,75,72,70,70,43,45,45,45,45,45,45,23,47,0,0],"gold":115,"neow_bonus":"RANDOM_COLORLESS","is_daily":false,"chose_seed":false,"campfire_upgraded":2,"win_rate":0.0,"timestamp":1611405229,"path_taken":["M","$","?","M","M","R","E","M","T","R","?","M","$","E","R","BOSS"],"items_purchased_type":["Relic"],"build_version":"2020-12-22","purchased_purges":2,"victory":false,"max_hp_per_floor":[80,80,80,80,80,80,80,80,80,80,80,80,80,80,80,80,80],"card_choices":[{"not_picked":["Madness","Bandage Up"],"picked":"Blind","floor":0.0},{"not_picked":["Perfected Strike","Bloodletting"],"picked":"Evolve","floor":1.0},{"not_picked":["Cleave","Evolve"],"picked":"Heavy Blade","floor":3.0},{"not_picked":["Warcry","Flex"],"picked":"Cleave","floor":4.0},{"not_picked":["Carnage","Clothesline"],"picked":"True Grit","floor":5.0},{"not_picked":["Bloodletting","Rampage"],"picked":"Entrench","floor":7.0},{"not_picked":["Wild Strike","Clash"],"picked":"Flame Barrier","floor":8.0},{"not_picked":["Pommel Strike","Thunderclap"],"picked":"Body Slam","floor":12.0},{"not_picked":["Havoc","Berserk+1"],"picked":"Bloodletting","floor":14}],"player_experience":521848,"relics_obtained":[{"floor":7.0,"key":"HollowMod:LifeEnderRelic"},{"floor":9.0,"key":"Frozen Egg 2"},{"floor":14,"key":"Ice Cream"}],"event_choices":[{"damage_healed":0.0,"max_hp_gain":0.0,"max_hp_loss":0.0,"gold_gain":100.0,"event_name":"Golden Shrine","player_choice":"Pray","floor":11.0,"gold_loss":0.0,"damage_taken":0.0}],"is_beta":false,"boss_relics":[],"items_purged_floors":[2,13],"is_endless":false,"potions_floor_spawned":[4,7],"killed_by":"Slime Boss","ascension_level":12}}