{"host":"oehe2dxjvdgux73m","time":1611387937,"event":{"mods":["AchievementEnabler","BaseMod","Colored Map","Colored Powertips","DeckTracker","Keyboard Shortcuts","Minty Spire (QoL Compilation)","Permanent Neow","Quick Restart","StSLib","SuperFastMode"],"gold_per_floor":[114,74,90,103,115,145,145,157,182,182,216,231,13,31,31,107,107,91,108,108,120,138,138,138],"floor_reached":23,"language":"KOR","playtime":685,"items_purged":["Bash"],"score":362,"play_id":"c2581821-50ed-4f9f-a5a2-7c1af0db1ab7","local_time":"20210123164537","is_ascension_mode":true,"campfire_choices":[{"floor":7.0,"key":"REST"},{"data":"Perfected Strike","floor":10.0,"key":"SMITH"},{"floor":15.0,"key":"REST"}],"circlet_count":0,"master_deck":["AscendersBane","Strike_R","Strike_R","Strike_R","Strike_R","Strike_R","Defend_R","Defend_R","Defend_R","Defend_R","Power Through","Shrug It Off","Headbutt","Perfected Strike+1","Twin Strike","Ghostly Armor","Pommel Strike","Twin Strike","Immolate","Pommel Strike+1","Disarm","Power Through"],"relics":["Black Blood","Red Skull","Art of War","Regal Pillow","Dream Catcher","Blood Vial"],"acts_visited":["Exordium","TheCity"],"potions_floor_usage":[],"damage_taken":[{"damage":4.0,"enemies":"Small Slimes","floor":1.0,"turns":4.0},{"damage":1.0,"enemies":"Cultist","floor":3.0,"turns":3.0},{"damage":7.0,"enemies":"Jaw Worm","floor":4.0,"turns":4.0},{"damage":40.0,"enemies":"Exordium Wildlife","floor":5.0,"turns":10.0},{"damage":33.0,"enemies":"Lagavulin","floor":6.0,"turns":6.0},{"damage":8.0,"enemies":"Red Slaver","floor":8.0,"turns":3.0},{"damage":32.0,"enemies":"3 Sentries","floor":11.0,"turns":8.0},{"damage":0.0,"enemies":"Blue Slaver","floor":12.0,"turns":4.0},{"damage":12.0,"enemies":"Gremlin Gang","floor":14.0,"turns":4.0},{"damage":27.0,"enemies":"The Guardian","floor":16.0,"turns":12.0},{"damage":16.0,"enemies":"2 Thieves","floor":18.0,"turns":4.0},{"damage":33.0,"enemies":"3 Byrds","floor":19.0,"turns":6.0},{"damage":25.0,"enemies":"Snecko","floor":21.0,"turns":6.0},{"damage":19.0,"enemies":"Centurion and Healer","floor":22.0,"turns":7.0},{"damage":30,"enemies":"Slavers","floor":23,"turns":2}],"seed_played":"6026129308090812919","potions_obtained":[{"floor":2.0,"key":"Explosive Potion"},{"floor":2.0,"key":"SkillPotion"},{"floor":11.0,"key":"Energy Potion"},{"floor":16.0,"key":"ElixirPotion"}],"is_trial":false,"path_per_floor":["M","?","M","M","M","E","R","M","T","R","E","M","$","M","R","B",null,"M","M","?","M","M","E"],"character_chosen":"IRONCLAD","items_purchased":["Blood Vial"],"campfire_rested":2,"item_purchase_floors":[13],"current_hp_per_floor":[70,70,75,74,40,13,35,33,33,33,7,13,13,9,46,27,63,61,42,42,31,26,0,0],"gold":138,"neow_bonus":"RANDOM_COMMON_RELIC","is_daily":false,"chose_seed":false,"campfire_upgraded":1,"win_rate":0.0,"timestamp":1611387937,"path_taken":["M","?","M","M","M","E","R","M","T","R","E","M","$","M","R","BOSS","M","M","?","M","M","E"],"items_purchased_type":["Relic"],"build_version":"2020-12-22","purchased_purges":1,"victory":false,"max_hp_per_floor":[75,75,75,75,75,75,75,75,75,75,75,75,75,75,75,75,75,75,75,75,75,75,75,75],"card_choices":[{"not_picked":["True Grit","Flex"],"picked":"Power Through","floor":1.0},{"not_picked":["Warcry","Clothesline"],"picked":"Dark Embrace","floor":3.0},{"not_picked":["Disarm","Flex"],"picked":"Shrug It Off","floor":4.0},{"not_picked":["Hemokinesis","Searing Blow"],"picked":"Headbutt","floor":5.0},{"not_picked":["Sword Boomerang","Warcry"],"picked":"Perfected Strike","floor":6.0},{"not_picked":["Carnage","Flex"],"picked":"Twin Strike","floor":8.0},{"not_picked":["Flex","Uppercut"],"picked":"Ghostly Armor","floor":11.0},{"not_picked":["Havoc","Iron Wave"],"picked":"Pommel Strike","floor":12.0},{"not_picked":["Rampage","Headbutt"],"picked":"Twin Strike","floor":14.0},{"not_picked":["Brutality","Feed"],"picked":"Immolate","floor":16.0},{"not_picked":["Ghostly Armor","Wild Strike"],"picked":"Pommel Strike+1","floor":18.0},{"not_picked":["Blood for Blood","Hemokinesis"],"picked":"Disarm","floor":19.0},{"not_picked":["Iron Wave","Feel No Pain","Heavy Blade"],"picked":"SKIP","floor":21.0},{"not_picked":["Entrench","Flex","Iron Wave+1"],"picked":"SKIP","floor":22.0}],"player_experience":303609,"relics_obtained":[{"floor":6.0,"key":"Art of War"},{"floor":9.0,"key":"Regal Pillow"},{"floor":11.0,"key":"Dream Catcher"}],"event_choices":[{"damage_healed":0.0,"max_hp_gain":0.0,"max_hp_loss":0.0,"gold_gain":0.0,"event_name":"The Woman in Blue","player_choice":"Bought 3 Potions","floor":2.0,"gold_loss":0.0,"damage_taken":0.0},{"damage_healed":0.0,"max_hp_gain":0.0,"max_hp_loss":0.0,"gold_gain":0.0,"cards_transformed":["Dark Embrace"],"event_name":"Transmorgrifier","player_choice":"Transformed","floor":20.0,"gold_loss":0.0,"damage_taken":0.0,"cards_obtained":["Power Through"]}],"is_beta":false,"boss_relics":[{"not_picked":["Runic Cube","Runic Dome"],"picked":"Black Blood"}],"items_purged_floors":[13],"is_endless":false,"potions_floor_spawned":[3,5,11,16],"killed_by":"Slavers","ascension_level":15}}