{"host":"oqhjdqr9xcmboomw","time":1611398528,"event":{"mods":["2.2 Compatiblity","AchievementEnabler","Act Like it!","Aspiration","BaseMod","Beaked The Cultist","Better Third Choice","Conjunction","Conspire","Disable Question Mark Monsters","Elementarium","Energized Spire","GifTheSpireLib","Halation","Hallownest","Hermit","Hubris","Infinite Spire","Jorbs\u0027s Wanderer Trilogy","Mimic Mod","Minty Spire (QoL Compilation)","Random Character Button","Rare Cards Sparkle","Replay The Spire","Spicy Shops","Spikes Relics","StSLib","Stuff the Spire","The Blackbeard","The Blue Laboratory","The Cursed","The Disciple","The Gatherer","The Hierophant","The Judge","The Mystic","The Saiyan","The Wild Card","Unceasing Turn Reminder","Wandering Minibosses","vexMod"],"gold_per_floor":[116,191,210,82,93,120,120,120,120,147,147,163,176,190,190,292,292,312,324,69,80,80,112,138,138,170,190,210,225,225,100,100,204,204,224,236,236,236,250,250,277,75,75,75,75,86,97,97,97,97],"floor_reached":51,"language":"ENG","playtime":3088,"items_purged":["TheCursedMod:Defend_TheCursed","TheCursedMod:Strike_TheCursed"],"score":948,"play_id":"623debaa-d0b4-4e06-abb9-ff25ff69adc7","local_time":"20210123054208","is_ascension_mode":true,"campfire_choices":[{"data":"TheCursedMod:SurpriseAttack","floor":7,"key":"SMITH"},{"floor":11,"key":"REST"},{"floor":15,"key":"REST"},{"floor":25,"key":"REST"},{"data":"TheCursedMod:Grudge","floor":32,"key":"SMITH"},{"floor":40,"key":"REST"},{"floor":44,"key":"REST"},{"floor":49,"key":"DIG"}],"circlet_count":0,"master_deck":["TheCursedMod:Strike_TheCursed","TheCursedMod:Strike_TheCursed","TheCursedMod:Strike_TheCursed","TheCursedMod:Defend_TheCursed","TheCursedMod:Defend_TheCursed","TheCursedMod:Defend_TheCursed+1","TheCursedMod:CursedWand+1","TheCursedMod:CleanUpWorkshop+1","TheCursedMod:Dregs","TheCursedMod:Obscuration+1","TheCursedMod:FleshFromBone+1","TheCursedMod:CircleOfCorruption","TheCursedMod:LuckyCharm+1","TheCursedMod:SurpriseAttack+1","TheCursedMod:StingEye","TheCursedMod:CursedMace","TheCursedMod:CursedAmulet","TheCursedMod:HellsGateOpen+1","TheCursedMod:VoidForm+1","TheCursedMod:Grudge+1","TheCursedMod:HellfireBreathing","TheCursedMod:SpitefulPray","TheCursedMod:EmpowerCircles+1","TheCursedMod:CircleOfCorruption","PlatinumSkin","TheCursedMod:ManaCirculation+1","wanderingMiniBosses:FinaleOfPromise","Electrodynamics","Beam Cell+1","Capacitor"],"relics":["TheCursedMod:BlackMagic101","BicycleWheel","InkBottle","ReplayTheSpireMod:TigerMarble","vexMod:ImprovementManual","Replay:Rubber Ducky","StrikeDummy","halation:BottledLove","Anchor","Replay:Grab Bag","Fusion Hammer","vexMod:TanglingVine","aspiration:DefectSkillbook","wanderingMiniBosses:Blackblade","Shovel","Molten Egg 2","hubris:ToyBattleship","infinitespire:Lucky Rock","TheCursedMod:BlackMagicAdvanced","vexMod:InvisibilityCloak"],"acts_visited":["Exordium","TheCity","TheBeyond"],"potions_floor_usage":[14,16,21,21,24,28,33,36,47],"damage_taken":[{"damage":1,"enemies":"Cultist","floor":1,"turns":3},{"damage":0,"enemies":"conspire:RoseBush","floor":3,"turns":3},{"damage":0,"enemies":"Small Slimes","floor":5,"turns":3},{"damage":20,"enemies":"Lagavulin","floor":6,"turns":9},{"damage":25,"enemies":"Replay:BlueRogue","floor":10,"turns":9},{"damage":0,"enemies":"3 Louse","floor":12,"turns":3},{"damage":14,"enemies":"Red Slaver","floor":13,"turns":2},{"damage":1,"enemies":"Lots of Slimes","floor":14,"turns":6},{"damage":6,"enemies":"The Guardian","floor":16,"turns":13},{"damage":2,"enemies":"2 Thieves","floor":18,"turns":4},{"damage":5,"enemies":"Chosen","floor":19,"turns":7},{"damage":0,"enemies":"Centurion and Healer","floor":21,"turns":6},{"damage":33,"enemies":"Book of Stabbing","floor":23,"turns":6},{"damage":3,"enemies":"conspire:MimicChest","floor":24,"turns":7},{"damage":2,"enemies":"Snecko","floor":26,"turns":7},{"damage":0,"enemies":"Snecko","floor":27,"turns":5},{"damage":0,"enemies":"Cultist and Chosen","floor":28,"turns":8},{"damage":5,"enemies":"Chosen and Byrds","floor":29,"turns":6},{"damage":16,"enemies":"Champ","floor":33,"turns":10},{"damage":0,"enemies":"Orb Walker","floor":35,"turns":3},{"damage":17,"enemies":"3 Darklings","floor":36,"turns":4},{"damage":22,"enemies":"Writhing Mass","floor":39,"turns":5},{"damage":5,"enemies":"Nemesis","floor":41,"turns":3},{"damage":0,"enemies":"4 Shapes","floor":46,"turns":3},{"damage":3,"enemies":"Sphere and 2 Shapes","floor":47,"turns":4},{"damage":12,"enemies":"Awakened One","floor":50,"turns":6}],"seed_played":"-3971251604242235537","potions_obtained":[{"floor":10,"key":"Elixir"},{"floor":14,"key":"blueLaboratory:BottleOfVodka"},{"floor":16,"key":"blueLaboratory:HummingbirdPotion"},{"floor":19,"key":"ColorlessPotion"},{"floor":21,"key":"infinitespire:BlackPotion"},{"floor":27,"key":"Explosive Potion"},{"floor":29,"key":"Adrenaline Potion"},{"floor":35,"key":"Weak Potion"},{"floor":46,"key":"blueLaboratory:Moonshine"}],"is_trial":false,"path_per_floor":["M","?","M","$","M","E","R","?","T","E","R","M","M","M","R","B",null,"M","M","$","M","?","E","?","R","MIM","M","M","M","$","$","R","B",null,"M","M","?","?","M","R","E","$","T","R","$","M","M","AVR","R","B",null],"character_chosen":"THE_CURSED","items_purchased":["TheCursedMod:CircleOfCorruption","Replay:Rubber Ducky","Anchor","PlatinumSkin","Molten Egg 2","Capacitor"],"campfire_rested":5,"item_purchase_floors":[4,20,30,31,42,42],"current_hp_per_floor":[67,56,56,56,56,36,36,36,36,11,33,33,19,18,40,38,66,64,59,59,59,66,33,30,52,54,54,54,49,39,39,39,25,64,64,51,51,51,29,52,51,51,51,74,74,74,71,71,71,59],"gold":97,"neow_bonus":"RANDOM_EVENT","is_daily":false,"chose_seed":false,"campfire_upgraded":2,"win_rate":0.0,"timestamp":1611398528,"path_taken":["M","?","M","$","M","E","R","?","T","E","R","M","M","M","R","BOSS","M","M","$","?","?","E","?","R","MIM","M","M","?","?","$","R","BOSS","M","M","?","?","?","R","E","?","T","R","$","M","M","AVR","R","BOSS"],"items_purchased_type":["Card","Relic","Relic","Card","Relic","Card"],"build_version":"2020-12-22","purchased_purges":2,"victory":true,"max_hp_per_floor":[75,75,75,75,75,75,75,75,75,75,75,75,75,75,75,75,75,75,75,75,75,75,75,75,75,75,75,75,75,75,75,75,77,77,77,77,77,77,77,77,77,77,77,77,77,77,77,77,77,77],"card_choices":[{"not_picked":["TheCursedMod:CursedAmulet","TheCursedMod:RapidMovement"],"picked":"TheCursedMod:Obscuration","floor":1},{"not_picked":["TheCursedMod:DoubleShield","TheCursedMod:WearCloak"],"picked":"TheCursedMod:FleshFromBone","floor":3},{"not_picked":["TheCursedMod:CircleOfFocus","TheCursedMod:Torture"],"picked":"TheCursedMod:LuckyCharm","floor":5},{"not_picked":["TheCursedMod:ReleasedStrength","TheCursedMod:Torture"],"picked":"TheCursedMod:SurpriseAttack","floor":6},{"not_picked":["TheCursedMod:DemonSword","TheCursedMod:HellsGateOpen"],"picked":"TheCursedMod:StingEye","floor":10},{"not_picked":["TheCursedMod:CircleOfBlood","TheCursedMod:VitalStrike"],"picked":"TheCursedMod:CursedMace","floor":12},{"not_picked":["TheCursedMod:Stretching","TheCursedMod:AshesToAshes"],"picked":"TheCursedMod:CursedAmulet","floor":13},{"not_picked":["TheCursedMod:RavingStaff","TheCursedMod:StingEye"],"picked":"TheCursedMod:HellsGateOpen","floor":14},{"not_picked":["TheCursedMod:DemonSword","TheCursedMod:Neurasthenia"],"picked":"TheCursedMod:VoidForm","floor":16},{"not_picked":["TheCursedMod:Stigma","TheCursedMod:SpitefulStrike","TheCursedMod:LuckyCharm"],"picked":"SKIP","floor":18},{"not_picked":["TheCursedMod:VitalStrike","TheCursedMod:AbyssShockwave"],"picked":"TheCursedMod:Grudge","floor":19},{"not_picked":["TheCursedMod:Torture","TheCursedMod:WearCloak","TheCursedMod:VitalStrike"],"picked":"SKIP","floor":21},{"not_picked":["TheCursedMod:UltimatePain","TheCursedMod:SmokeScreen"],"picked":"TheCursedMod:HellfireBreathing","floor":23},{"not_picked":["TheCursedMod:FuryStrike","TheCursedMod:Stretching"],"picked":"TheCursedMod:SpitefulPray","floor":24},{"not_picked":["TheCursedMod:CursedAmulet","TheCursedMod:ReleasedStrength"],"picked":"TheCursedMod:EmpowerCircles+1","floor":26},{"not_picked":["TheCursedMod:RavingStaff","TheCursedMod:SaltUponWound","TheCursedMod:CursedShiv"],"picked":"SKIP","floor":27},{"not_picked":["TheCursedMod:TacticalStrike+1","TheCursedMod:Stigma","TheCursedMod:VitalStrike"],"picked":"SKIP","floor":28},{"not_picked":["TheCursedMod:FleshFromBone","TheCursedMod:RapidMovement"],"picked":"TheCursedMod:CircleOfCorruption","floor":29},{"not_picked":["TheCursedMod:CursedRelics","TheCursedMod:VoidForm"],"picked":"TheCursedMod:ManaCirculation","floor":33},{"not_picked":["Turbo+1","TheCursedMod:Obscuration","TheCursedMod:WearCloak","TheCursedMod:FleshFromBone"],"picked":"SKIP","floor":35},{"not_picked":[],"picked":"wanderingMiniBosses:FinaleOfPromise","floor":36},{"not_picked":["DiskWipe","Hologram","TheCursedMod:AbyssShockwave+1","TheCursedMod:StingEye"],"picked":"SKIP","floor":36},{"not_picked":["StuffTheSpire:BrainWave","StuffTheSpire:Ambrosia"],"picked":"StuffTheSpire:Perfection","floor":37},{"not_picked":["Redo","Scrape","TheCursedMod:SpitefulStrike+1"],"picked":"Beam Cell+1","floor":39},{"not_picked":["Skim","Panic Button+1","Barrage","ReplaySort+1"],"picked":"SKIP","floor":41},{"not_picked":["Time Bomb","Coolheaded","Hello World+1","TheCursedMod:Stigma+1"],"picked":"SKIP","floor":46},{"not_picked":["TheCursedMod:CursedShiv+1","TheCursedMod:UltimatePain","TheCursedMod:SurpriseAttack+1","Cold Snap+1"],"picked":"SKIP","floor":47}],"player_experience":984418,"relics_obtained":[{"floor":6,"key":"BicycleWheel"},{"floor":9,"key":"InkBottle"},{"floor":10,"key":"ReplayTheSpireMod:TigerMarble"},{"floor":23,"key":"aspiration:TomeofQuesting"},{"floor":24,"key":"StrikeDummy"},{"floor":26,"key":"halation:BottledLove"},{"floor":36,"key":"wanderingMiniBosses:Blackblade"},{"floor":41,"key":"Shovel"},{"floor":43,"key":"hubris:ToyBattleship"},{"floor":49,"key":"vexMod:InvisibilityCloak"}],"event_choices":[{"damage_healed":0,"gold_gain":0,"player_choice":"Grow","damage_taken":0,"max_hp_gain":0,"max_hp_loss":0,"event_name":"Living Wall","floor":0,"gold_loss":0,"cards_upgraded":["TheCursedMod:CursedWand"]},{"damage_healed":0,"gold_gain":75,"player_choice":"Gold","damage_taken":11,"max_hp_gain":0,"max_hp_loss":0,"event_name":"betterThird:BetterGoop","floor":2,"gold_loss":0},{"damage_healed":0,"gold_gain":0,"player_choice":"Bought 0 Potions","damage_taken":0,"max_hp_gain":0,"max_hp_loss":0,"event_name":"The Woman in Blue","floor":8,"gold_loss":0},{"damage_healed":0,"gold_gain":0,"cards_transformed":["StuffTheSpire:Perfection"],"player_choice":"Transformed","damage_taken":0,"max_hp_gain":0,"max_hp_loss":0,"event_name":"Transmorgrifier","floor":38,"gold_loss":0,"cards_obtained":["Electrodynamics"]}],"is_beta":false,"boss_relics":[{"not_picked":["halation:Risk","beaked:SacredDeck"],"picked":"vexMod:ImprovementManual"},{"not_picked":["Abe\u0027s Treasure","vexMod:CursedCompass"],"picked":"Replay:Grab Bag"},{"not_picked":["energizedSpire:SpiderWeb","Replay:Bronze Core"],"picked":"Fusion Hammer"},{"not_picked":["energizedSpire:StickyHand","Velvet Choker"],"picked":"vexMod:TanglingVine"},{"not_picked":["Black Star","halation:HeavySnake"],"picked":"aspiration:DefectSkillbook"}],"items_purged_floors":[4,20],"is_endless":false,"potions_floor_spawned":[10,14,16,19,21,27,29,35,46],"ascension_level":8}}