{"host":"zig6x0mxqzam82fb","time":1611361058,"event":{"mods":["BaseMod","Block Reminder","Colored Map","Colored Powertips","Marisa????????","Minty Spire (QoL Compilation)","Relic Stats","StSLib","The Cursed","The Marked","Waifu the Spire"],"gold_per_floor":[109,57,74,74,89,89,100,116,139,151,193,185,210,240,252,264,264],"floor_reached":16,"language":"ENG","playtime":792,"items_purged":[],"score":161,"play_id":"fc975ed5-298f-4eb9-9f95-83f036f4e000","local_time":"20210122191738","is_ascension_mode":true,"campfire_choices":[{"data":"Wraith Form v2","floor":6,"key":"SMITH"},{"floor":10,"key":"REST"},{"floor":15,"key":"REST"}],"circlet_count":0,"master_deck":["AscendersBane","Strike_G","Strike_G","Strike_G","Strike_G","Strike_G","Defend_G","Defend_G","Defend_G","Defend_G","Defend_G","Survivor","Neutralize","Flash of Steel","Dagger Throw","Dagger Spray","Deadly Poison","Wraith Form v2+1","Blade Dance","Blade Dance","Terror","Corpse Explosion","Backstab"],"relics":["Ring of the Snake","Matryoshka","Question Card","MawBank","Bottled Tornado"],"acts_visited":["Exordium"],"potions_floor_usage":[7,11,13,14],"damage_taken":[{"damage":1,"enemies":"Cultist","floor":1,"turns":6},{"damage":2,"enemies":"Small Slimes","floor":3,"turns":3},{"damage":11,"enemies":"Jaw Worm","floor":5,"turns":4},{"damage":22,"enemies":"Red Slaver","floor":7,"turns":5},{"damage":0,"enemies":"3 Louse","floor":8,"turns":2},{"damage":34,"enemies":"Gremlin Nob","floor":11,"turns":4},{"damage":7,"enemies":"Lots of Slimes","floor":13,"turns":2},{"damage":2,"enemies":"Exordium Wildlife","floor":14,"turns":5},{"damage":40,"enemies":"Slime Boss","floor":16,"turns":5}],"seed_played":"7258926606856422874","potions_obtained":[{"floor":5,"key":"GamblersBrew"},{"floor":7,"key":"Dexterity Potion"},{"floor":8,"key":"DuplicationPotion"},{"floor":11,"key":"Dexterity Potion"},{"floor":12,"key":"LiquidMemories"}],"is_trial":false,"path_per_floor":["M","$","M","T","M","R","M","M","T","R","E","?","M","M","R","B"],"character_chosen":"THE_SILENT","items_purchased":["Dagger Spray"],"campfire_rested":2,"item_purchase_floors":[2],"current_hp_per_floor":[62,62,60,60,49,49,27,27,27,48,14,14,7,5,26,0,0],"gold":264,"neow_bonus":"RANDOM_COLORLESS","is_daily":false,"chose_seed":false,"campfire_upgraded":1,"win_rate":0.0,"timestamp":1611361058,"path_taken":["M","$","M","?","M","R","M","M","T","R","E","?","?","M","R","BOSS"],"items_purchased_type":["Card"],"build_version":"2020-12-22","purchased_purges":0,"victory":false,"max_hp_per_floor":[70,70,70,70,70,70,70,70,70,70,70,70,70,70,70,70,70],"relic_stats":{"counters":[9,36],"Question Card":3,"MawBank":84,"obtain_stats":[{"Matryoshka":4,"Bottled Tornado":11,"Question Card":9,"MawBank":9,"Ring of the Snake":0},{"Matryoshka":2,"Bottled Tornado":6,"Question Card":5,"MawBank":5,"Ring of the Snake":0},{"Matryoshka":9,"Bottled Tornado":24,"Question Card":20,"MawBank":20,"Ring of the Snake":0}],"Ring of the Snake":[18]},"card_choices":[{"not_picked":["Impatience","Madness"],"picked":"Flash of Steel","floor":0},{"not_picked":["PiercingWail","Riddle With Holes"],"picked":"Dagger Throw","floor":1},{"not_picked":["Underhanded Strike","Sucker Punch"],"picked":"Deadly Poison","floor":3},{"not_picked":["Deflect","Prepared"],"picked":"Wraith Form v2","floor":5},{"not_picked":["Sucker Punch","Deflect"],"picked":"Blade Dance","floor":7},{"not_picked":["Heel Hook","Bane"],"picked":"Blade Dance","floor":8},{"not_picked":["Bouncing Flask","Riddle With Holes","Reflex"],"picked":"Terror","floor":11},{"not_picked":["Outmaneuver","Bane","Distraction"],"picked":"Corpse Explosion","floor":13},{"not_picked":["Footwork","Eviscerate","Setup"],"picked":"Backstab","floor":14}],"player_experience":493567,"relics_obtained":[{"floor":4,"key":"Matryoshka"},{"floor":9,"key":"Question Card"},{"floor":9,"key":"MawBank"},{"floor":11,"key":"Bottled Tornado"}],"event_choices":[{"damage_healed":0,"gold_gain":0,"player_choice":"Bought 1 Potion","damage_taken":0,"max_hp_gain":0,"max_hp_loss":0,"event_name":"The Woman in Blue","floor":12,"gold_loss":0}],"is_beta":false,"boss_relics":[],"items_purged_floors":[],"is_endless":false,"potions_floor_spawned":[5,7,8,11],"killed_by":"Slime Boss","ascension_level":11}}