{"host":"jd8ca16pxkooz5tw","time":1611445986,"event":{"mods":["AchievementEnabler","BaseMod","Colored Map","Defuse TimeMaze Blight","Downfall","GifTheSpireLib","Highlight Path","Minty Spire (QoL Compilation)","StSLib"],"gold_per_floor":[99,114,30,49,49,124,195,221,240,140,165,197,228,242,253,357,357,357,370,389,27,127,156,180,197,221,121,121,156,238,268,284,386,386,386,397,64,64,64,98,124,157,181,226,271,312,366,413,325,337,349,388,22,31,31,31,31,31],"floor_reached":56,"language":"ENG","playtime":2972,"items_purged":[],"score":1239,"play_id":"568aa6bc-ddaa-441e-92df-d781ea5a0334","local_time":"20210124005306","daily_mods":["Vintage","Heirloom","Time Dilation","Flight","downfall:Lament","DeadlyEvents","Elite Swarm"],"is_ascension_mode":true,"campfire_choices":[{"floor":1,"key":"RECALL"},{"floor":10,"key":"REST"},{"data":"Slimebound:DuplicatedForm","floor":18,"key":"SMITH"},{"floor":27,"key":"REST"},{"floor":28,"key":"REST"},{"data":"Slimebound:Split","floor":35,"key":"SMITH"},{"data":"Slimebound:OozeBath","floor":49,"key":"SMITH"},{"floor":54,"key":"REST"}],"circlet_count":0,"master_deck":["Slimebound:Strike_Slimebound","Slimebound:Tackle","Slimebound:Defend_Slimebound+1","Slimebound:Defend_Slimebound","Slimebound:Defend_Slimebound","Slimebound:Defend_Slimebound","Slimebound:Split+1","Slimebound:CorrosiveSpit","Slimebound:Equalize+1","Slimebound:BestDefense","Slimebound:DuplicatedForm+1","Slimebound:TagTeam+1","Slimebound:Overexert+1","Slimebound:SelfFormingGoo+1","Slimebound:TagTeam","Slimebound:Gluttony+1","Slimebound:LeadByExample+1","Slimebound:ItLooksTasty","J.A.X.+1","Slimebound:SlimeTap","Slimebound:FirmFortitude","Slimebound:LivingWall+1","Slimebound:OozeBath+1","Slimebound:LeechLife","Slimebound:Darklings","expansioncontent:HyperBeam","expansioncontent:PolyBeam","expansioncontent:PolyBeam","Slimebound:MassFeed","Slimebound:CheckThePlaybook","Slimebound:Teamwork","Slimebound:DouseInSlime+1","Slimebound:SelfFormingGoo+1","Slimebound:DouseInSlime+1","Slimebound:AcidTongue+1","Slimebound:GoopTackle+1"],"relics":["Slimebound:AbsorbEndCombat","NeowsBlessing","Peace Pipe","Boot","OrangePellets","Nunchaku","champ:DeflectingBracers","White Beast Statue","Shuriken","Incense Burner","Toy Ornithopter","downfall:HeartBlessingRed","Regal Pillow","Frozen Egg 2","hexamod:Sixitude","champ:DuelingGlove","Dream Catcher","Busted Crown","Blood Vial","Strawberry","Tiny Chest","Anchor","MutagenicStrength","Pen Nib","Oddly Smooth Stone","hexamod:BolsterEngine","downfall:HeartBlessingBlue","War Paint","Bottled Tornado","Happy Flower","bronze:BronzeIdol","Black Star","Akabeko","Gremlin Horn","Calipers","Potion Belt","Smiling Mask","Whetstone","MawBank","Lantern","Torii","The Courier","Toxic Egg 2","Ancient Tea Set","Guardian:PocketSentry","Slimebound:AggressiveSlimeRelic","Ginger","CeramicFish","Bottled Flame","Centennial Puzzle","downfall:HeartBlessingGreen","sneckomod:BlankCard","PreservedInsect","Mummified Hand","Vajra"],"acts_visited":["Exordium","TheCity","TheBeyond","TheEnding"],"potions_floor_usage":[8,11,12,13,15,16,16,16,22,22,23,25,25,31,40,44,44,44,44,44,56,56,56,56,56],"damage_taken":[{"damage":0,"enemies":"2 Louse","floor":2,"turns":2},{"damage":0,"enemies":"downfall:FleeingMerchant","floor":3,"turns":1},{"damage":0,"enemies":"Cultist","floor":4,"turns":1},{"damage":52,"enemies":"Gremlin Nob","floor":8,"turns":5},{"damage":2,"enemies":"Small Slimes","floor":9,"turns":5},{"damage":34,"enemies":"3 Sentries","floor":11,"turns":6},{"damage":3,"enemies":"Gremlin Nob","floor":12,"turns":2},{"damage":41,"enemies":"3 Sentries","floor":13,"turns":8},{"damage":5,"enemies":"Blue Slaver","floor":14,"turns":5},{"damage":12,"enemies":"Large Slime","floor":15,"turns":3},{"damage":16,"enemies":"SI_SHIV_ARCHETYPE","floor":16,"turns":4},{"damage":25,"enemies":"Chosen","floor":19,"turns":3},{"damage":36,"enemies":"Snecko","floor":20,"turns":4},{"damage":51,"enemies":"downfall:Augmenter","floor":22,"turns":5},{"damage":33,"enemies":"Gremlin Leader","floor":23,"turns":3},{"damage":33,"enemies":"Centurion and Healer","floor":25,"turns":5},{"damage":39,"enemies":"Book of Stabbing","floor":29,"turns":4},{"damage":33,"enemies":"Gremlin Leader","floor":31,"turns":5},{"damage":15,"enemies":"Chosen and Byrds","floor":32,"turns":4},{"damage":28,"enemies":"IC_MUSHROOM_ARCHETYPE","floor":33,"turns":4},{"damage":20,"enemies":"3 Darklings","floor":36,"turns":4},{"damage":53,"enemies":"Reptomancer","floor":40,"turns":4},{"damage":31,"enemies":"Giant Head","floor":42,"turns":5},{"damage":8,"enemies":"Orb Walker","floor":43,"turns":3},{"damage":79,"enemies":"Reptomancer","floor":44,"turns":3},{"damage":4,"enemies":"Giant Head","floor":45,"turns":5},{"damage":18,"enemies":"Nemesis","floor":46,"turns":3},{"damage":22,"enemies":"Giant Head","floor":47,"turns":3},{"damage":17,"enemies":"Reptomancer","floor":48,"turns":2},{"damage":20,"enemies":"DF_ARCHETYPE_ORBS","floor":50,"turns":4},{"damage":62,"enemies":"downfall:CharBossMerchant","floor":52,"turns":4},{"damage":66,"enemies":"downfall:NeowBoss","floor":55,"turns":7},{"damage":120,"enemies":"downfall:NeowBossFinal","floor":56,"turns":2}],"seed_played":"-3723730413804099276","potions_obtained":[{"floor":4,"key":"Block Potion"},{"floor":8,"key":"FearPotion"},{"floor":9,"key":"Slimebound:SpawnSlimePotion"},{"floor":11,"key":"FearPotion"},{"floor":12,"key":"EssenceOfSteel"},{"floor":13,"key":"PowerPotion"},{"floor":14,"key":"Weak Potion"},{"floor":15,"key":"SkillPotion"},{"floor":16,"key":"SteroidPotion"},{"floor":19,"key":"hexamod:SoulburnPotion"},{"floor":20,"key":"Ancient Potion"},{"floor":22,"key":"Fire Potion"},{"floor":23,"key":"hexamod:SoulburnPotion"},{"floor":25,"key":"SpeedPotion"},{"floor":29,"key":"DistilledChaos"},{"floor":31,"key":"Explosive Potion"},{"floor":32,"key":"Swift Potion"},{"floor":36,"key":"Slimebound:ThreeZeroPotion"},{"floor":40,"key":"FearPotion"},{"floor":42,"key":"SkillPotion"},{"floor":43,"key":"BlessingOfTheForge"},{"floor":44,"key":"bronze:BurnAndBuffPotion"},{"floor":45,"key":"SpeedPotion"},{"floor":46,"key":"hexamod:SoulburnPotion"},{"floor":47,"key":"LiquidMemories"},{"floor":48,"key":"sneckomod:MuddlingPotion"}],"is_trial":true,"path_per_floor":["R","M","$","M","?","?","T","E","M","R","E","E","E","M","M","B",null,"R","M","M","$","?","E","T","M","T","R","R","E","T","E","M","B",null,"R","M","?","?","T","E","T","E","M","E","E","E","E","E","R","B",null,"E","$","R","B","B"],"character_chosen":"SLIMEBOUND","items_purchased":["OrangePellets","Slimebound:BestDefense","Nunchaku","Tiny Chest","Slimebound:Gluttony+1","Anchor","Mummified Hand","Vajra","Slimebound:AcidTongue+1"],"campfire_rested":4,"item_purchase_floors":[3,3,3,21,21,21,53,53,53],"current_hp_per_floor":[65,65,65,65,47,47,47,5,5,24,18,30,6,11,16,61,65,65,65,53,53,37,21,21,10,10,59,82,57,57,64,78,75,82,82,78,92,82,82,83,83,92,85,51,90,91,89,92,92,91,92,68,68,92,45,0,0,0],"gold":31,"neow_bonus":"","is_daily":false,"chose_seed":false,"campfire_upgraded":3,"win_rate":0.0,"timestamp":1611445986,"path_taken":["R","M","$","M","?","?","T","E","?","R","E","E","?","?","M","BOSS","R","M","M","?","?","E","T","?","?","R","R","E","?","?","M","BOSS","R","M","?","?","?","E","T","E","?","E","?","E","E","E","R","BOSS","E","$","R","BOSS","BOSS"],"items_purchased_type":["Relic","Card","Relic","Relic","Card","Relic","Relic","Relic","Card"],"build_version":"2020-12-22","purchased_purges":0,"victory":false,"max_hp_per_floor":[65,65,65,65,65,65,65,65,65,65,65,65,65,65,65,65,65,65,65,72,72,72,72,72,72,72,82,82,82,82,82,82,82,82,82,82,92,92,92,92,92,92,92,92,92,92,92,92,92,92,92,92,92,92,92,92,92,92],"card_choices":[{"not_picked":["Slimebound:SlimeSpikes","Slimebound:Overexert"],"picked":"Slimebound:Equalize","floor":3},{"not_picked":["Slimebound:SlimeSlap","Slimebound:WasteNot"],"picked":"Slimebound:DuplicatedForm","floor":8},{"not_picked":["Slimebound:WasteNot","Slimebound:SlimeSlap"],"picked":"Slimebound:TagTeam","floor":11},{"not_picked":["Slimebound:MassRepurpose","Slimebound:OozeBath"],"picked":"Slimebound:Overexert+1","floor":12},{"not_picked":["Slimebound:FirmFortitude","Slimebound:DuplicatedForm+1"],"picked":"Slimebound:SelfFormingGoo+1","floor":13},{"not_picked":["Slimebound:CheckThePlaybook","Slimebound:Darklings"],"picked":"Slimebound:TagTeam","floor":16},{"not_picked":[],"picked":"J.A.X.","floor":22},{"not_picked":[],"picked":"Slimebound:SlimeTap","floor":22},{"not_picked":[],"picked":"Slimebound:FirmFortitude","floor":23},{"not_picked":[],"picked":"Slimebound:LivingWall+1","floor":27},{"not_picked":[],"picked":"Slimebound:OozeBath","floor":29},{"not_picked":[],"picked":"Slimebound:LeechLife","floor":31},{"not_picked":[],"picked":"Slimebound:Darklings","floor":33},{"not_picked":[],"picked":"expansioncontent:HyperBeam","floor":38},{"not_picked":[],"picked":"expansioncontent:PolyBeam","floor":38},{"not_picked":[],"picked":"expansioncontent:PolyBeam","floor":38},{"not_picked":[],"picked":"Slimebound:MassFeed","floor":40},{"not_picked":[],"picked":"Slimebound:CheckThePlaybook","floor":42},{"not_picked":[],"picked":"Slimebound:Teamwork","floor":44},{"not_picked":["Slimebound:MassFeed"],"picked":"SKIP","floor":45},{"not_picked":[],"picked":"Slimebound:DouseInSlime+1","floor":46},{"not_picked":[],"picked":"Slimebound:SelfFormingGoo+1","floor":47},{"not_picked":[],"picked":"Slimebound:DouseInSlime+1","floor":48},{"not_picked":["Slimebound:TagTeam"],"picked":"SKIP","floor":52},{"not_picked":[],"picked":"Slimebound:GoopTackle+1","floor":54}],"player_experience":326456,"relics_obtained":[{"floor":2,"key":"Boot"},{"floor":4,"key":"champ:DeflectingBracers"},{"floor":7,"key":"Shuriken"},{"floor":8,"key":"Incense Burner"},{"floor":9,"key":"Toy Ornithopter"},{"floor":11,"key":"Regal Pillow"},{"floor":12,"key":"Frozen Egg 2"},{"floor":13,"key":"hexamod:Sixitude"},{"floor":14,"key":"champ:DuelingGlove"},{"floor":15,"key":"Dream Catcher"},{"floor":19,"key":"Blood Vial"},{"floor":20,"key":"Strawberry"},{"floor":22,"key":"MutagenicStrength"},{"floor":23,"key":"Pen Nib"},{"floor":24,"key":"Oddly Smooth Stone"},{"floor":25,"key":"hexamod:BolsterEngine"},{"floor":29,"key":"War Paint"},{"floor":30,"key":"Bottled Tornado"},{"floor":31,"key":"Happy Flower"},{"floor":32,"key":"bronze:BronzeIdol"},{"floor":36,"key":"Akabeko"},{"floor":39,"key":"Gremlin Horn"},{"floor":40,"key":"Calipers"},{"floor":40,"key":"Potion Belt"},{"floor":41,"key":"Smiling Mask"},{"floor":42,"key":"Whetstone"},{"floor":42,"key":"MawBank"},{"floor":43,"key":"Lantern"},{"floor":44,"key":"Torii"},{"floor":44,"key":"The Courier"},{"floor":45,"key":"Toxic Egg 2"},{"floor":45,"key":"Ancient Tea Set"},{"floor":46,"key":"Guardian:PocketSentry"},{"floor":46,"key":"Slimebound:AggressiveSlimeRelic"},{"floor":47,"key":"Ginger"},{"floor":47,"key":"CeramicFish"},{"floor":48,"key":"Bottled Flame"},{"floor":48,"key":"Centennial Puzzle"},{"floor":52,"key":"sneckomod:BlankCard"},{"floor":52,"key":"PreservedInsect"}],"event_choices":[{"damage_healed":0,"gold_gain":0,"player_choice":"Success","damage_taken":18,"relics_obtained":["White Beast Statue"],"max_hp_gain":0,"max_hp_loss":0,"event_name":"Scrap Ooze","floor":5,"gold_loss":0}],"is_beta":false,"boss_relics":[{"not_picked":["expansioncontent:StudyCardRelic","Velvet Choker"],"picked":"Busted Crown"},{"not_picked":["sneckomod:SneckoTalon","Runic Pyramid"],"picked":"Black Star"}],"items_purged_floors":[],"is_endless":false,"potions_floor_spawned":[4,8,9,11,12,13,14,15,16,19,20,22,23,25,29,31,32,33,36,40,42,43,44,45,46,47,48,52],"killed_by":"downfall:NeowBossFinal","ascension_level":1}}