{"host":"jv6ql3rcplqr94ru","time":1611444046,"event":{"mods":["AchievementEnabler","Act Like it!","BaseMod","Colored Map","Downfall","Hermit","Lobotomy","Minty Spire (QoL Compilation)","Rare Cards Sparkle","Robot Space Explorer","StSLib","The Poker Player","everything is the same but u backflip on backflip","slay the spire mod where everything is the same but ironclad has a cowboy hat"],"gold_per_floor":[113,113,126,139,139,139,149,149,149,149,161,161,176,195,195,195,195],"floor_reached":16,"language":"ENG","playtime":817,"items_purged":[],"score":94,"play_id":"59f5f41a-4db2-400f-b028-e0e1e6d631ec","local_time":"20210124002046","is_ascension_mode":false,"campfire_choices":[{"floor":6,"key":"REST"},{"data":"Finisher","floor":8,"key":"SMITH"},{"floor":10,"key":"REST"},{"floor":15,"key":"REST"}],"circlet_count":0,"master_deck":["Strike_G","Strike_G","Strike_G","Strike_G","Strike_G","Defend_G","Defend_G","Defend_G","Defend_G","Defend_G","Survivor","Neutralize+1","Finisher+1","MeatLantern","ShyLook","OldLady","BlackArmy"],"relics":["Ring of the Snake","CogitoBucket","Kunai","TreeSap"],"acts_visited":["Exordium"],"potions_floor_usage":[],"damage_taken":[{"damage":0,"enemies":"Jaw Worm","floor":1,"turns":3},{"damage":50,"enemies":"Cultist","floor":3,"turns":3},{"damage":0,"enemies":"Small Slimes","floor":4,"turns":4},{"damage":0,"enemies":"Looter","floor":7,"turns":3},{"damage":0,"enemies":"Exordium Wildlife","floor":11,"turns":3},{"damage":1,"enemies":"Large Slime","floor":13,"turns":7},{"damage":56,"enemies":"2 Fungi Beasts","floor":14,"turns":3},{"damage":42,"enemies":"Slime Boss","floor":16,"turns":13}],"seed_played":"-4314286407851915162","potions_obtained":[{"floor":1,"key":"DistilledChaos"},{"floor":7,"key":"champ:CounterPotion"},{"floor":11,"key":"EssenceOfSteel"}],"is_trial":false,"path_per_floor":["M","?","M","M","$","R","M","R","T","R","M","?","M","M","R","B"],"character_chosen":"THE_SILENT","items_purchased":[],"campfire_rested":3,"item_purchase_floors":[],"current_hp_per_floor":[70,63,13,13,13,34,34,34,34,55,55,55,60,4,25,0,0],"gold":195,"neow_bonus":"","is_daily":false,"chose_seed":false,"campfire_upgraded":1,"win_rate":0.0,"timestamp":1611444046,"path_taken":["M","?","M","M","?","R","M","R","T","R","M","?","M","?","R","BOSS"],"items_purchased_type":[],"build_version":"2020-12-22","purchased_purges":0,"victory":false,"max_hp_per_floor":[70,70,70,70,70,70,70,70,70,70,70,70,70,70,70,70,70],"card_choices":[{"not_picked":["Expertise","Sucker Punch"],"picked":"Finisher","floor":1},{"not_picked":["OSAHOGD","FairyFestival"],"picked":"MeatLantern","floor":1},{"not_picked":["CherryBlossoms","BeautyBeast"],"picked":"ShyLook","floor":3},{"not_picked":["Dagger Spray","Slice","Blade Dance"],"picked":"SKIP","floor":3},{"not_picked":["Wellcheers","SpiderBud"],"picked":"OldLady","floor":4},{"not_picked":["Flying Knee","Noxious Fumes","Blur"],"picked":"SKIP","floor":4},{"not_picked":["Flying Knee","Noxious Fumes","Blur"],"picked":"SKIP","floor":4},{"not_picked":["PunishingBird","UniverseFragment"],"picked":"BlackArmy","floor":7},{"not_picked":["Doppelganger","Slice","Predator"],"picked":"SKIP","floor":7},{"not_picked":["Doppelganger","Slice","Predator"],"picked":"SKIP","floor":7},{"not_picked":["Prepared","Well Laid Plans","Cloak And Dagger"],"picked":"SKIP","floor":11},{"not_picked":["Blade Dance","Outmaneuver","Sucker Punch"],"picked":"SKIP","floor":13},{"not_picked":["Slice","Eviscerate","Dagger Spray"],"picked":"SKIP","floor":14},{"not_picked":["Slice","Eviscerate","Dagger Spray"],"picked":"SKIP","floor":14}],"player_experience":355919,"relics_obtained":[{"floor":9,"key":"Kunai"}],"event_choices":[{"damage_healed":0,"gold_gain":0,"player_choice":"Damaged","damage_taken":7,"max_hp_gain":0,"max_hp_loss":0,"event_name":"Wheel of Change","floor":2,"gold_loss":0},{"damage_healed":0,"gold_gain":0,"player_choice":"Grow","damage_taken":0,"max_hp_gain":0,"max_hp_loss":0,"event_name":"Living Wall","floor":12,"gold_loss":0,"cards_upgraded":["Neutralize"]}],"is_beta":false,"boss_relics":[],"items_purged_floors":[],"is_endless":false,"potions_floor_spawned":[1,7,11],"killed_by":"Slime Boss","ascension_level":0}}