{"host":"qsusua7l529r8z9k","time":1611395052,"event":{"mods":["Aspiration","BaseMod","Minty Spire (QoL Compilation)","Spicy Shops","StSLib"],"gold_per_floor":[110,127,145,145,156,156,185,196,196,196,206,235,235,269,269,269,269],"floor_reached":16,"language":"ZHS","playtime":527,"items_purged":[],"score":226,"play_id":"a0f3efc5-bccc-4b79-9514-6d02a9a30ebc","local_time":"20210123174412","is_ascension_mode":true,"campfire_choices":[{"data":"Blade Dance","floor":6.0,"key":"SMITH"},{"floor":10.0,"key":"REST"},{"floor":13.0,"key":"REST"},{"floor":15,"key":"REST"}],"circlet_count":0,"master_deck":["AscendersBane","Strike_G+1","Strike_G","Strike_G","Strike_G","Strike_G+1","Defend_G","Defend_G","Defend_G","Defend_G","Defend_G","Survivor","Neutralize","Calculated Gamble","Underhanded Strike","Blade Dance+1","Unload","Cloak And Dagger","Acrobatics","Backflip","PiercingWail"],"relics":["Ring of the Snake","Incense Burner","Whetstone","Blood Vial","Ginger","Bag of Preparation"],"acts_visited":["Exordium"],"potions_floor_usage":[],"damage_taken":[{"damage":3.0,"enemies":"2 Louse","floor":1.0,"turns":3.0},{"damage":0.0,"enemies":"Cultist","floor":2.0,"turns":4.0},{"damage":0.0,"enemies":"Jaw Worm","floor":3.0,"turns":4.0},{"damage":7.0,"enemies":"Large Slime","floor":5.0,"turns":5.0},{"damage":10.0,"enemies":"3 Sentries","floor":7.0,"turns":9.0},{"damage":3.0,"enemies":"3 Louse","floor":8.0,"turns":3.0},{"damage":0.0,"enemies":"Blue Slaver","floor":11.0,"turns":3.0},{"damage":20.0,"enemies":"Lagavulin","floor":12.0,"turns":6.0},{"damage":34,"enemies":"Gremlin Nob","floor":14,"turns":4},{"damage":30,"enemies":"Slime Boss","floor":16,"turns":5}],"seed_played":"5124523480877405686","potions_obtained":[{"floor":2.0,"key":"AttackPotion"},{"floor":3.0,"key":"SpeedPotion"},{"floor":5.0,"key":"EssenceOfSteel"},{"floor":7.0,"key":"Poison Potion"}],"is_trial":false,"path_per_floor":["M","M","M","?","M","R","E","M","T","R","M","E","R","E","R","B"],"character_chosen":"THE_SILENT","items_purchased":[],"campfire_rested":3,"item_purchase_floors":[],"current_hp_per_floor":[41,41,41,32,25,25,15,12,12,31,33,15,34,2,21,0,0],"gold":269,"neow_bonus":"ONE_RARE_RELIC","is_daily":false,"chose_seed":false,"campfire_upgraded":1,"win_rate":0.0,"timestamp":1611395052,"path_taken":["M","M","M","?","?","R","E","M","T","R","M","E","R","E","R","BOSS"],"items_purchased_type":[],"build_version":"2020-12-22","purchased_purges":0,"victory":false,"max_hp_per_floor":[66,66,66,66,66,66,66,66,66,66,66,66,66,66,66,66,66],"card_choices":[{"not_picked":["Flying Knee","Flechettes"],"picked":"Calculated Gamble","floor":1.0},{"not_picked":["Slice","Distraction"],"picked":"Underhanded Strike","floor":2.0},{"not_picked":["Bane","Underhanded Strike","Leg Sweep"],"picked":"SKIP","floor":3.0},{"not_picked":["Bane","Underhanded Strike","Leg Sweep"],"picked":"SKIP","floor":3.0},{"not_picked":["Footwork","Backstab"],"picked":"Blade Dance","floor":5.0},{"not_picked":["Sucker Punch","Setup"],"picked":"Unload","floor":7.0},{"not_picked":["Underhanded Strike","Deflect"],"picked":"Cloak And Dagger","floor":8.0},{"not_picked":["Backflip","Caltrops"],"picked":"Acrobatics","floor":11.0},{"not_picked":["Concentrate","Dagger Spray"],"picked":"Backflip","floor":12.0},{"not_picked":["Catalyst","Dodge and Roll"],"picked":"PiercingWail","floor":14}],"player_experience":479969,"relics_obtained":[{"floor":7.0,"key":"Whetstone"},{"floor":9.0,"key":"Blood Vial"},{"floor":12.0,"key":"Ginger"},{"floor":14,"key":"Bag of Preparation"}],"event_choices":[{"damage_healed":0.0,"max_hp_gain":0.0,"max_hp_loss":0.0,"gold_gain":0.0,"event_name":"Wheel of Change","player_choice":"Damaged","floor":4.0,"gold_loss":0.0,"damage_taken":9.0}],"is_beta":false,"boss_relics":[],"items_purged_floors":[],"is_endless":false,"potions_floor_spawned":[2,3,5,7],"killed_by":"Slime Boss","ascension_level":17}}