{"host":"ordk2y2ebcetabk6","time":1611432993,"event":{"mods":["AlwaysNeverKeys","Astrologer","Bard","BaseMod","Better Debug","Colored Map","Colored Powertips","Dark Map","Hermit","Highlight Path","Minty Spire (QoL Compilation)","Permanent Neow","Rare Cards Sparkle","Spire Arcade","StSLib","The Hydrologist","Wide Potions"],"gold_per_floor":[118,118,43,68,89,89,113,113,138,176,191,191,191,191,191,320,320,343,343,343,18,38,38,66,81,81,81,97,123,123,135,135,231,231,241,250,250,250,267,267,142,142,189,189,39,65,65,65,74,74],"floor_reached":51,"language":"ENG","playtime":1101,"items_purged":["Strike_P","Strike_P","Strike_P+1","BattleHymn+1"],"score":866,"play_id":"042b880d-ec16-4925-94f8-d87e0b8120a2","local_time":"20210123131633","is_ascension_mode":false,"campfire_choices":[{"data":"BattleHymn","floor":6,"key":"SMITH"},{"data":"BattleHymn","floor":8,"key":"SMITH"},{"data":"Blasphemy","floor":12,"key":"SMITH"},{"data":"WindmillStrike","floor":15,"key":"SMITH"},{"data":"SandsOfTime","floor":23,"key":"SMITH"},{"data":"Alpha","floor":27,"key":"SMITH"},{"data":"Perseverance","floor":30,"key":"SMITH"},{"data":"Eruption","floor":32,"key":"SMITH"},{"data":"Deep Breath","floor":40,"key":"SMITH"},{"data":"Vigilance","floor":44,"key":"SMITH"},{"floor":49,"key":"REST"}],"circlet_count":0,"master_deck":["Defend_P","Defend_P+1","Defend_P","Defend_P","Vigilance+1","BattleHymn+1","Protect+1","Blasphemy+1","WindmillStrike+1","Alpha+1","SandsOfTime+1","Perseverance+1","Deep Breath+1","DeceiveReality"],"relics":["PureWater","Bloody Idol","Dream Catcher","Strawberry","Orichalcum","Sozu","Omamori","CeramicFish","Nunchaku","Runic Dome","Akabeko","Anchor","HornCleat"],"acts_visited":["Exordium","TheCity","TheBeyond"],"potions_floor_usage":[24,29],"damage_taken":[{"damage":0,"enemies":"Cultist","floor":1,"turns":4},{"damage":3,"enemies":"2 Louse","floor":4,"turns":2},{"damage":7,"enemies":"Small Slimes","floor":5,"turns":4},{"damage":3,"enemies":"3 Louse","floor":7,"turns":4},{"damage":2,"enemies":"3 Sentries","floor":10,"turns":4},{"damage":8,"enemies":"Red Slaver","floor":11,"turns":2},{"damage":0,"enemies":"Slime Boss","floor":16,"turns":3},{"damage":9,"enemies":"3 Byrds","floor":18,"turns":4},{"damage":6,"enemies":"Chosen","floor":22,"turns":4},{"damage":28,"enemies":"Slavers","floor":24,"turns":3},{"damage":6,"enemies":"Centurion and Healer","floor":25,"turns":3},{"damage":0,"enemies":"Sentry and Sphere","floor":28,"turns":3},{"damage":11,"enemies":"Cultist and Chosen","floor":29,"turns":4},{"damage":0,"enemies":"Snecko","floor":31,"turns":4},{"damage":19,"enemies":"Collector","floor":33,"turns":6},{"damage":6,"enemies":"Orb Walker","floor":35,"turns":4},{"damage":21,"enemies":"3 Darklings","floor":39,"turns":4},{"damage":12,"enemies":"Nemesis","floor":46,"turns":3},{"damage":22,"enemies":"Donu and Deca","floor":50,"turns":8}],"seed_played":"5662150421774030987","potions_obtained":[{"floor":4,"key":"DistilledChaos"},{"floor":5,"key":"DuplicationPotion"}],"is_trial":false,"path_per_floor":["M","?","$","M","M","R","M","R","T","E","M","R","?","?","R","B",null,"M","?","?","$","M","R","E","M","T","R","M","M","R","M","R","B",null,"M","?","?","?","M","R","$","?","T","R","$","E","T","?","R","B",null],"character_chosen":"WATCHER","items_purchased":["SandsOfTime","Omamori"],"campfire_rested":1,"item_purchase_floors":[21,21],"current_hp_per_floor":[72,67,67,64,57,57,54,54,54,59,51,51,36,33,33,33,74,65,65,65,65,64,64,41,40,40,40,45,44,44,49,49,35,74,73,74,74,74,58,58,58,58,63,63,63,56,56,56,74,52],"gold":74,"neow_bonus":"REMOVE_CARD","is_daily":false,"chose_seed":false,"campfire_upgraded":10,"win_rate":0.0,"timestamp":1611432993,"path_taken":["M","?","$","M","M","R","M","R","T","E","M","R","?","?","R","BOSS","M","?","?","$","M","R","E","M","T","R","M","?","R","M","R","BOSS","M","?","?","?","?","R","$","?","T","R","$","E","?","?","R","BOSS"],"items_purchased_type":["Card","Relic"],"build_version":"2020-12-22","purchased_purges":4,"victory":true,"max_hp_per_floor":[72,67,67,67,67,67,67,67,67,74,74,74,74,74,74,74,74,74,74,74,74,74,74,74,74,74,74,74,74,74,74,74,74,74,74,74,74,74,74,74,74,74,74,74,74,74,74,74,74,74],"card_choices":[{"not_picked":["BowlingBash","Tantrum"],"picked":"BattleHymn","floor":1},{"not_picked":["Adaptation","CrushJoints","ClearTheMind"],"picked":"SKIP","floor":4},{"not_picked":["Evaluate","Crescendo"],"picked":"BattleHymn","floor":5},{"not_picked":["Protect","ThirdEye","CutThroughFate"],"picked":"SKIP","floor":7},{"not_picked":["ThirdEye","CutThroughFate"],"picked":"Protect","floor":7},{"not_picked":["Consecrate","ClearTheMind"],"picked":"Blasphemy","floor":10},{"not_picked":["SashWhip","EmptyFist"],"picked":"WindmillStrike","floor":11},{"not_picked":["LessonLearned","Judgement"],"picked":"Alpha","floor":16},{"not_picked":["CrushJoints","Crescendo","Worship"],"picked":"SKIP","floor":18},{"not_picked":["Consecrate","Prostrate","PathToVictory+1"],"picked":"SKIP","floor":22},{"not_picked":["EmptyBody+1","WreathOfFlame+1","FlyingSleeves"],"picked":"SKIP","floor":24},{"not_picked":["WreathOfFlame","WindmillStrike","InnerPeace"],"picked":"SKIP","floor":25},{"not_picked":["Crescendo","Meditate","Protect"],"picked":"SKIP","floor":28},{"not_picked":["Adaptation","JustLucky+1"],"picked":"Perseverance","floor":29},{"not_picked":["Judgement","Meditate+1","Protect"],"picked":"SKIP","floor":31},{"not_picked":["Evaluate+1","EmptyBody+1","Collect"],"picked":"SKIP","floor":35},{"not_picked":["Panache","PanicButton"],"picked":"Deep Breath","floor":36},{"not_picked":["Halt+1","Wireheading","Consecrate"],"picked":"SKIP","floor":39},{"not_picked":["PathToVictory+1","FollowUp+1","LessonLearned"],"picked":"SKIP","floor":46},{"not_picked":["Halt+1","FollowUp"],"picked":"DeceiveReality","floor":49}],"player_experience":1054453,"relics_obtained":[{"floor":9,"key":"Dream Catcher"},{"floor":10,"key":"Strawberry"},{"floor":24,"key":"CeramicFish"},{"floor":26,"key":"Nunchaku"},{"floor":43,"key":"Akabeko"},{"floor":46,"key":"Anchor"},{"floor":47,"key":"HornCleat"}],"event_choices":[{"damage_healed":0,"gold_gain":0,"player_choice":"Lose Max HP","damage_taken":0,"relics_obtained":["Golden Idol"],"max_hp_gain":0,"max_hp_loss":5,"event_name":"Golden Idol","floor":2,"gold_loss":0},{"damage_healed":0,"gold_gain":0,"player_choice":"Entered Light","damage_taken":15,"max_hp_gain":0,"max_hp_loss":0,"event_name":"Shining Light","floor":13,"gold_loss":0,"cards_upgraded":["Strike_P","Defend_P"]},{"damage_healed":0,"gold_gain":0,"player_choice":"Success","damage_taken":3,"relics_obtained":["Orichalcum"],"max_hp_gain":0,"max_hp_loss":0,"event_name":"Scrap Ooze","floor":14,"gold_loss":0},{"damage_healed":0,"gold_gain":0,"player_choice":"Gave Idol","damage_taken":0,"relics_obtained":["Bloody Idol"],"max_hp_gain":0,"max_hp_loss":0,"event_name":"Forgotten Altar","floor":19,"relics_lost":["Golden Idol"],"gold_loss":0},{"damage_healed":0,"gold_gain":0,"player_choice":"Forge","damage_taken":0,"max_hp_gain":0,"max_hp_loss":0,"event_name":"Accursed Blacksmith","floor":20,"gold_loss":0,"cards_upgraded":["Protect"]},{"damage_healed":0,"gold_gain":0,"player_choice":"Memory 1","damage_taken":0,"max_hp_gain":0,"max_hp_loss":0,"event_name":"SensoryStone","floor":36,"gold_loss":0},{"damage_healed":0,"gold_gain":0,"player_choice":"Ignored","damage_taken":0,"max_hp_gain":0,"max_hp_loss":0,"event_name":"Mysterious Sphere","floor":37,"gold_loss":0},{"damage_healed":0,"gold_gain":0,"player_choice":"Bought 0 Potions","damage_taken":0,"max_hp_gain":0,"max_hp_loss":0,"event_name":"The Woman in Blue","floor":38,"gold_loss":0},{"damage_healed":0,"gold_gain":0,"player_choice":"Ignored","damage_taken":0,"max_hp_gain":0,"max_hp_loss":0,"event_name":"Tomb of Lord Red Mask","floor":42,"gold_loss":0},{"cards_removed":["Eruption"],"damage_healed":0,"gold_gain":0,"player_choice":"Removed Attack","damage_taken":0,"max_hp_gain":0,"max_hp_loss":0,"event_name":"Falling","floor":48,"gold_loss":0}],"is_beta":false,"boss_relics":[{"not_picked":["Ectoplasm","Empty Cage"],"picked":"Sozu"},{"not_picked":["Tiny House","Astrolabe"],"picked":"Runic Dome"}],"items_purged_floors":[3,21,41,45],"is_endless":false,"potions_floor_spawned":[4,5,11,25,31,46],"ascension_level":0}}