{"host":"qy1e0kd24tpj3i2m","time":1611429046,"event":{"mods":["Act Like it!","Alarm Clock","BaseMod","Better Skull","Better Vampires","Colored Map","Colored Powertips","Custom Start","Faster Ascension Climbing","Friendly Minions","GifTheSpireLib","Gremlin Skip","Highlight Path","Minty Spire (QoL Compilation)","Permanent Neow","Poor People Problems","Quick Restart","Red Circlet Mod","Relic Sorter","Reorder Act Four","SacredBarkPlus","Shop Mod","StSLib","SuperFastMode","Transform Curses","没有小屋子和绿帽子啦"],"gold_per_floor":[116,191,191,116,16,16,16,46,46,79,90,113,131,148,148,148,148],"floor_reached":16,"language":"ZHS","playtime":278,"items_purged":["Regret","Clumsy"],"score":216,"play_id":"928db9aa-79f6-4c45-be68-0d9021f39815","local_time":"20210124041046","is_ascension_mode":true,"campfire_choices":[{"data":"Rampage","floor":7.0,"key":"SMITH"},{"data":"Demon Form","floor":15.0,"key":"SMITH"}],"circlet_count":0,"master_deck":["AscendersBane","Strike_R","Strike_R","Strike_R","Strike_R","Defend_R","Defend_R","Defend_R","Demon Form+1","Rampage+1","Shrug It Off","Whirlwind","Sword Boomerang","Impervious","Dark Embrace","True Grit"],"relics":["Burning Blood","Art of War","Bronze Scales","Omamori","Lantern"],"acts_visited":["Exordium"],"potions_floor_usage":[],"damage_taken":[{"damage":6.0,"enemies":"Small Slimes","floor":1.0,"turns":5.0},{"damage":32.0,"enemies":"Gremlin Nob","floor":8.0,"turns":4.0},{"damage":30.0,"enemies":"3 Sentries","floor":10.0,"turns":5.0},{"damage":4.0,"enemies":"Jaw Worm","floor":11.0,"turns":3.0},{"damage":0.0,"enemies":"2 Louse","floor":13.0,"turns":2.0},{"damage":5.0,"enemies":"Blue Slaver","floor":14.0,"turns":3.0},{"damage":19,"enemies":"The Guardian","floor":16,"turns":2}],"seed_played":"-6670270726169697467","potions_obtained":[{"floor":8.0,"key":"Weak Potion"},{"floor":10.0,"key":"Explosive Potion"},{"floor":13.0,"key":"FearPotion"}],"is_trial":false,"path_per_floor":["M","?","?","$","$","?","R","E","T","E","M","T","M","M","R","B"],"character_chosen":"IRONCLAD","items_purchased":[],"campfire_rested":0,"item_purchase_floors":[],"current_hp_per_floor":[68,57,57,57,57,57,57,31,31,7,9,9,15,16,16,0,0],"gold":148,"neow_bonus":"TRANSFORM_TWO_CARDS","is_daily":false,"chose_seed":false,"campfire_upgraded":2,"win_rate":0.0,"timestamp":1611429046,"path_taken":["M","?","?","?","$","?","R","E","T","E","?","?","M","M","R","BOSS"],"items_purchased_type":[],"build_version":"2020-12-22","purchased_purges":2,"victory":false,"max_hp_per_floor":[75,75,75,75,75,75,75,75,75,75,75,75,75,75,75,75,75],"card_choices":[{"not_picked":["Warcry","Thunderclap"],"picked":"Shrug It Off","floor":1.0},{"not_picked":["Cleave","Sword Boomerang"],"picked":"Whirlwind","floor":8.0},{"not_picked":["Searing Blow","Whirlwind"],"picked":"Sword Boomerang","floor":10.0},{"not_picked":["Pommel Strike","Iron Wave"],"picked":"Impervious","floor":11.0},{"not_picked":["Thunderclap","Warcry"],"picked":"Dark Embrace","floor":13.0},{"not_picked":["Blood for Blood","Shrug It Off"],"picked":"True Grit","floor":14.0}],"player_experience":922425,"relics_obtained":[{"floor":8.0,"key":"Bronze Scales"},{"floor":10.0,"key":"Omamori"},{"floor":12.0,"key":"Lantern"}],"event_choices":[{"damage_healed":0.0,"max_hp_gain":0.0,"max_hp_loss":0.0,"gold_gain":75.0,"event_name":"World of Goop","player_choice":"Gather Gold","floor":2.0,"gold_loss":0.0,"damage_taken":11.0},{"damage_healed":0.0,"max_hp_gain":0.0,"max_hp_loss":0.0,"gold_gain":0.0,"event_name":"Big Fish","player_choice":"Box","floor":3.0,"gold_loss":0.0,"damage_taken":0.0,"relics_obtained":["Art of War"],"cards_obtained":["Regret"]},{"cards_removed":["Strike_R"],"damage_healed":0.0,"max_hp_gain":0.0,"max_hp_loss":0.0,"gold_gain":0.0,"event_name":"Living Wall","player_choice":"Forget","floor":6.0,"gold_loss":0.0,"damage_taken":0.0}],"is_beta":false,"boss_relics":[],"items_purged_floors":[4,5],"is_endless":false,"potions_floor_spawned":[8,10,13],"killed_by":"The Guardian","ascension_level":20}}