{"host":"qekv59dthhdg54sz","time":1611375001,"event":{"mods":["AchievementEnabler","BaseMod","Colored Map","DeckTracker","KOR Keyword Fix","Minty Spire (QoL Compilation)","Rare Cards Sparkle","StSLib","SuperFastMode"],"gold_per_floor":[116,41,41,41,41,74,92,92,92,92,109,109,129,145,145,216,216,231,231,231,207,221,221,221,221,221,42,59,59,59],"floor_reached":29,"language":"KOR","playtime":613,"items_purged":["Strike_G","Decay"],"score":496,"play_id":"a0018e99-1a18-47b6-9714-8679af776a81","local_time":"20210123131001","is_ascension_mode":true,"campfire_choices":[{"data":"Reflex","floor":8.0,"key":"SMITH"},{"data":"Dagger Throw","floor":10.0,"key":"SMITH"},{"floor":15.0,"key":"REST"},{"data":"Acrobatics","floor":23,"key":"SMITH"},{"floor":25,"key":"REST"}],"circlet_count":0,"master_deck":["AscendersBane","Strike_G+1","Strike_G+1","Strike_G+1","Defend_G+1","Defend_G+1","Defend_G+1","Defend_G+1","Survivor","Neutralize","Dagger Throw+1","Reflex+1","Deadly Poison+1","Acrobatics+1","Flying Knee","Die Die Die","Concentrate"],"relics":["Ring of the Snake","NeowsBlessing","Unceasing Top","White Beast Statue","FossilizedHelix","HoveringKite","Calipers"],"acts_visited":["Exordium","TheCity"],"potions_floor_usage":[21],"damage_taken":[{"damage":0.0,"enemies":"Jaw Worm","floor":1.0,"turns":1.0},{"damage":0.0,"enemies":"Lagavulin","floor":6.0,"turns":1.0},{"damage":0.0,"enemies":"Small Slimes","floor":7.0,"turns":1.0},{"damage":0.0,"enemies":"Cultist","floor":11.0,"turns":4.0},{"damage":8.0,"enemies":"Blue Slaver","floor":13.0,"turns":3.0},{"damage":19.0,"enemies":"Large Slime","floor":14.0,"turns":6.0},{"damage":39.0,"enemies":"The Guardian","floor":16.0,"turns":11.0},{"damage":21.0,"enemies":"Spheric Guardian","floor":18.0,"turns":7.0},{"damage":0,"enemies":"2 Thieves","floor":21,"turns":4},{"damage":24,"enemies":"3 Cultists","floor":22,"turns":6},{"damage":40,"enemies":"Shelled Parasite and Fungi","floor":28,"turns":8}],"seed_played":"8683828057812275938","potions_obtained":[{"floor":1.0,"key":"BlessingOfTheForge"},{"floor":6.0,"key":"Weak Potion"},{"floor":14.0,"key":"SteroidPotion"},{"floor":16.0,"key":"Swift Potion"},{"floor":18,"key":"Block Potion"},{"floor":21,"key":"FairyPotion"},{"floor":28,"key":"DuplicationPotion"}],"is_trial":false,"path_per_floor":["M","$","?","$","?","E","M","R","T","R","M","?","M","M","R","B",null,"M","?","?","M","M","R","?","R","T","$","M","$"],"character_chosen":"THE_SILENT","items_purchased":["Concentrate"],"campfire_rested":2,"item_purchase_floors":[27],"current_hp_per_floor":[59,59,54,54,54,54,54,54,54,54,54,54,46,27,46,7,51,30,30,30,30,6,6,6,25,25,25,4,4,4],"gold":59,"neow_bonus":"THREE_ENEMY_KILL","is_daily":false,"chose_seed":false,"campfire_upgraded":3,"win_rate":0.0,"timestamp":1611375001,"path_taken":["M","$","?","?","?","E","M","R","T","R","?","?","M","M","R","BOSS","M","?","?","?","M","R","?","R","T","$","M","$"],"items_purchased_type":["Card"],"build_version":"2020-12-22","purchased_purges":2,"victory":false,"max_hp_per_floor":[66,66,66,66,66,66,66,66,66,66,66,66,66,66,66,66,66,66,66,66,66,66,66,66,66,66,66,66,66,66],"card_choices":[{"not_picked":["Distraction","PiercingWail","Underhanded Strike"],"picked":"SKIP","floor":1.0},{"not_picked":["Distraction","Expertise"],"picked":"Dagger Throw","floor":6.0},{"not_picked":["Endless Agony","All Out Attack"],"picked":"Reflex","floor":7.0},{"not_picked":["Prepared","Deflect"],"picked":"Deadly Poison","floor":11.0},{"not_picked":["Blade Dance","Bouncing Flask"],"picked":"Acrobatics","floor":13.0},{"not_picked":["All Out Attack","Dagger Throw"],"picked":"Flying Knee","floor":14.0},{"not_picked":["Tools of the Trade","A Thousand Cuts"],"picked":"Die Die Die","floor":16.0},{"not_picked":["Dodge and Roll","Endless Agony","Acrobatics"],"picked":"SKIP","floor":18},{"not_picked":["Quick Slash","Deadly Poison","Unload"],"picked":"SKIP","floor":21},{"not_picked":["Dodge and Roll","Noxious Fumes","Heel Hook"],"picked":"SKIP","floor":22},{"not_picked":["Dagger Spray+1","Endless Agony","All Out Attack"],"picked":"SKIP","floor":28}],"player_experience":810463,"relics_obtained":[{"floor":6.0,"key":"White Beast Statue"},{"floor":9.0,"key":"FossilizedHelix"},{"floor":26,"key":"Calipers"}],"event_choices":[{"damage_healed":0.0,"max_hp_gain":0.0,"max_hp_loss":0.0,"gold_gain":0.0,"event_name":"Scrap Ooze","player_choice":"Success","floor":3.0,"gold_loss":0.0,"damage_taken":5.0,"relics_obtained":["Unceasing Top"]},{"cards_removed":["Defend_G"],"damage_healed":0.0,"max_hp_gain":0.0,"max_hp_loss":0.0,"gold_gain":0.0,"event_name":"Bonfire Elementals","player_choice":"Offered Basic","floor":5.0,"gold_loss":0.0,"damage_taken":0.0},{"damage_healed":0.0,"max_hp_gain":0.0,"max_hp_loss":0.0,"gold_gain":0.0,"event_name":"Living Wall","player_choice":"Grow","floor":12.0,"gold_loss":0.0,"damage_taken":0.0,"cards_upgraded":["Deadly Poison"]},{"damage_healed":0,"gold_gain":0,"player_choice":"Simplicity","damage_taken":0,"max_hp_gain":0,"max_hp_loss":0,"event_name":"Back to Basics","floor":19,"gold_loss":0,"cards_upgraded":["Strike_G","Strike_G","Strike_G","Strike_G","Defend_G","Defend_G","Defend_G","Defend_G"]},{"cards_removed":["Strike_G"],"damage_healed":0,"gold_gain":0,"player_choice":"Purged","damage_taken":0,"max_hp_gain":0,"max_hp_loss":0,"event_name":"Purifier","floor":20,"gold_loss":0},{"damage_healed":0,"gold_gain":0,"player_choice":"Smashed Altar","damage_taken":0,"max_hp_gain":0,"max_hp_loss":0,"event_name":"Forgotten Altar","floor":24,"gold_loss":0,"cards_obtained":["Decay"]}],"is_beta":false,"boss_relics":[{"not_picked":["Sozu","Calling Bell"],"picked":"HoveringKite"}],"items_purged_floors":[2,27],"is_endless":false,"potions_floor_spawned":[1,6,7,11,13,14,16,18,21,22,28],"ascension_level":20}}