{"host":"h3bgw7p7cb1roykn","time":1611443713,"event":{"mods":["AchievementEnabler","BaseMod","Colored Map","Minty Spire (QoL Compilation)","StSLib"],"gold_per_floor":[115,115,135,159,182,218,236,236,236,236,250,285,301,321,321,447,447,462,477,477,101,121,121,155,155,209,247,247,270,303,228,228,359,359,380,380,395,136,152,152,152,152],"floor_reached":41,"language":"ENG","playtime":1361,"items_purged":["Compile Driver"],"score":541,"play_id":"03bc5af3-c619-41b0-a0f8-b1328b755863","local_time":"20210124001513","is_ascension_mode":true,"campfire_choices":[{"floor":8.0,"key":"REST"},{"floor":10.0,"key":"REST"},{"floor":15.0,"key":"REST"},{"floor":23.0,"key":"REST"},{"floor":25.0,"key":"REST"},{"floor":28.0,"key":"REST"},{"floor":32.0,"key":"REST"},{"floor":40.0,"key":"REST"}],"circlet_count":0,"master_deck":["Zap","Dualcast","Gash","Streamline","Hologram","Gash","Coolheaded","Scrape+1","Conserve Battery","Scrape+1","Rebound","All For One","Turbo","Chill","White Noise","Sweeping Beam+1","Leap+1"],"relics":["Cracked Core","Golden Idol","Vajra","Mummified Hand","Bottled Flame","Pandora\u0027s Box","MutagenicStrength","Bronze Scales","Whetstone","Ice Cream","Art of War","Regal Pillow","Empty Cage","Kunai"],"acts_visited":["Exordium","TheCity","TheBeyond"],"potions_floor_usage":[],"damage_taken":[{"damage":0.0,"enemies":"Small Slimes","floor":1.0,"turns":2.0},{"damage":6.0,"enemies":"Jaw Worm","floor":3.0,"turns":3.0},{"damage":0.0,"enemies":"2 Louse","floor":4.0,"turns":2.0},{"damage":3.0,"enemies":"Red Slaver","floor":5.0,"turns":4.0},{"damage":27.0,"enemies":"3 Sentries","floor":6.0,"turns":7.0},{"damage":14.0,"enemies":"3 Louse","floor":7.0,"turns":3.0},{"damage":1.0,"enemies":"Exordium Wildlife","floor":11.0,"turns":2.0},{"damage":17.0,"enemies":"Lagavulin","floor":12.0,"turns":5.0},{"damage":8.0,"enemies":"Lots of Slimes","floor":13.0,"turns":3.0},{"damage":0.0,"enemies":"3 Louse","floor":14.0,"turns":3.0},{"damage":0.0,"enemies":"Slime Boss","floor":16.0,"turns":6.0},{"damage":20.0,"enemies":"Shell Parasite","floor":18.0,"turns":4.0},{"damage":20.0,"enemies":"2 Thieves","floor":19.0,"turns":2.0},{"damage":0.0,"enemies":"Centurion and Healer","floor":22.0,"turns":2.0},{"damage":20.0,"enemies":"Gremlin Leader","floor":24.0,"turns":5.0},{"damage":25.0,"enemies":"Book of Stabbing","floor":27.0,"turns":4.0},{"damage":4.0,"enemies":"Shelled Parasite and Fungi","floor":29.0,"turns":3.0},{"damage":25.0,"enemies":"Slavers","floor":30.0,"turns":3.0},{"damage":54.0,"enemies":"Collector","floor":33.0,"turns":7.0},{"damage":45.0,"enemies":"3 Shapes","floor":35.0,"turns":3.0},{"damage":1.0,"enemies":"Orb Walker","floor":37.0,"turns":2.0},{"damage":0.0,"enemies":"Transient","floor":39.0,"turns":5.0},{"damage":75,"enemies":"Nemesis","floor":41,"turns":4}],"seed_played":"6216258700068325771","potions_obtained":[{"floor":5.0,"key":"Energy Potion"},{"floor":6.0,"key":"PowerPotion"},{"floor":12.0,"key":"CultistPotion"},{"floor":13.0,"key":"LiquidMemories"},{"floor":18.0,"key":"Swift Potion"},{"floor":19.0,"key":"DistilledChaos"},{"floor":30.0,"key":"FocusPotion"},{"floor":37.0,"key":"SpeedPotion"}],"is_trial":false,"path_per_floor":["M","?","M","M","M","E","M","R","T","R","M","E","M","M","R","B",null,"M","M","?","$","M","R","E","R","T","E","R","M","E","?","R","B",null,"M","?","M","$","M","R","E"],"character_chosen":"DEFECT","items_purchased":["Bronze Scales","Whetstone","Kunai"],"campfire_rested":8,"item_purchase_floors":[21,21,38],"current_hp_per_floor":[75,57,51,51,48,21,7,29,29,51,50,33,25,25,47,47,75,55,35,35,35,35,57,37,59,59,34,56,52,27,27,64,10,75,30,30,29,29,29,66,0,0],"gold":152,"neow_bonus":"TRANSFORM_CARD","is_daily":false,"chose_seed":false,"campfire_upgraded":0,"win_rate":0.0,"timestamp":1611443713,"path_taken":["M","?","M","M","M","E","M","R","T","R","M","E","M","M","R","BOSS","M","M","?","$","M","R","E","R","T","E","R","M","E","?","R","BOSS","M","?","M","$","M","R","E"],"items_purchased_type":["Relic","Relic","Relic"],"build_version":"2020-12-22","purchased_purges":1,"victory":false,"max_hp_per_floor":[75,75,75,75,75,75,75,75,75,75,75,75,75,75,75,75,75,75,75,75,75,75,75,75,75,75,75,75,75,75,75,75,75,75,75,75,75,75,75,75,75,75],"card_choices":[{"not_picked":["Conserve Battery","Turbo"],"picked":"Streamline","floor":1.0},{"not_picked":["Aggregate","Rebound"],"picked":"Hologram","floor":3.0},{"not_picked":["Steam","Coolheaded"],"picked":"Gash","floor":4.0},{"not_picked":["Melter","Turbo"],"picked":"Coolheaded","floor":5.0},{"not_picked":["Streamline","Steam"],"picked":"Rip and Tear","floor":6.0},{"not_picked":["Steam Power","Turbo"],"picked":"Scrape","floor":7.0},{"not_picked":["Barrage","Steam"],"picked":"Conserve Battery","floor":11.0},{"not_picked":["Recycle","Skim","Storm"],"picked":"SKIP","floor":12.0},{"not_picked":["Compile Driver","Rainbow"],"picked":"Scrape","floor":13.0},{"not_picked":["Storm","Go for the Eyes"],"picked":"Rebound","floor":14.0},{"not_picked":["Buffer","Thunder Strike"],"picked":"All For One","floor":16.0},{"not_picked":["Redo","Ball Lightning","Cold Snap"],"picked":"SKIP","floor":18.0},{"not_picked":["Steam Power","Conserve Battery"],"picked":"Sweeping Beam+1","floor":19.0},{"not_picked":["Turbo","Scrape","Streamline+1"],"picked":"SKIP","floor":22.0},{"not_picked":["Genetic Algorithm","Undo","Cold Snap+1"],"picked":"SKIP","floor":24.0},{"not_picked":["Multi-Cast","Capacitor+1","Hologram"],"picked":"SKIP","floor":27.0},{"not_picked":["Darkness","Doom and Gloom","Recycle"],"picked":"SKIP","floor":29.0},{"not_picked":["Sweeping Beam","Storm","Loop"],"picked":"SKIP","floor":30.0},{"not_picked":["Ball Lightning","Redo"],"picked":"Leap+1","floor":35.0},{"not_picked":["Barrage","Coolheaded","Cold Snap+1"],"picked":"SKIP","floor":37.0},{"not_picked":["Stack+1","Hologram","Rebound"],"picked":"SKIP","floor":39.0}],"player_experience":224873,"relics_obtained":[{"floor":6.0,"key":"Vajra"},{"floor":9.0,"key":"Mummified Hand"},{"floor":12.0,"key":"Bottled Flame"},{"floor":24.0,"key":"Ice Cream"},{"floor":27.0,"key":"Art of War"},{"floor":30.0,"key":"Regal Pillow"}],"event_choices":[{"damage_healed":0.0,"max_hp_gain":0.0,"max_hp_loss":0.0,"gold_gain":0.0,"event_name":"Golden Idol","player_choice":"Take Damage","floor":2.0,"gold_loss":0.0,"damage_taken":18.0,"relics_obtained":["Golden Idol"]},{"damage_healed":0.0,"max_hp_gain":0.0,"max_hp_loss":0.0,"gold_gain":0.0,"event_name":"Drug Dealer","player_choice":"Inject Mutagens","floor":20.0,"gold_loss":0.0,"damage_taken":0.0,"relics_obtained":["MutagenicStrength"]},{"cards_removed":["Barrage"],"damage_healed":0.0,"max_hp_gain":0.0,"max_hp_loss":0.0,"gold_gain":0.0,"event_name":"Beggar","player_choice":"Gave Gold","floor":31.0,"gold_loss":75.0,"damage_taken":0.0},{"cards_removed":["Rip and Tear"],"damage_healed":0.0,"max_hp_gain":0.0,"max_hp_loss":0.0,"gold_gain":0.0,"event_name":"Purifier","player_choice":"Purged","floor":36.0,"gold_loss":0.0,"damage_taken":0.0}],"is_beta":false,"boss_relics":[{"not_picked":["Philosopher\u0027s Stone","Coffee Dripper"],"picked":"Pandora\u0027s Box"},{"not_picked":["Inserter","Sozu"],"picked":"Empty Cage"}],"items_purged_floors":[21],"is_endless":false,"potions_floor_spawned":[5,6,12,13,18,19,30,37],"killed_by":"Nemesis","ascension_level":1}}