{"host":"sw6p9u0oh417cx03","time":1611374608,"event":{"mods":["AchievementEnabler","Act Like it!","BaseMod","CapriCore","DeckTracker","Highlight Path","Minty Spire (QoL Compilation)","Quick Restart","StSLib"],"gold_per_floor":[16,16,29,29,50,50,50,84,107,145,145,165,182,201,201,287,314,339,264,289,189,213,244,93,93,172,200,200,200,200,225,225,298,298,313,313,326,149,161,161,205,205,205,205,30,62,87,87,87,87,87,87,18,49,49],"floor_reached":56,"language":"ZHS","playtime":2541,"items_purged":["Strike_R","Strike_R","Defend_R","Bash","Defend_R+1"],"score":2352,"play_id":"c050541c-8ebe-4fce-83d0-f718e650ef14","local_time":"20210123120328","is_ascension_mode":true,"campfire_choices":[{"data":"Immolate","floor":6.0,"key":"SMITH"},{"data":"Pommel Strike","floor":15.0,"key":"SMITH"},{"data":"Feel No Pain","floor":25.0,"key":"SMITH"},{"floor":28.0,"key":"RECALL"},{"data":"Defend_R","floor":32.0,"key":"SMITH"},{"data":"Defend_R","floor":40.0,"key":"SMITH"},{"data":"Defend_R","floor":42.0,"key":"SMITH"},{"floor":44.0,"key":"REST"},{"floor":49.0,"key":"REST"},{"floor":52.0,"key":"REST"}],"circlet_count":0,"master_deck":["AscendersBane","Defend_R+1","Defend_R+1","Body Slam+1","Shrug It Off+1","Pommel Strike+1","Offering+1","Fiend Fire+1","Entrench+1","Bloodletting+1","Power Through+1","True Grit+1","Burning Pact+1","Shockwave+1","Second Wind+1","Dark Embrace+1","Feel No Pain"],"relics":["Burning Blood","CeramicFish","Eternal Feather","Oddly Smooth Stone","Toxic Egg 2","Astrolabe","Juzu Bracelet","Gremlin Horn","Mark of Pain","Lantern","Turnip","White Beast Statue","Mango","War Paint"],"acts_visited":["Exordium","TheCity","TheBeyond","TheEnding"],"potions_floor_usage":[55,55],"damage_taken":[{"damage":1.0,"enemies":"Cultist","floor":1.0,"turns":3.0},{"damage":7.0,"enemies":"Small Slimes","floor":3.0,"turns":3.0},{"damage":5.0,"enemies":"2 Louse","floor":5.0,"turns":2.0},{"damage":34.0,"enemies":"Lagavulin","floor":8.0,"turns":5.0},{"damage":2.0,"enemies":"Gremlin Nob","floor":10.0,"turns":2.0},{"damage":0.0,"enemies":"2 Fungi Beasts","floor":12.0,"turns":1.0},{"damage":4.0,"enemies":"Lots of Slimes","floor":13.0,"turns":2.0},{"damage":4.0,"enemies":"Red Slaver","floor":14.0,"turns":2.0},{"damage":50.0,"enemies":"The Guardian","floor":16.0,"turns":12.0},{"damage":9.0,"enemies":"3 Byrds","floor":18.0,"turns":4.0},{"damage":10.0,"enemies":"2 Thieves","floor":20.0,"turns":4.0},{"damage":6.0,"enemies":"3 Cultists","floor":22.0,"turns":2.0},{"damage":23.0,"enemies":"Slavers","floor":23.0,"turns":7.0},{"damage":11.0,"enemies":"Gremlin Leader","floor":27.0,"turns":5.0},{"damage":6.0,"enemies":"Snake Plant","floor":31.0,"turns":1.0},{"damage":30.0,"enemies":"Automaton","floor":33.0,"turns":4.0},{"damage":9.0,"enemies":"3 Shapes","floor":35.0,"turns":3.0},{"damage":8.0,"enemies":"Orb Walker","floor":37.0,"turns":2.0},{"damage":6.0,"enemies":"Jaw Worm Horde","floor":39.0,"turns":4.0},{"damage":10.0,"enemies":"Reptomancer","floor":41.0,"turns":3.0},{"damage":3.0,"enemies":"Giant Head","floor":46.0,"turns":5.0},{"damage":6.0,"enemies":"Mind Bloom Boss Battle","floor":47.0,"turns":2.0},{"damage":22.0,"enemies":"Awakened One","floor":50.0,"turns":3.0},{"damage":9,"enemies":"Shield and Spear","floor":54,"turns":2},{"damage":17,"enemies":"The Heart","floor":55,"turns":9}],"seed_played":"1142485900255788204","potions_obtained":[{"floor":3.0,"key":"Swift Potion"},{"floor":8.0,"key":"LiquidMemories"},{"floor":13.0,"key":"SkillPotion"},{"floor":20.0,"key":"Dexterity Potion"},{"floor":27.0,"key":"EssenceOfSteel"},{"floor":35.0,"key":"Energy Potion"},{"floor":41.0,"key":"Ancient Potion"},{"floor":47.0,"key":"FearPotion"},{"floor":54,"key":"Swift Potion"}],"is_trial":false,"path_per_floor":["M","?","M","?","M","R","?","E","T","E","?","M","M","M","R","B",null,"M","$","M","$","M","E","$","R","T","E","R","?","?","M","R","B",null,"M","?","M","$","M","R","E","R","T","R","$","E","?","?","R","B",null,"R","$","E","B",null],"character_chosen":"IRONCLAD","items_purchased":["Burning Pact+1","Second Wind+1","Feel No Pain"],"campfire_rested":3,"item_purchase_floors":[24,38,53],"current_hp_per_floor":[73,73,72,72,73,73,78,50,50,54,54,60,62,64,73,29,67,64,64,60,60,60,43,43,52,52,47,56,56,90,90,90,66,84,81,81,79,79,79,88,84,90,90,90,90,90,104,104,104,88,100,104,104,101,90],"gold":49,"neow_bonus":"THREE_RARE_CARDS","is_daily":false,"chose_seed":false,"campfire_upgraded":6,"win_rate":0.0,"timestamp":1611374608,"path_taken":["M","?","?","?","?","R","?","E","T","E","?","M","M","M","R","BOSS","M","$","?","$","M","E","?","R","T","E","R","?","?","M","R","BOSS","M","?","M","$","M","R","E","R","T","R","$","E","?","?","R","BOSS","R","$","E","BOSS"],"items_purchased_type":["Card","Card","Card"],"build_version":"2020-12-22","purchased_purges":5,"victory":true,"max_hp_per_floor":[75,75,75,75,75,75,80,80,80,80,80,80,80,80,80,80,80,80,80,80,80,80,80,80,80,80,80,80,80,90,90,90,90,90,90,90,90,90,90,90,90,90,90,90,90,90,104,104,104,104,104,104,104,104,104],"card_choices":[{"not_picked":["Exhume","Fiend Fire"],"picked":"Immolate","floor":0.0},{"not_picked":["Clash","Sword Boomerang","Flex"],"picked":"SKIP","floor":1.0},{"not_picked":["Iron Wave","Clothesline","Rage"],"picked":"SKIP","floor":3.0},{"not_picked":["Wild Strike","Body Slam"],"picked":"Hemokinesis","floor":5.0},{"not_picked":["Iron Wave","Warcry","Juggernaut"],"picked":"SKIP","floor":8.0},{"not_picked":["Limit Break+1","Intimidate+1"],"picked":"Shrug It Off+1","floor":10.0},{"not_picked":["Feel No Pain","Twin Strike"],"picked":"Pommel Strike","floor":12.0},{"not_picked":["Sword Boomerang","Heavy Blade","Warcry+1"],"picked":"SKIP","floor":13.0},{"not_picked":["Body Slam","Spot Weakness+1","Headbutt"],"picked":"SKIP","floor":14.0},{"not_picked":["Limit Break+1","Exhume+1"],"picked":"Offering+1","floor":16.0},{"not_picked":["Flex+1","Intimidate+1"],"picked":"Feel No Pain","floor":18.0},{"not_picked":["Clash","Anger"],"picked":"Power Through+1","floor":20.0},{"not_picked":["Havoc+1","Spot Weakness+1"],"picked":"True Grit+1","floor":22.0},{"not_picked":["Clothesline","Twin Strike","Thunderclap"],"picked":"SKIP","floor":23.0},{"not_picked":["Anger+1","Feel No Pain","Power Through+1"],"picked":"SKIP","floor":27.0},{"not_picked":["Fire Breathing","Pommel Strike"],"picked":"Shockwave+1","floor":31.0},{"not_picked":["Power Through+1","Havoc+1","Iron Wave"],"picked":"SKIP","floor":35.0},{"not_picked":["Warcry+1","Shockwave+1","Entrench+1"],"picked":"SKIP","floor":37.0},{"not_picked":["Warcry+1","Flex+1","Bloodletting+1"],"picked":"SKIP","floor":39.0},{"not_picked":["Hemokinesis+1","Reckless Charge"],"picked":"Dark Embrace+1","floor":41.0},{"not_picked":["Dropkick","Dual Wield+1","Shrug It Off+1"],"picked":"SKIP","floor":46.0},{"not_picked":["Metallicize","Dual Wield+1","Limit Break+1"],"picked":"SKIP","floor":54}],"player_experience":326126,"relics_obtained":[{"floor":8.0,"key":"Eternal Feather"},{"floor":9.0,"key":"Oddly Smooth Stone"},{"floor":10.0,"key":"Toxic Egg 2"},{"floor":23.0,"key":"Juzu Bracelet"},{"floor":27.0,"key":"Gremlin Horn"},{"floor":41.0,"key":"Lantern"},{"floor":43.0,"key":"Turnip"},{"floor":46.0,"key":"White Beast Statue"},{"floor":47.0,"key":"Mango"},{"floor":54,"key":"War Paint"}],"event_choices":[{"damage_healed":0.0,"max_hp_gain":0.0,"max_hp_loss":0.0,"gold_gain":0.0,"cards_transformed":["Strike_R"],"event_name":"Transmorgrifier","player_choice":"Transformed","floor":2.0,"gold_loss":0.0,"damage_taken":0.0,"cards_obtained":["Body Slam"]},{"damage_healed":0.0,"max_hp_gain":0.0,"max_hp_loss":0.0,"gold_gain":0.0,"event_name":"WeMeetAgain","player_choice":"Gave Potion","floor":4.0,"gold_loss":0.0,"damage_taken":0.0,"relics_obtained":["CeramicFish"]},{"damage_healed":0.0,"max_hp_gain":5.0,"max_hp_loss":0.0,"gold_gain":0.0,"event_name":"Big Fish","player_choice":"Donut","floor":7.0,"gold_loss":0.0,"damage_taken":0.0},{"damage_healed":0.0,"max_hp_gain":0.0,"max_hp_loss":0.0,"gold_gain":0.0,"event_name":"Upgrade Shrine","player_choice":"Upgraded","floor":11.0,"gold_loss":0.0,"damage_taken":0.0,"cards_upgraded":["Body Slam"]},{"damage_healed":0.0,"max_hp_gain":0.0,"max_hp_loss":0.0,"gold_gain":0.0,"event_name":"Match and Keep!","player_choice":"0 cards matched","floor":29.0,"gold_loss":0.0,"damage_taken":0.0,"cards_obtained":[]},{"cards_removed":["Immolate"],"damage_healed":24.0,"max_hp_gain":10.0,"max_hp_loss":0.0,"gold_gain":0.0,"event_name":"Bonfire Elementals","player_choice":"Offered Rare","floor":30.0,"gold_loss":0.0,"damage_taken":0.0},{"cards_removed":["Feel No Pain"],"damage_healed":0.0,"max_hp_gain":0.0,"max_hp_loss":0.0,"gold_gain":0.0,"event_name":"Falling","player_choice":"Removed Power","floor":36.0,"gold_loss":0.0,"damage_taken":0.0},{"damage_healed":0.0,"max_hp_gain":0.0,"max_hp_loss":0.0,"gold_gain":0.0,"event_name":"MindBloom","player_choice":"Fight","floor":47.0,"gold_loss":0.0,"damage_taken":0.0},{"damage_healed":0.0,"max_hp_gain":0.0,"max_hp_loss":0.0,"gold_gain":0.0,"event_name":"Tomb of Lord Red Mask","player_choice":"Ignored","floor":48.0,"gold_loss":0.0,"damage_taken":0.0}],"is_beta":false,"boss_relics":[{"not_picked":["Black Blood","Ectoplasm"],"picked":"Astrolabe"},{"not_picked":["Velvet Choker","Runic Dome"],"picked":"Mark of Pain"}],"items_purged_floors":[19,21,24,38,45],"is_endless":false,"potions_floor_spawned":[3,8,13,20,27,35,41,47,54],"ascension_level":15}}