{"host":"lreod2rejfd0az5i","time":1611443385,"event":{"mods":["AchievementEnabler","Aspiration","BaseMod","Colored Powertips","Conspire","Downfall","Highlight Path","Hubris","Infinite Spire","Mad Scientist","Minty Spire (QoL Compilation)","Rare Cards Sparkle","Relic Stats","Replay The Spire","StSLib","The Bug Knight","The Jungle"],"gold_per_floor":[116,134,154,173,189,189,189,189],"floor_reached":7,"language":"ENG","playtime":463,"items_purged":[],"score":90,"play_id":"4a0c1080-5c2c-4b63-b8f1-109cfb0c809b","local_time":"20210123160945","is_ascension_mode":true,"campfire_choices":[{"data":"Sucker Punch","floor":6,"key":"SMITH"}],"circlet_count":0,"master_deck":["AscendersBane","Strike_G","Strike_G","Strike_G","Strike_G","Strike_G","Defend_G","Defend_G","Defend_G","Defend_G","Defend_G","Survivor","Neutralize","Parasite","After Image","Backflip","Sucker Punch+1","Prepared"],"relics":["Ring of the Snake"],"acts_visited":["Exordium"],"potions_floor_usage":[5,7],"damage_taken":[{"damage":8,"enemies":"Cultist","floor":1,"turns":6},{"damage":1,"enemies":"Small Slimes","floor":2,"turns":6},{"damage":0,"enemies":"2 Louse","floor":3,"turns":5},{"damage":1,"enemies":"Blue Slaver","floor":4,"turns":6},{"damage":4,"enemies":"2 Fungi Beasts","floor":5,"turns":6},{"damage":45,"enemies":"3 Sentries","floor":7,"turns":12}],"seed_played":"2463019696431790208","potions_obtained":[{"floor":1,"key":"sneckomod:MuddlingPotion"},{"floor":4,"key":"bronze:BurnAndBuffPotion"}],"is_trial":false,"path_per_floor":["M","M","M","M","M","R","E"],"character_chosen":"THE_SILENT","items_purchased":[],"campfire_rested":0,"item_purchase_floors":[],"current_hp_per_floor":[51,50,50,49,45,45,0,0],"gold":189,"neow_bonus":"THREE_RARE_CARDS","is_daily":false,"chose_seed":false,"campfire_upgraded":1,"win_rate":0.0,"timestamp":1611443385,"path_taken":["M","M","M","?","M","R","E"],"items_purchased_type":[],"build_version":"2020-12-22","purchased_purges":0,"victory":false,"max_hp_per_floor":[66,66,66,66,66,66,66,66],"relic_stats":{"counters":[6,41],"obtain_stats":[{"Ring of the Snake":0},{"Ring of the Snake":0},{"Ring of the Snake":0}],"Ring of the Snake":[12]},"card_choices":[{"not_picked":["Corpse Explosion","Atom Bomb"],"picked":"After Image","floor":0},{"not_picked":["PiercingWail","hubris:SlightOfHand"],"picked":"Backflip","floor":1},{"not_picked":["Expertise","Backflip","Backstab"],"picked":"SKIP","floor":2},{"not_picked":["Acrobatics","Flechettes"],"picked":"Sucker Punch","floor":3},{"not_picked":["Backflip","Underhanded Strike","Dagger Throw"],"picked":"SKIP","floor":4},{"not_picked":["conspire:PoisonWeapons","Deflect"],"picked":"Prepared","floor":5}],"player_experience":886041,"relics_obtained":[],"event_choices":[],"is_beta":false,"boss_relics":[],"items_purged_floors":[],"is_endless":false,"potions_floor_spawned":[1,4],"killed_by":"3 Sentries","ascension_level":20}}