{"host":"08z5bj28eube4vug","time":1611377931,"event":{"mods":["2.2 Compatiblity","Abigail Mod","Act Like it!","BaseMod","Beaked The Cultist","Bestiary","Friendly Minions","Gensokyo","GungeonMod","Hallownest","Kiyohime????","Koishi","Lobotomy","Marisa????????","Minty Spire (QoL Compilation)","Prisma Mod","Remilia??????","Replay The Spire","StSLib","Td1madao Mod","The Alterego","The Bug Knight","The Jungle","The Sage","The Senshi","The Servant 0.9.4","Waifu the Spire","WarShipGirlsR/????R mod","Yuri Mod"],"gold_per_floor":[109,129,99,114,162,197,220,220,220,246,246,256,256,266,266,367,367,380,380,392,32,51,51,85,85,85,85,119,129,129,81,81,178,178,90,106,5,21,36,36,56,56,56,56,86,86,9,9,9,9],"floor_reached":51,"language":"ENG","playtime":3658,"items_purged":[],"score":1062,"play_id":"be28c331-131d-463d-9e8d-3fbd29575dc2","local_time":"20210123075851","is_ascension_mode":true,"campfire_choices":[{"data":"PrismaMod:IllyaUncommonDefend","floor":8,"key":"SMITH"},{"data":"PrismaMod:IllyaCheapAttack","floor":13,"key":"SMITH"},{"data":"PrismaMod:IllyaUncommonAOEAttack","floor":15,"key":"SMITH"},{"data":"PrismaMod:IllyaPoisonTippedWeapons","floor":23,"key":"SMITH"},{"data":"PrismaMod:IllyaGrail","floor":25,"key":"SMITH"},{"data":"PrismaMod:IllyaCarnivalDefend","floor":27,"key":"SMITH"},{"data":"PrismaMod:IllyaCheapChannelPoison","floor":30,"key":"SMITH"},{"data":"PrismaMod:IllyaPoisonTippedWeapons","floor":32,"key":"SMITH"},{"floor":40,"key":"REST"},{"data":"PrismaMod:IllyaReinForce","floor":42,"key":"SMITH"},{"data":"PrismaMod:IllyaStunPoison","floor":44,"key":"SMITH"},{"data":"PrismaMod:IllyaCarnivalDefend","floor":46,"key":"SMITH"},{"data":"DemoMod:Spice","floor":49,"key":"SMITH"}],"circlet_count":0,"master_deck":["PrismaMod:IllyaCommonAttack","PrismaMod:IllyaCommonDefend","PrismaMod:IllyaCommonAttack","PrismaMod:IllyaCommonDefend","PrismaMod:IllyaCommonAttack","PrismaMod:IllyaCommonDefend","PrismaMod:IllyaCommonAttack","PrismaMod:IllyaCommonDefend","PrismaMod:IllyaCommonAttack","PrismaMod:IllyaCommonDefend","PrismaMod:IllyaUncommonAttack","PrismaMod:IllyaUncommonDefend+1","PrismaMod:IllyaCommandSeal","PrismaMod:IllyaGrail+1","PrismaMod:IllyaCheapDefend","PrismaMod:IllyaGrail","PrismaMod:IllyaFriendMaker+1","PrismaMod:IllyaCheapAttack+1","PrismaMod:IllyaUncommonAOEAttack+1","PrismaMod:IllyaCarnivalDefend+1","PrismaMod:IllyaInstallRuler","PrismaMod:IllyaPoisonTippedWeapons+1","PrismaMod:IllyaBoysLove+1","PrismaMod:IllyaCarnivalDefend+1","PrismaMod:IllyaCheapDefend","PrismaMod:IllyaSaphire+1","PrismaMod:IllyaGrail","PrismaMod:IllyaStunPoison+1","PrismaMod:IllyaCheapChannelPoison+1","PrismaMod:IllyaPoisonTippedWeapons+1","PrismaMod:IllyaFeed","PrismaMod:IllyaSaphire+1","PrismaMod:IllyaBerserCAR+1","PrismaMod:IllyaReinForce+1","PrismaMod:IllyaFeed","PrismaMod:IllyaFeed","PrismaMod:IllyaFriendMaker+1","PrismaMod:IllyaFeed+1","PrismaMod:IllyaFriendMaker+1","Bandage Up","DemoMod:Spice+1"],"relics":["PrismaMod:PrismaRuby","Dream Catcher","Replay:Bottled Flurry","Prayer Wheel","Replay:Baseball","DemoMod:DecoyRelic","ReplayTheSpireMod:Ninjato","beaked:SacredDeck","ClockworkSouvenir","Ornamental Fan","ReplayFunnel","DemoMod:WhiteGuonStone","Replay:Ancient Bell","Omamori","Mercury Hourglass","Incense Burner","sagemod:Singing_Vial","Art of War"],"acts_visited":["Exordium","TheCity","TheBeyond"],"potions_floor_usage":[2,6,24,28,33,35,35,38,45,50,50],"damage_taken":[{"damage":10,"enemies":"2 Louse","floor":1,"turns":3},{"damage":0,"enemies":"Small Slimes","floor":2,"turns":3},{"damage":0,"enemies":"Cultist","floor":4,"turns":5},{"damage":19,"enemies":"Lagavulin","floor":6,"turns":8},{"damage":0,"enemies":"Gremlin Nob","floor":10,"turns":4},{"damage":0,"enemies":"Gremlin Gang","floor":12,"turns":4},{"damage":0,"enemies":"Exordium Wildlife","floor":14,"turns":3},{"damage":4,"enemies":"Fading Forest","floor":16,"turns":11},{"damage":0,"enemies":"3 Byrds","floor":18,"turns":6},{"damage":2,"enemies":"Shell Parasite","floor":20,"turns":4},{"damage":0,"enemies":"Shelled Parasite and Fungi","floor":22,"turns":6},{"damage":0,"enemies":"Book of Stabbing","floor":24,"turns":7},{"damage":3,"enemies":"Slavers","floor":28,"turns":8},{"damage":0,"enemies":"Chosen and Byrds","floor":29,"turns":6},{"damage":1,"enemies":"Champ","floor":33,"turns":11},{"damage":3,"enemies":"3 Darklings","floor":35,"turns":4},{"damage":2,"enemies":"Orb Walker","floor":36,"turns":3},{"damage":7,"enemies":"3 Darklings","floor":38,"turns":8},{"damage":54,"enemies":"Writhing Mass","floor":39,"turns":7},{"damage":0,"enemies":"Jaw Worm Horde","floor":41,"turns":5},{"damage":2,"enemies":"Reptomancer","floor":45,"turns":7},{"damage":17,"enemies":"Time Eater","floor":50,"turns":9}],"seed_played":"4970208466534732722","potions_obtained":[{"floor":1,"key":"SteroidPotion"},{"floor":5,"key":"Languid Potion"},{"floor":10,"key":"Dexterity Potion"},{"floor":14,"key":"BlessingOfTheForge"},{"floor":16,"key":"Strength Potion"},{"floor":18,"key":"Block Potion"},{"floor":28,"key":"SteroidPotion"},{"floor":35,"key":"Elixir"},{"floor":38,"key":"SpeedPotion"},{"floor":41,"key":"FearPotion"}],"is_trial":false,"path_per_floor":["M","M","?","M","?","E","T","R","T","E","?","M","R","M","R","B",null,"M","?","M","$","M","R","E","R","T","R","E","M","R","$","R","B",null,"M","M","$","M","M","R","M","R","T","R","E","R","$","?","R","B",null],"character_chosen":"ILLYA","items_purchased":["DemoMod:LeadSkinPotion","ClockworkSouvenir","PrismaMod:IllyaCarnivalDefend","PrismaMod:IllyaPoisonTippedWeapons","PrismaMod:IllyaFeed","Block Potion","Weak Potion"],"campfire_rested":1,"item_purchase_floors":[21,21,21,31,37,37,47],"current_hp_per_floor":[58,61,61,64,46,30,30,30,30,33,33,36,36,39,39,46,68,71,57,58,58,61,61,64,64,64,64,64,64,64,64,64,66,77,77,75,75,76,29,53,73,73,73,73,80,80,80,75,75,73],"gold":9,"neow_bonus":"RANDOM_COMMON_RELIC","is_daily":false,"chose_seed":false,"campfire_upgraded":12,"win_rate":0.0,"timestamp":1611377931,"path_taken":["M","M","?","?","?","E","?","R","T","E","?","M","R","?","R","BOSS","M","?","M","$","M","R","E","R","T","R","E","M","R","$","R","BOSS","M","M","$","M","M","R","M","R","T","R","E","R","$","?","R","BOSS"],"items_purchased_type":["Undefined","Relic","Card","Card","Card","Potion","Potion"],"build_version":"2020-12-22","purchased_purges":0,"victory":true,"max_hp_per_floor":[75,75,75,75,75,75,75,75,75,75,75,75,75,75,75,75,75,75,80,80,80,80,80,80,80,80,80,80,80,80,80,80,80,80,80,80,80,80,80,80,80,80,80,80,80,80,80,80,80,78],"card_choices":[{"not_picked":["PrismaMod:IllyaCheapChannelAttack","PrismaMod:IllyaReinForce"],"picked":"PrismaMod:IllyaCommandSeal","floor":1},{"not_picked":["PrismaMod:IllyaCommonEvoke","PrismaMod:IllyaUberChannel"],"picked":"PrismaMod:IllyaGrail","floor":2},{"not_picked":[],"picked":"PrismaMod:IllyaCheapDefend","floor":3},{"not_picked":[],"picked":"PrismaMod:IllyaGrail","floor":3},{"not_picked":["PrismaMod:IllyaRussianRoulette","PrismaMod:IllyaMinorRapidFire"],"picked":"PrismaMod:IllyaFriendMaker","floor":4},{"not_picked":["PrismaMod:IllyaUncommonEvoke","PrismaMod:IllyaInstallArcher","PrismaMod:IllyaDualEvoke"],"picked":"SKIP","floor":6},{"not_picked":["PrismaMod:IllyaRussianRoulette","PrismaMod:IllyaDualEvoke","PrismaMod:IllyaInstallShielder"],"picked":"SKIP","floor":10},{"not_picked":["PrismaMod:IllyaTestament","PrismaMod:IllyaDualEvoke"],"picked":"PrismaMod:IllyaCheapAttack","floor":12},{"not_picked":["PrismaMod:IllyaUberPoisonBlock","PrismaMod:IllyaPoisoningPhantasm","PrismaMod:IllyaMaid"],"picked":"SKIP","floor":12},{"not_picked":["PrismaMod:IllyaBlindPoisonToss","PrismaMod:IllyaCommandSeal"],"picked":"PrismaMod:IllyaUncommonAOEAttack","floor":14},{"not_picked":["PrismaMod:IllyaMinorZwei","PrismaMod:IllyaGun","PrismaMod:IllyaMinorRapidFire"],"picked":"SKIP","floor":14},{"not_picked":["PrismaMod:IllyaInstallBerserker","PrismaMod:IllyaInstallShielder"],"picked":"PrismaMod:IllyaCarnivalDefend","floor":16},{"not_picked":["PrismaMod:IllyaCheapChannelAttack","PrismaMod:IllyaMaid","PrismaMod:IllyaUpgradeOrbs"],"picked":"SKIP","floor":18},{"not_picked":["PrismaMod:IllyaRubysPotion","PrismaMod:IllyaMinorReinForce","PrismaMod:IllyaAssassinRevenge"],"picked":"SKIP","floor":18},{"not_picked":["PrismaMod:IllyaPartialInstallAssassin+1","PrismaMod:IllyaTestament"],"picked":"PrismaMod:IllyaPoisonTippedWeapons","floor":20},{"not_picked":["PrismaMod:IllyaMinorZwei+1","PrismaMod:IllyaRussianRoulette"],"picked":"PrismaMod:IllyaBoysLove+1","floor":20},{"not_picked":["PrismaMod:IllyaPoisonBomb+1","PrismaMod:IllyaDevil"],"picked":"PrismaMod:IllyaCheapDefend","floor":22},{"not_picked":["PrismaMod:IllyaPoisonTippedWeapons","PrismaMod:IllyaMinorZwei","PrismaMod:IllyaCheapChannelDefend+1"],"picked":"SKIP","floor":22},{"not_picked":["PrismaMod:IllyaCarnivalDefend","PrismaMod:IllyaCheapChannelPoison"],"picked":"PrismaMod:IllyaSaphire+1","floor":24},{"not_picked":["PrismaMod:IllyaPoisonBlock","PrismaMod:IllyaBlindPoisonToss"],"picked":"PrismaMod:IllyaGrail","floor":28},{"not_picked":["PrismaMod:IllyaBerserCAR","PrismaMod:IllyaCheapChannelDefend"],"picked":"PrismaMod:IllyaStunPoison","floor":29},{"not_picked":["PrismaMod:IllyaPartialInstallAssassin+1","PrismaMod:IllyaGrailKun+1"],"picked":"PrismaMod:IllyaCheapChannelPoison","floor":29},{"not_picked":["Sloth_TH","Gluttony_TH"],"picked":"Hallucinations","floor":34},{"not_picked":["Lust_TH","Wraith"],"picked":"Delirium","floor":34},{"not_picked":["Amnesia","Overencumbered"],"picked":"ReplayTheSpireMod:IOU","floor":34},{"not_picked":["PrismaMod:IllyaGrailKun+1","PrismaMod:IllyaSaphire+1"],"picked":"PrismaMod:IllyaFeed","floor":35},{"not_picked":["PrismaMod:IllyaInstallMoonCancer","PrismaMod:IllyaHassanGift"],"picked":"PrismaMod:IllyaSaphire+1","floor":35},{"not_picked":["PrismaMod:IllyaGrailKun","PrismaMod:IllyaTestament"],"picked":"PrismaMod:IllyaBerserCAR+1","floor":36},{"not_picked":["PrismaMod:IllyaRussianRoulette","PrismaMod:IllyaDetonatingBlow+1"],"picked":"PrismaMod:IllyaReinForce","floor":36},{"not_picked":["PrismaMod:IllyaRussianRoulette+1","PrismaMod:IllyaBlindPoisonToss+1"],"picked":"PrismaMod:IllyaFeed","floor":38},{"not_picked":["PrismaMod:IllyaCheapDefend+1","PrismaMod:IllyaUberPoisonBlock","PrismaMod:IllyaCheapChannelPoison+1"],"picked":"SKIP","floor":38},{"not_picked":["PrismaMod:IllyaSaphire+1","PrismaMod:IllyaCarnivalDefend"],"picked":"PrismaMod:IllyaFriendMaker+1","floor":39},{"not_picked":["PrismaMod:IllyaHassanGift","PrismaMod:IllyaSaphire","PrismaMod:IllyaPoisonTippedWeapons"],"picked":"SKIP","floor":39},{"not_picked":["PrismaMod:IllyaPoisonBlock+1","PrismaMod:IllyaAOECommonAttack"],"picked":"PrismaMod:IllyaFeed+1","floor":40},{"not_picked":["PrismaMod:IllyaPoisoningPhantasm","PrismaMod:IllyaUpgradeOrbs"],"picked":"PrismaMod:IllyaFriendMaker+1","floor":41},{"not_picked":["PrismaMod:IllyaRubysPotion","PrismaMod:IllyaPoisonTippedWeapons","PrismaMod:IllyaGun"],"picked":"SKIP","floor":41},{"not_picked":["PrismaMod:IllyaPoisonBomb","PrismaMod:IllyaHassanGift","PrismaMod:IllyaCommonEvoke"],"picked":"Singing Bowl","floor":45},{"not_picked":["Jack Of All Trades","Enlightenment"],"picked":"Bandage Up","floor":48},{"not_picked":["Flash of Steel","Enlightenment"],"picked":"DemoMod:Spice","floor":48}],"player_experience":834381,"relics_obtained":[{"floor":5,"key":"Replay:Bottled Flurry"},{"floor":6,"key":"Prayer Wheel"},{"floor":7,"key":"Replay:Baseball"},{"floor":9,"key":"DemoMod:DecoyRelic"},{"floor":10,"key":"ReplayTheSpireMod:Ninjato"},{"floor":24,"key":"Ornamental Fan"},{"floor":26,"key":"ReplayFunnel"},{"floor":28,"key":"DemoMod:WhiteGuonStone"},{"floor":43,"key":"sagemod:Singing_Vial"},{"floor":45,"key":"Art of War"}],"event_choices":[{"damage_healed":0,"gold_gain":0,"player_choice":"Upgraded","damage_taken":0,"max_hp_gain":0,"max_hp_loss":0,"event_name":"Upgrade Shrine","floor":11,"gold_loss":0,"cards_upgraded":["PrismaMod:IllyaFriendMaker"]},{"damage_healed":0,"gold_gain":0,"player_choice":"Shed Blood","damage_taken":19,"max_hp_gain":5,"max_hp_loss":0,"event_name":"Forgotten Altar","floor":19,"gold_loss":0},{"damage_healed":0,"gold_gain":0,"player_choice":"Memory 2","damage_taken":5,"max_hp_gain":0,"max_hp_loss":0,"event_name":"SensoryStone","floor":48,"gold_loss":0}],"is_beta":false,"boss_relics":[{"not_picked":["beaked:MawFillet","Velvet Choker"],"picked":"beaked:SacredDeck"},{"not_picked":["Runic Pyramid","Pandora\u0027s Box"],"picked":"Replay:Ancient Bell"},{"not_picked":["Pet Ghost","Bronze Scales"],"picked":"Omamori"},{"not_picked":["Divine Protection","AntiCross"],"picked":"Mercury Hourglass"},{"not_picked":["Replay:Kaleidoscope","Ginger"],"picked":"Incense Burner"}],"items_purged_floors":[],"is_endless":false,"potions_floor_spawned":[1,10,14,16,18,22,28,35,38,39,41],"ascension_level":8}}