{"host":"oigynbtg272c19pw","time":1611409667,"event":{"mods":["BaseMod","Colored Map","Minty Spire (QoL Compilation)","Relic Stats","Slay the Relics Exporter","StSLib"],"gold_per_floor":[119,119,119,137,212,246,259,289,289,289,307,337,337,357,357,428,428,442,286,286,331,349,349,190,190,190],"floor_reached":25,"playtime":909,"items_purged":["Strike_G","Writhe"],"score":468,"play_id":"91c0416a-da37-43be-921b-69fe4bf77540","local_time":"20210123144747","is_ascension_mode":true,"campfire_choices":[{"data":"Footwork","floor":10.0,"key":"SMITH"},{"data":"Crippling Poison","floor":13.0,"key":"SMITH"},{"data":"Deadly Poison","floor":15,"key":"SMITH"},{"data":"Burst","floor":23,"key":"SMITH"}],"circlet_count":0,"master_deck":["AscendersBane","Strike_G","Strike_G","Strike_G","Strike_G","Defend_G","Defend_G","Defend_G","Defend_G","Defend_G","Survivor","Neutralize","Dash+1","Deadly Poison+1","Crippling Poison+1","Leg Sweep","Footwork+1","Glass Knife","Burst+1","Terror","Heel Hook","Tactician","Acrobatics"],"relics":["Ring of the Snake","NeowsBlessing","Bottled Flame","Letter Opener","Pantograph","Snecko Eye","Juzu Bracelet","Snake Skull"],"acts_visited":["Exordium","TheCity"],"potions_floor_usage":[14,16,22],"damage_taken":[{"damage":0.0,"enemies":"Jaw Worm","floor":1.0,"turns":1.0},{"damage":0.0,"enemies":"Cultist","floor":4.0,"turns":1.0},{"damage":0.0,"enemies":"3 Sentries","floor":6.0,"turns":2.0},{"damage":0.0,"enemies":"2 Louse","floor":7.0,"turns":2.0},{"damage":29.0,"enemies":"Gremlin Nob","floor":8.0,"turns":4.0},{"damage":0.0,"enemies":"Blue Slaver","floor":11.0,"turns":5.0},{"damage":11,"enemies":"Exordium Thugs","floor":14,"turns":8},{"damage":20,"enemies":"The Guardian","floor":16,"turns":11},{"damage":0,"enemies":"Chosen","floor":18,"turns":5},{"damage":4,"enemies":"Shell Parasite","floor":22,"turns":6},{"damage":28,"enemies":"Gremlin Leader","floor":25,"turns":9}],"seed_played":"-8291613439498365741","potions_obtained":[{"floor":6.0,"key":"FearPotion"},{"floor":7.0,"key":"Dexterity Potion"},{"floor":11.0,"key":"DuplicationPotion"},{"floor":14,"key":"Weak Potion"},{"floor":18,"key":"Poison Potion"}],"is_trial":false,"path_per_floor":["M","?","?","M","?","E","M","E","T","R","M","?","R","M","R","B",null,"M","$","?","T","M","R","$","E"],"character_chosen":"THE_SILENT","items_purchased":["Heel Hook","Acrobatics"],"campfire_rested":0,"item_purchase_floors":[19,24],"current_hp_per_floor":[59,59,59,59,48,48,48,19,19,19,19,19,19,8,8,13,53,53,53,53,53,49,49,49,21,21],"gold":190,"neow_bonus":"THREE_ENEMY_KILL","is_daily":false,"chose_seed":false,"campfire_upgraded":4,"win_rate":0.0,"timestamp":1611409667,"path_taken":["M","?","?","?","?","E","M","E","T","R","M","?","R","M","R","BOSS","M","$","?","?","M","R","$","E"],"items_purchased_type":["Card","Card"],"build_version":"2020-12-13","purchased_purges":2,"victory":false,"max_hp_per_floor":[66,66,66,66,66,66,66,66,66,66,66,66,66,66,66,66,66,66,66,66,66,66,66,66,66,66],"relic_stats":{"counters":[11,54],"Pantograph":25,"Snecko Eye":[33,28,34,43],"Snake Skull":[8],"Juzu Bracelet":0,"Letter Opener":[85],"obtain_stats":[{"Bottled Flame":6,"NeowsBlessing":0,"Pantograph":9,"Snecko Eye":17,"Snake Skull":21,"Juzu Bracelet":20,"Letter Opener":8,"Ring of the Snake":0},{"Bottled Flame":3,"NeowsBlessing":0,"Pantograph":5,"Snecko Eye":8,"Snake Skull":9,"Juzu Bracelet":9,"Letter Opener":5,"Ring of the Snake":0},{"Bottled Flame":4,"NeowsBlessing":0,"Pantograph":10,"Snecko Eye":34,"Snake Skull":39,"Juzu Bracelet":39,"Letter Opener":10,"Ring of the Snake":0}],"Ring of the Snake":[22]},"card_choices":[{"not_picked":["Slice","Dagger Throw"],"picked":"Dash","floor":1.0},{"not_picked":["Dagger Throw","Backstab"],"picked":"Deadly Poison","floor":4.0},{"not_picked":["Riddle With Holes","Poisoned Stab"],"picked":"Crippling Poison","floor":6.0},{"not_picked":["Well Laid Plans","Flying Knee"],"picked":"Leg Sweep","floor":7.0},{"not_picked":["Eviscerate","Quick Slash"],"picked":"Footwork","floor":8.0},{"not_picked":["All Out Attack","Cloak And Dagger"],"picked":"Glass Knife","floor":11.0},{"not_picked":["Underhanded Strike","Expertise","Riddle With Holes"],"picked":"SKIP","floor":14},{"not_picked":["Unload","Tools of the Trade"],"picked":"Burst","floor":16},{"not_picked":["Infinite Blades","Expertise"],"picked":"Terror","floor":18},{"not_picked":["Sucker Punch","PiercingWail"],"picked":"Tactician","floor":22}],"player_experience":1472560,"relics_obtained":[{"floor":6.0,"key":"Bottled Flame"},{"floor":8.0,"key":"Letter Opener"},{"floor":9.0,"key":"Pantograph"},{"floor":21,"key":"Snake Skull"}],"event_choices":[{"damage_healed":0.0,"max_hp_gain":0.0,"max_hp_loss":0.0,"gold_gain":0.0,"event_name":"Liars Game","player_choice":"Ignored","floor":2.0,"gold_loss":0.0,"damage_taken":0.0},{"damage_healed":0.0,"max_hp_gain":0.0,"max_hp_loss":0.0,"gold_gain":0.0,"event_name":"Accursed Blacksmith","player_choice":"Forge","floor":3.0,"gold_loss":0.0,"damage_taken":0.0,"cards_upgraded":["Dash"]},{"damage_healed":0.0,"max_hp_gain":0.0,"max_hp_loss":0.0,"gold_gain":75.0,"event_name":"World of Goop","player_choice":"Gather Gold","floor":5.0,"gold_loss":0.0,"damage_taken":11.0},{"damage_healed":0.0,"max_hp_gain":0.0,"max_hp_loss":0.0,"gold_gain":30.0,"event_name":"Dead Adventurer","player_choice":"Searched \u00271\u0027 times","floor":12.0,"gold_loss":0.0,"damage_taken":0.0},{"damage_healed":0,"gold_gain":0,"player_choice":"Opened","damage_taken":0,"relics_obtained":["Juzu Bracelet"],"max_hp_gain":0,"max_hp_loss":0,"event_name":"The Mausoleum","floor":20,"gold_loss":0,"cards_obtained":["Writhe"]}],"is_beta":false,"boss_relics":[{"not_picked":["Sozu","Astrolabe"],"picked":"Snecko Eye"}],"items_purged_floors":[19,24],"is_endless":false,"potions_floor_spawned":[6,7,11,14,18],"killed_by":"Gremlin Leader","ascension_level":20}}