{"host":"opg65mucj6ra7dr1","time":1611407119,"event":{"mods":["BaseMod","DeckTracker","Keyboard Shortcuts","Minty Spire (QoL Compilation)","Permanent Neow","Quick Restart","everything is the same but u backflip on backflip"],"gold_per_floor":[116,2,2,2,22,48,58,84,161,36,53,3,20,20,20,116,116,126,26,41,41,41,41,67,67,90,106,125,154,154,0,0,0,0],"floor_reached":33,"language":"KOR","playtime":680,"items_purged":["Strike_G","Defend_G"],"score":461,"play_id":"07f09c28-bd40-4e42-9924-8b9754678a4b","local_time":"20210123220519","is_ascension_mode":true,"campfire_choices":[{"floor":15,"key":"REST"},{"data":"Storm of Steel","floor":23,"key":"SMITH"},{"data":"Defend_G","floor":25,"key":"PURGE"},{"floor":32,"key":"REST"}],"circlet_count":0,"master_deck":["Strike_G","Strike_G","Defend_G","Defend_G","Defend_G","Survivor","Neutralize","Storm of Steel","Dagger Spray","Distraction","Slice","Terror","Cloak And Dagger","Deflect","Dagger Spray","Well Laid Plans","Leg Sweep","Leg Sweep","Storm of Steel+1","Dagger Throw+1","Quick Slash","Dagger Throw+1","Sucker Punch","Slice","Dagger Spray+1","A Thousand Cuts"],"relics":["Ring of the Snake","Incense Burner","Juzu Bracelet","HornCleat","Tough Bandages","WristBlade","Peace Pipe","Akabeko","Potion Belt"],"acts_visited":["Exordium","TheCity"],"potions_floor_usage":[6,29,33,33],"damage_taken":[{"damage":6,"enemies":"2 Louse","floor":1,"turns":2},{"damage":12,"enemies":"Small Slimes","floor":5,"turns":3},{"damage":0,"enemies":"Gremlin Nob","floor":6,"turns":3},{"damage":0,"enemies":"Cultist","floor":7,"turns":3},{"damage":35,"enemies":"Lagavulin","floor":8,"turns":8},{"damage":0,"enemies":"Large Slime","floor":11,"turns":4},{"damage":0,"enemies":"Lots of Slimes","floor":13,"turns":1},{"damage":5,"enemies":"The Guardian","floor":16,"turns":18},{"damage":0,"enemies":"Spheric Guardian","floor":18,"turns":3},{"damage":0,"enemies":"Chosen","floor":20,"turns":3},{"damage":18,"enemies":"Book of Stabbing","floor":24,"turns":5},{"damage":21,"enemies":"Snake Plant","floor":27,"turns":3},{"damage":8,"enemies":"Centurion and Healer","floor":28,"turns":4},{"damage":15,"enemies":"Gremlin Leader","floor":29,"turns":4},{"damage":29,"enemies":"Automaton","floor":33,"turns":6}],"seed_played":"-2718515693853436294","potions_obtained":[{"floor":1,"key":"AttackPotion"},{"floor":7,"key":"SpeedPotion"},{"floor":11,"key":"SpeedPotion"},{"floor":16,"key":"Weak Potion"},{"floor":24,"key":"SkillPotion"}],"is_trial":false,"path_per_floor":["M","$","?","?","M","E","M","E","T","$","M","?","M","?","R","B",null,"M","$","M","?","?","R","E","R","T","M","M","E","?","?","R","B"],"character_chosen":"THE_SILENT","items_purchased":["Distraction","Dagger Spray","Well Laid Plans"],"campfire_rested":2,"item_purchase_floors":[2,10,10],"current_hp_per_floor":[57,57,50,55,43,43,43,8,8,8,8,8,8,8,30,25,63,63,63,63,63,63,63,45,45,45,24,16,1,1,1,23,0,0],"gold":0,"neow_bonus":"ONE_RANDOM_RARE_CARD","is_daily":false,"chose_seed":false,"campfire_upgraded":1,"win_rate":0.0,"timestamp":1611407119,"path_taken":["M","$","?","?","M","E","M","E","T","$","M","?","M","?","R","BOSS","M","$","M","?","?","R","E","R","T","M","M","E","?","?","R","BOSS"],"items_purchased_type":["Card","Card","Card"],"build_version":"2020-12-22","purchased_purges":2,"victory":false,"max_hp_per_floor":[70,70,70,75,75,75,75,75,75,75,75,75,75,75,75,75,75,75,75,75,75,75,75,75,75,75,75,75,75,75,75,75,75,75],"card_choices":[{"not_picked":["Riddle With Holes","Deadly Poison"],"picked":"Dagger Spray","floor":1},{"not_picked":["Endless Agony","Noxious Fumes"],"picked":"Slice","floor":5},{"not_picked":["Footwork","Noxious Fumes"],"picked":"Terror","floor":6},{"not_picked":["Flying Knee","Outmaneuver"],"picked":"Cloak And Dagger","floor":7},{"not_picked":["Prepared","Flying Knee"],"picked":"Deflect","floor":8},{"not_picked":["Eviscerate","Underhanded Strike"],"picked":"Leg Sweep","floor":11},{"not_picked":["Bane","Outmaneuver"],"picked":"Leg Sweep","floor":13},{"not_picked":["Bullet Time","Grand Finale"],"picked":"Storm of Steel","floor":16},{"not_picked":["Noxious Fumes","Quick Slash"],"picked":"Dagger Throw+1","floor":18},{"not_picked":["Acrobatics","Deadly Poison"],"picked":"Quick Slash","floor":20},{"not_picked":["Bane","Bouncing Flask"],"picked":"Sucker Punch","floor":24},{"not_picked":["Dagger Throw","Riddle With Holes"],"picked":"Slice","floor":27},{"not_picked":["Eviscerate","Deflect"],"picked":"Dagger Spray+1","floor":28},{"not_picked":["Quick Slash","All Out Attack+1"],"picked":"A Thousand Cuts","floor":29}],"player_experience":150556,"relics_obtained":[{"floor":6,"key":"Incense Burner"},{"floor":8,"key":"Juzu Bracelet"},{"floor":9,"key":"HornCleat"},{"floor":24,"key":"Peace Pipe"},{"floor":26,"key":"Akabeko"},{"floor":29,"key":"Potion Belt"}],"event_choices":[{"cards_removed":["Strike_G"],"damage_healed":0,"gold_gain":0,"player_choice":"Card Removal","damage_taken":7,"max_hp_gain":0,"max_hp_loss":0,"event_name":"Golden Wing","floor":3,"gold_loss":0},{"damage_healed":0,"gold_gain":0,"player_choice":"Donut","damage_taken":0,"max_hp_gain":5,"max_hp_loss":0,"event_name":"Big Fish","floor":4,"gold_loss":0},{"cards_removed":["Strike_G"],"damage_healed":0,"gold_gain":0,"player_choice":"Card Removal","damage_taken":0,"max_hp_gain":0,"max_hp_loss":0,"event_name":"The Cleric","floor":12,"gold_loss":50},{"damage_healed":0,"gold_gain":0,"player_choice":"Gave Potion","damage_taken":0,"relics_obtained":["Tough Bandages"],"max_hp_gain":0,"max_hp_loss":0,"event_name":"WeMeetAgain","floor":14,"gold_loss":0},{"damage_healed":0,"gold_gain":0,"player_choice":"Ignored","damage_taken":0,"max_hp_gain":0,"max_hp_loss":0,"event_name":"Ghosts","floor":21,"gold_loss":0},{"damage_healed":0,"gold_gain":0,"player_choice":"Copied","damage_taken":0,"max_hp_gain":0,"max_hp_loss":0,"event_name":"Duplicator","floor":22,"gold_loss":0,"cards_obtained":["Dagger Throw"]},{"damage_healed":0,"gold_gain":0,"player_choice":"Ignored","damage_taken":0,"max_hp_gain":0,"max_hp_loss":0,"event_name":"Vampires","floor":30,"gold_loss":0},{"damage_healed":0,"gold_gain":0,"player_choice":"Paid Fearfully","damage_taken":0,"max_hp_gain":0,"max_hp_loss":0,"event_name":"Masked Bandits","floor":31,"gold_loss":154}],"is_beta":false,"boss_relics":[{"not_picked":["Snecko Eye","Fusion Hammer"],"picked":"WristBlade"}],"items_purged_floors":[2,19],"is_endless":false,"potions_floor_spawned":[1,7,11,16,24],"killed_by":"Automaton","ascension_level":9}}