{"host":"0rdbtfh27r6ur4pq","time":1611378187,"event":{"mods":["BaseMod","Colored Map","Colored Powertips","Downfall","Hubris","Minty Spire (QoL Compilation)","Quick Restart","Replay The Spire","StSLib","SuperFastMode"],"gold_per_floor":[99,119,129,147,147,173,173,187,287,287,66,79,79,102,119,223,223,223,235,235,26,26,26,26],"floor_reached":22,"language":"ENG","playtime":1516,"items_purged":[],"score":193,"play_id":"a29581b5-e18f-48db-83ad-f6c720762be9","local_time":"20210122230307","is_ascension_mode":true,"campfire_choices":[{"data":"Slimebound:MassRepurpose","floor":1,"key":"SMITH"},{"floor":10,"key":"REST"},{"data":"Slimebound:Schlurp","floor":13,"key":"SMITH"},{"data":"Slimebound:Split","floor":18,"key":"SMITH"}],"circlet_count":0,"master_deck":["Slimebound:Strike_Slimebound","Slimebound:Strike_Slimebound","Slimebound:Tackle","Slimebound:Defend_Slimebound","Slimebound:Defend_Slimebound","Slimebound:Defend_Slimebound","Slimebound:Split+1","Slimebound:CorrosiveSpit","Slimebound:MassRepurpose+1","Slimebound:SamplingLick","Slimebound:HauntingLick","Slimebound:SplitMire","Slimebound:Nibble","hubris:DuctTapeCard","Slimebound:RejuvenatingLick","Slimebound:SplitAcid","Slimebound:AcidTongue","Slimebound:LeechLife","Slimebound:Schlurp+1","Slimebound:LeechEnergy","Slimebound:RejuvenatingLick","Slimebound:LeechLife","Slimebound:Equalize","Slimebound:SlimeSpikes","Slimebound:ComboTackle","Slimebound:ForwardTackle","Slimebound:RejuvenatingLick","Slimebound:SlimeSpikes","Slimebound:Grow","expansioncontent:Chronoboost"],"relics":["Slimebound:AbsorbEndCombat","hubris:DisguiseKit","hubris:DuctTape","Potion Belt","hubris:VirtuousBlindfold","downfall:KnowingSkull","BargainBundle"],"acts_visited":["Exordium","TheCity"],"potions_floor_usage":[9,16,16,16,21],"damage_taken":[{"damage":7,"enemies":"Cultist","floor":2,"turns":4},{"damage":0,"enemies":"2 Louse","floor":3,"turns":2},{"damage":14,"enemies":"Jaw Worm","floor":4,"turns":5},{"damage":24,"enemies":"3 Sentries","floor":6,"turns":6},{"damage":10,"enemies":"Large Slime","floor":8,"turns":4},{"damage":38,"enemies":"downfall:LadyInBlue","floor":9,"turns":11},{"damage":0,"enemies":"downfall:FleeingMerchant","floor":11,"turns":4},{"damage":21,"enemies":"Red Slaver","floor":12,"turns":3},{"damage":0,"enemies":"Large Slime","floor":15,"turns":4},{"damage":31,"enemies":"SI_SHIV_ARCHETYPE","floor":16,"turns":6},{"damage":55,"enemies":"3 Byrds","floor":19,"turns":5},{"damage":9,"enemies":"downfall:FleeingMerchant","floor":21,"turns":4},{"damage":0,"enemies":"Shell Parasite","floor":22,"turns":1}],"seed_played":"1951713631354075771","potions_obtained":[{"floor":6,"key":"LiquidMemories"},{"floor":9,"key":"BlessingOfTheForge"},{"floor":9,"key":"FairyPotion"},{"floor":9,"key":"Slimebound:SlimedPotion"},{"floor":12,"key":"champ:CounterPotion"}],"is_trial":false,"path_per_floor":["R","M","M","M","?","E","T","M","?","R","$","M","R","T","M","B",null,"R","M","?","$","M"],"character_chosen":"SLIMEBOUND","items_purchased":["Slimebound:LeechLife","Slimebound:Schlurp","BargainBundle","Slimebound:ComboTackle","Slimebound:ForwardTackle","Slimebound:RejuvenatingLick","Slimebound:SlimeSpikes","Slimebound:Grow","expansioncontent:Chronoboost","Energy Potion","Reflective Coating","Explosive Potion"],"campfire_rested":1,"item_purchase_floors":[11,11,21,21,21,21,21,21,21,21,21,21],"current_hp_per_floor":[65,60,64,53,53,37,37,35,5,24,28,21,21,21,27,4,65,65,14,8,27,27,27,27],"gold":26,"neow_bonus":"ONE_RANDOM_RARE_CARD","is_daily":false,"chose_seed":false,"campfire_upgraded":3,"win_rate":0.0,"timestamp":1611378187,"path_taken":["R","M","M","M","?","E","T","?","?","R","$","?","R","?","M","BOSS","R","M","?","$","M"],"items_purchased_type":["Card","Card","Relic","Card","Card","Card","Card","Card","Card","Potion","Potion","Potion"],"build_version":"2020-12-22","purchased_purges":0,"victory":false,"max_hp_per_floor":[65,65,65,65,65,65,65,65,65,65,65,65,65,65,65,65,65,65,65,65,65,65,65,65],"card_choices":[{"not_picked":["Slimebound:SlimeSpikes","Slimebound:Schlurp"],"picked":"Slimebound:SamplingLick","floor":2},{"not_picked":["Slimebound:Schlurp","Slimebound:GoopSpray"],"picked":"Slimebound:HauntingLick","floor":3},{"not_picked":["Slimebound:GoopSpray","Slimebound:LevelUp"],"picked":"Slimebound:SplitMire","floor":4},{"not_picked":["Slimebound:ViciousTackle","Slimebound:DivideAndConquer"],"picked":"Slimebound:Nibble","floor":6},{"not_picked":["Slimebound:Recollect","Slimebound:GoopSpray","Flex"],"picked":"Slimebound:RejuvenatingLick","floor":8},{"not_picked":["Slimebound:DisruptingSlam","Slimebound:SlimeBarrage","Iron Wave"],"picked":"Slimebound:SplitAcid","floor":9},{"not_picked":["Slimebound:ComboTackle","Slimebound:TagTeam","Warcry"],"picked":"Slimebound:AcidTongue","floor":11},{"not_picked":["Slimebound:SplitLeeching","Slimebound:FinishingTackle","Headbutt"],"picked":"Slimebound:LeechEnergy","floor":12},{"not_picked":["Slimebound:DivideAndConquer","Slimebound:HauntingLick","ReplayTheSpireMod:Muscle Training"],"picked":"Slimebound:RejuvenatingLick","floor":15},{"not_picked":["Slimebound:OneTwoCombo","Slimebound:CheckThePlaybook","Limit Break"],"picked":"Slimebound:LeechLife","floor":16},{"not_picked":["Slimebound:Prepare","Slimebound:LivingWall","Twin Strike"],"picked":"Slimebound:Equalize","floor":19},{"not_picked":["Slimebound:Overexert","Slimebound:RollThrough","Replay:Undeath\u0027s Touch"],"picked":"Slimebound:SlimeSpikes","floor":21}],"player_experience":86454,"relics_obtained":[{"floor":6,"key":"hubris:DisguiseKit"},{"floor":7,"key":"hubris:DuctTape"},{"floor":9,"key":"Potion Belt"}],"event_choices":[{"damage_healed":0,"gold_gain":0,"player_choice":"Ignored","damage_taken":0,"max_hp_gain":0,"max_hp_loss":0,"event_name":"NoteForYourself","floor":5,"gold_loss":0}],"is_beta":false,"boss_relics":[{"not_picked":["Fusion Hammer","ReplayTheSpireMod:DimensionalGlitch"],"picked":"hubris:VirtuousBlindfold"}],"items_purged_floors":[],"is_endless":false,"potions_floor_spawned":[6,12],"killed_by":"Shell Parasite","ascension_level":1}}