{"host":"pxk3h622qp5tl971","time":1611360359,"event":{"mods":["BaseMod","Downfall","Minty Spire (QoL Compilation)","StSLib"],"gold_per_floor":[99,115,115,18,34,45,45,45,45,56,83,116,116,27,40,136,136,136,152,168,9,9,9,63,74,74,90,90,121,138,138,154,257,257,157,170,184,184,198,20,44,44,55,73,99,121,133,19,29,29],"floor_reached":51,"language":"ENG","playtime":3251,"items_purged":["downfall:Haunted"],"score":901,"play_id":"5d48c7f3-006e-42b3-ae63-817fcc35769f","local_time":"20210122190559","is_ascension_mode":false,"campfire_choices":[{"data":"bronze:Replicate","floor":1.0,"key":"SMITH"},{"data":"bronze:MaxOutput","floor":13.0,"key":"SMITH"},{"data":"bronze:MaxOutput","floor":18,"key":"SMITH"},{"data":"bronze:ClassDefault","floor":26,"key":"SMITH"},{"floor":28,"key":"REST"},{"data":"bronze:MaxOutput","floor":35,"key":"SMITH"},{"data":"bronze:MaxOutput","floor":42,"key":"SMITH"}],"circlet_count":0,"master_deck":["bronze:Replicate+1","bronze:Goto","bronze:DelayedGuard+1","bronze:FindAndReplace","bronze:Invalidate+1","bronze:ChosenStrike","bronze:Iterate","bronze:BuggyMess+1","bronze:MaxOutput+1","bronze:CutThrough","bronze:BitShift","bronze:DelayedSlice","bronze:DelayedSlice","bronze:Virus","bronze:Assembly","bronze:Assembly","bronze:Invalidate","bronze:Frontload","bronze:MaxOutput+1","bronze:Overload","bronze:NullPointer","bronze:ChildClass","bronze:ClassDefault+1","bronze:FineTuning+1","bronze:Branch+1","bronze:GetLatest","bronze:ChildClass","bronze:MaxOutput+1","bronze:MaxOutput+1","bronze:ForLoop","bronze:FindAndReplace","bronze:BronzeOrb+1","bronze:BitShift+1"],"relics":["bronze:PlatinumCore","The Courier","Bag of Marbles","Incense Burner","Pandora\u0027s Box","Shuriken","Singing Bowl","Potion Belt","Strawberry","downfall:RedIOU","downfall:HeartBlessingGreen","Sling","Art of War","MawBank","Bronze Scales"],"acts_visited":["Exordium","TheCity","TheBeyond"],"potions_floor_usage":[50,50],"damage_taken":[{"damage":4.0,"enemies":"Cultist","floor":2.0,"turns":4.0},{"damage":0.0,"enemies":"downfall:FleeingMerchant","floor":4.0,"turns":4.0},{"damage":0.0,"enemies":"Jaw Worm","floor":5.0,"turns":4.0},{"damage":5.0,"enemies":"Small Slimes","floor":6.0,"turns":2.0},{"damage":0.0,"enemies":"Exordium Wildlife","floor":10.0,"turns":3.0},{"damage":0.0,"enemies":"Gremlin Nob","floor":12.0,"turns":3.0},{"damage":10.0,"enemies":"downfall:FleeingMerchant","floor":14.0,"turns":4.0},{"damage":0.0,"enemies":"Blue Slaver","floor":15.0,"turns":1.0},{"damage":29.0,"enemies":"DF_ARCHETYPE_STREAMLINE","floor":16.0,"turns":6.0},{"damage":2,"enemies":"Chosen","floor":19,"turns":2},{"damage":8,"enemies":"Centurion and Healer","floor":20,"turns":2},{"damage":24,"enemies":"downfall:FleeingMerchant","floor":21,"turns":4},{"damage":0,"enemies":"Sentry and Sphere","floor":25,"turns":3},{"damage":11,"enemies":"Snecko","floor":27,"turns":4},{"damage":2,"enemies":"Book of Stabbing","floor":29,"turns":2},{"damage":11,"enemies":"Centurion and Healer","floor":30,"turns":2},{"damage":0,"enemies":"Snake Plant","floor":32,"turns":2},{"damage":11,"enemies":"IC_MUSHROOM_ARCHETYPE","floor":33,"turns":4},{"damage":0,"enemies":"Orb Walker","floor":36,"turns":2},{"damage":10,"enemies":"3 Darklings","floor":37,"turns":2},{"damage":24,"enemies":"Spire Growth","floor":39,"turns":2},{"damage":0,"enemies":"Jaw Worm Horde","floor":43,"turns":2},{"damage":0,"enemies":"Sphere and 2 Shapes","floor":44,"turns":2},{"damage":0,"enemies":"Nemesis","floor":45,"turns":3},{"damage":0,"enemies":"Transient","floor":46,"turns":5},{"damage":0,"enemies":"Maw","floor":49,"turns":3},{"damage":0,"enemies":"WA_ARCHETYPE_DIVINITY","floor":50,"turns":4}],"seed_played":"-6217747015211899445","potions_obtained":[{"floor":2.0,"key":"SpeedPotion"},{"floor":10.0,"key":"hexamod:SoulburnPotion"},{"floor":12.0,"key":"DuplicationPotion"},{"floor":27,"key":"GamblersBrew"},{"floor":33,"key":"BlessingOfTheForge"},{"floor":37,"key":"Guardian:BlockOnCardUsePotion"},{"floor":45,"key":"Swift Potion"}],"is_trial":false,"path_per_floor":["R","M","?","$","M","M","T","?","?","M","T","E","R","$","M","B",null,"R","M","M","$","?","?","T","M","R","M","R","E","M","?","M","B",null,"R","M","M","?","M","$","T","R","M","M","E","M","?","$","M","B",null],"character_chosen":"THE_AUTOMATON","items_purchased":["bronze:Invalidate","bronze:ChosenStrike","bronze:DelayedSlice","bronze:DelayedSlice","Shuriken","bronze:GetLatest","bronze:ChildClass","Singing Bowl","Sling","Bronze Scales"],"campfire_rested":1,"item_purchase_floors":[4,4,14,14,21,21,21,21,40,48],"current_hp_per_floor":[77,73,73,73,73,68,68,73,73,73,73,73,73,63,63,34,82,82,80,72,48,48,48,48,50,50,39,64,69,58,58,60,49,93,93,95,87,87,65,65,65,65,67,67,69,69,69,69,71,71],"gold":29,"neow_bonus":"TEN_PERCENT_HP_BONUS","is_daily":false,"chose_seed":false,"campfire_upgraded":6,"win_rate":0.0,"timestamp":1611360359,"path_taken":["R","M","?","?","M","M","T","?","?","?","?","E","R","$","M","BOSS","R","M","M","$","?","?","T","M","R","M","R","E","M","?","M","BOSS","R","M","M","?","M","$","T","R","?","M","E","M","?","$","M","BOSS"],"items_purchased_type":["Card","Card","Card","Card","Relic","Card","Card","Relic","Relic","Relic"],"build_version":"2020-12-22","purchased_purges":1,"victory":true,"max_hp_per_floor":[77,77,77,77,77,77,77,82,82,82,82,82,82,82,82,82,82,82,82,82,82,82,82,82,84,84,84,84,91,91,91,93,93,93,93,95,97,97,99,99,99,99,101,101,103,103,103,103,105,105],"card_choices":[{"not_picked":["bronze:ForceShield","bronze:OilSpill"],"picked":"bronze:DelayedGuard","floor":2.0},{"not_picked":["bronze:Turbo","bronze:OilSpill"],"picked":"bronze:FindAndReplace","floor":4.0},{"not_picked":["bronze:Repair","bronze:Turbo"],"picked":"bronze:Iterate","floor":5.0},{"not_picked":["bronze:DigitalCarnage","bronze:NullPointer"],"picked":"bronze:BuggyMess","floor":6.0},{"not_picked":["bronze:Optimize","bronze:BuggyMess"],"picked":"bronze:MaxOutput","floor":10.0},{"not_picked":["bronze:AlphaBuild","bronze:WildBeam"],"picked":"bronze:CutThrough","floor":12.0},{"not_picked":["bronze:Branch","bronze:DelayedGuard"],"picked":"bronze:BitShift","floor":14.0},{"not_picked":["bronze:Turbo","bronze:ChildClass"],"picked":"bronze:Virus","floor":15.0},{"not_picked":["bronze:ThunderWave","bronze:Verify"],"picked":"bronze:Assembly","floor":16.0},{"not_picked":["bronze:DigitalCarnage","bronze:Boost"],"picked":"bronze:FineTuning+1","floor":19},{"not_picked":["bronze:Flail","bronze:Frontload+1"],"picked":"bronze:Branch+1","floor":20},{"not_picked":["bronze:BuggyMess","bronze:Turbo","bronze:HardenedForm"],"picked":"SKIP","floor":21},{"not_picked":["bronze:GetLatest","bronze:Safeguard+1","bronze:OilSpill"],"picked":"Singing Bowl","floor":25},{"not_picked":["bronze:OilSpill","bronze:DigitalCarnage"],"picked":"bronze:MaxOutput","floor":27},{"not_picked":["bronze:Allocate","bronze:WhirlingStrike"],"picked":"bronze:MaxOutput","floor":29},{"not_picked":["bronze:BuggyMess","bronze:Deprecate"],"picked":"bronze:ForLoop","floor":30},{"not_picked":["bronze:Overload+1","bronze:OilSpill","bronze:Boost+1"],"picked":"Singing Bowl","floor":32},{"not_picked":["bronze:HyperBeam","bronze:RecursiveStrike"],"picked":"bronze:FindAndReplace","floor":33},{"not_picked":["bronze:ChildClass","bronze:DelayedGuard","bronze:Return+1"],"picked":"Singing Bowl","floor":36},{"not_picked":["bronze:ItsAFeature+1","bronze:BugBarrage+1","bronze:CutThrough+1"],"picked":"Singing Bowl","floor":37},{"not_picked":["bronze:BuggyMess","bronze:DelayedGuard","bronze:Frontload"],"picked":"Singing Bowl","floor":39},{"not_picked":["bronze:FollowUp","bronze:RecursiveStrike","bronze:Repulsor+1"],"picked":"Singing Bowl","floor":43},{"not_picked":["bronze:ChosenStrike+1","bronze:BugBarrage"],"picked":"bronze:BronzeOrb+1","floor":44},{"not_picked":["bronze:OilSpill+1","bronze:BronzeArmor","bronze:FollowUp+1"],"picked":"Singing Bowl","floor":45},{"not_picked":["bronze:Frontload","bronze:Branch+1"],"picked":"bronze:BitShift+1","floor":46},{"not_picked":["bronze:Frontload+1","bronze:Philosophize","bronze:Branch+1"],"picked":"Singing Bowl","floor":49}],"player_experience":197190,"relics_obtained":[{"floor":7.0,"key":"The Courier"},{"floor":11.0,"key":"Bag of Marbles"},{"floor":12.0,"key":"Incense Burner"},{"floor":24,"key":"bronze:ProtectiveGoggles"},{"floor":29,"key":"Strawberry"},{"floor":41,"key":"Art of War"},{"floor":45,"key":"MawBank"}],"event_choices":[{"damage_healed":0.0,"max_hp_gain":0.0,"max_hp_loss":0.0,"gold_gain":0.0,"event_name":"NoteForYourself","player_choice":"Ignored","floor":3.0,"gold_loss":0.0,"damage_taken":0.0},{"damage_healed":0.0,"max_hp_gain":5.0,"max_hp_loss":0.0,"gold_gain":0.0,"event_name":"Big Fish","player_choice":"Donut","floor":8.0,"gold_loss":0.0,"damage_taken":0.0},{"damage_healed":0,"gold_gain":0,"player_choice":"Ignored","damage_taken":0,"max_hp_gain":0,"max_hp_loss":0,"event_name":"Vampires","floor":22,"gold_loss":0}],"is_beta":false,"boss_relics":[{"not_picked":["SlaversCollar","Sozu"],"picked":"Pandora\u0027s Box"},{"not_picked":["Velvet Choker","Runic Pyramid"],"picked":"bronze:PlatinumCore"}],"items_purged_floors":[40],"is_endless":false,"potions_floor_spawned":[2,10,12,19,27,33,37,45,46],"ascension_level":0}}