{"host":"5f3w3xqo483bhjcu","time":1611392140,"event":{"mods":["Act Like it!","BaseMod","KinomotoSakuraMod(ƒæ÷Æ±æ”£)","Koishi","Marisa£®ÏF”Í°°ƒß¿Ì…≥£©","Minty Spire (QoL Compilation)","Reimu£®≤©¿ˆ¡È√Œ£©","Remilia£®¿Ÿ√◊¿Ú—«£©","StSLib","The Servant 0.9.4","Waifu the Spire","WarShipGirlsR/’ΩΩ¢…Ÿ≈ÆR mod","Yakumo Yukari mod","Youmu£®ªÍ∆«—˝√Œ£©","Yuyuko","[IsaacMod]“‘»ˆº‚À˛","°æ“≈ŒÔø®≈∆°øREMEMod"],"gold_per_floor":[115,126,126,146,71,99,118,128,198,3,3,18,18,38,38,138,138,148,148,48,48,48,80,92,106,106,122,139,139,149,149,149,149,149],"floor_reached":33,"language":"ZHS","playtime":2965,"items_purged":["rmod:defend","rmod:strick"],"score":296,"play_id":"a184f39c-40e2-4eb7-9ac4-0d606325c634","local_time":"20210123165540","is_ascension_mode":false,"campfire_choices":[{"data":"rmod:tearstotiara","floor":13,"key":"SMITH"},{"data":"rmod:ammunitionsupply","floor":15,"key":"SMITH"},{"floor":29,"key":"REST"},{"data":"rmod:highspeedmaneuver","floor":32,"key":"SMITH"}],"circlet_count":0,"master_deck":["rmod:strick+1","rmod:strick+1","rmod:defend","rmod:defend","rmod:defend","rmod:basicallowance","rmod:maingunfire","rmod:ammunitionsupply+1","rmod:ammunitionsupply","rmod:tearstotiara+1","rmod:stealaluminum","Shame","rmod:highspeedmaneuver+1","rmod:combined","rmod:circuitoustactics+1"],"relics":["REME_ComplimentaryCards","HushsDoor","BookofShadows","NeowsBlessing","Boot","Gremlin Horn","PreservedInsect","rmod:mogul","BelialBook","Whetstone","Matryoshka"],"acts_visited":["Exordium","TheCity"],"potions_floor_usage":[25,33,33,33],"damage_taken":[{"damage":0,"enemies":"Small Slimes","floor":1,"turns":1},{"damage":0,"enemies":"2 Louse","floor":2,"turns":1},{"damage":0,"enemies":"Jaw Worm","floor":4,"turns":1},{"damage":0,"enemies":"3 Sentries","floor":6,"turns":1},{"damage":18,"enemies":"Lots of Slimes","floor":7,"turns":5},{"damage":0,"enemies":"Red Slaver","floor":8,"turns":1},{"damage":1,"enemies":"3 Louse","floor":12,"turns":3},{"damage":8,"enemies":"Looter","floor":14,"turns":3},{"damage":15,"enemies":"Hexaghost","floor":16,"turns":8},{"damage":0,"enemies":"2 Thieves","floor":18,"turns":3},{"damage":43,"enemies":"Slavers","floor":23,"turns":5},{"damage":23,"enemies":"Shell Parasite","floor":24,"turns":5},{"damage":5,"enemies":"Cultist and Chosen","floor":25,"turns":3},{"damage":0,"enemies":"Centurion and Healer","floor":27,"turns":4},{"damage":0,"enemies":"Sentry and Sphere","floor":28,"turns":2},{"damage":15,"enemies":"Snake Plant","floor":30,"turns":3},{"damage":21,"enemies":"Champ","floor":33,"turns":13}],"seed_played":"6361784970524741741","potions_obtained":[{"floor":2,"key":"Swift Potion"},{"floor":4,"key":"FairyPotion"},{"floor":16,"key":"Energy Potion"},{"floor":27,"key":"Weak Potion"},{"floor":28,"key":"BlessingOfTheForge"}],"is_trial":false,"path_per_floor":["M","M","?","M","$","E","M","M","T","$","?","M","R","M","R","B",null,"M","?","$","?","?","E","M","M","T","M","M","R","M","?","R","B"],"character_chosen":"PRAEFECT","items_purchased":["PreservedInsect","rmod:tearstotiara"],"campfire_rested":1,"item_purchase_floors":[10,10],"current_hp_per_floor":[75,75,75,75,75,75,57,57,57,57,50,49,49,41,41,26,75,75,60,60,60,60,17,22,17,17,17,17,39,24,24,24,3,3],"gold":149,"neow_bonus":"THREE_ENEMY_KILL","is_daily":false,"chose_seed":false,"campfire_upgraded":3,"win_rate":0.0,"timestamp":1611392140,"path_taken":["M","M","?","?","$","E","M","M","T","?","?","M","R","M","R","BOSS","M","?","$","?","?","E","M","M","T","M","M","R","M","?","R","BOSS"],"items_purchased_type":["Relic","Card"],"build_version":"2020-12-22","purchased_purges":2,"victory":false,"max_hp_per_floor":[75,75,75,75,75,75,75,75,75,75,75,75,75,75,75,75,75,75,75,75,75,75,75,75,75,75,75,75,75,75,75,75,75,75],"card_choices":[{"not_picked":[],"picked":"Bomb","floor":0},{"not_picked":["rmod:fletcherpendant","rmod:aluminumsupply"],"picked":"rmod:ammunitionsupply","floor":1},{"not_picked":["rmod:robin","rmod:supportescort","rmod:aviationdawn"],"picked":"SKIP","floor":2},{"not_picked":["rmod:heivgo","rmod:steelsupply","rmod:bulid"],"picked":"SKIP","floor":4},{"not_picked":["rmod:supportescort","rmod:combined","rmod:unsinkable"],"picked":"SKIP","floor":6},{"not_picked":["rmod:circuitoustactics","rmod:aluminumsupply"],"picked":"Bomb","floor":7},{"not_picked":["rmod:unsinkable","rmod:aluminumsupply"],"picked":"rmod:ammunitionsupply","floor":8},{"not_picked":["rmod:desperatesituation","rmod:diamondstrike","rmod:supportescort"],"picked":"SKIP","floor":12},{"not_picked":["rmod:supportescort","rmod:victimresponsibility","rmod:unsinkable"],"picked":"SKIP","floor":14},{"not_picked":["rmod:timeschanged","rmod:seals"],"picked":"rmod:stealaluminum","floor":16},{"not_picked":["rmod:heivgo","rmod:diaomin","rmod:fletcherpendant"],"picked":"SKIP","floor":18},{"not_picked":["rmod:unsinkable","rmod:slowdown","rmod:victimresponsibility"],"picked":"SKIP","floor":23},{"not_picked":["rmod:spoils","rmod:openingtorpedo","rmod:fuelsupply"],"picked":"SKIP","floor":24},{"not_picked":["rmod:luckystar","rmod:ring","rmod:advancebysurprise"],"picked":"SKIP","floor":25},{"not_picked":["rmod:supportescort+1","rmod:victimresponsibility"],"picked":"rmod:highspeedmaneuver","floor":27},{"not_picked":["rmod:victimresponsibility","rmod:steelsupply"],"picked":"rmod:combined","floor":28},{"not_picked":["rmod:luckystar","rmod:fletcherpendant"],"picked":"rmod:circuitoustactics+1","floor":30}],"player_experience":397388,"relics_obtained":[{"floor":6,"key":"Boot"},{"floor":9,"key":"Gremlin Horn"},{"floor":23,"key":"Whetstone"},{"floor":26,"key":"Matryoshka"}],"event_choices":[{"cards_removed":["rmod:strick"],"damage_healed":0,"gold_gain":0,"player_choice":"Card Removal","damage_taken":7,"max_hp_gain":0,"max_hp_loss":0,"event_name":"Golden Wing","floor":11,"gold_loss":0},{"damage_healed":0,"gold_gain":0,"player_choice":"Stole Relic","damage_taken":0,"relics_obtained":["BelialBook"],"max_hp_gain":0,"max_hp_loss":0,"event_name":"Addict","floor":21,"gold_loss":0,"cards_obtained":["Shame"]},{"damage_healed":0,"gold_gain":0,"player_choice":"Ignored","damage_taken":0,"max_hp_gain":0,"max_hp_loss":0,"event_name":"Vampires","floor":22,"gold_loss":0}],"is_beta":false,"boss_relics":[{"not_picked":["Velvet Choker","REME_DuelDisc"],"picked":"rmod:mogul"},{"not_picked":[]}],"items_purged_floors":[5,20],"is_endless":false,"potions_floor_spawned":[2,4,16,27,28,30],"killed_by":"Champ","ascension_level":0}}