{"host":"sian7qp8a9pc9xwd","time":1611422236,"event":{"mods":["BaseMod","Minty Spire (QoL Compilation)","StSLib","SuperFastMode"],"gold_per_floor":[119,131,18,93,93,93,93,12,12,26,26,26,37,55,55,129,129,139,139,162,77,93,93,118,118,118,118,118,130,155,171,171,242,242,254,254,254,254,254,288,300,332,397,409,439,476,513,570,582,594],"floor_reached":51,"language":"ENG","playtime":1961,"items_purged":[],"score":1195,"play_id":"ba64b11f-c568-49ef-bc3a-55c37ddacae3","local_time":"20210123121716","is_ascension_mode":true,"campfire_choices":[{"floor":6.0,"key":"REST"},{"data":"Blade Dance","floor":12.0,"key":"SMITH"},{"floor":15.0,"key":"REST"},{"data":"Envenom","floor":23.0,"key":"SMITH"},{"data":"Neutralize","floor":27.0,"key":"SMITH"},{"data":"Blade Dance","floor":32.0,"key":"SMITH"},{"data":"Adrenaline","floor":41.0,"key":"SMITH"},{"data":"Adrenaline","floor":44.0,"key":"SMITH"},{"data":"Blade Dance","floor":49.0,"key":"SMITH"}],"circlet_count":0,"master_deck":["AscendersBane","Strike_G","Strike_G+1","Strike_G","Defend_G","Defend_G","Defend_G","Defend_G","Defend_G","Survivor","Neutralize+1","Envenom+1","Cloak And Dagger","Accuracy","Noxious Fumes","Blade Dance+1","Backflip","Envenom+1","Adrenaline+1","Dodge and Roll+1","Backflip","Storm of Steel","Adrenaline+1","Blade Dance+1","Catalyst+1","Leg Sweep","Flash of Steel","Flash of Steel","Impatience","Blade Dance+1","Cloak And Dagger"],"relics":["Ring of the Snake","Incense Burner","Bronze Scales","WristBlade","Eternal Feather","MealTicket","Bag of Marbles","Art of War","The Courier","Regal Pillow","Empty Cage","MawBank","Snake Skull","The Specimen","Anchor","Lizard Tail"],"acts_visited":["Exordium","TheCity","TheBeyond"],"potions_floor_usage":[50],"damage_taken":[{"damage":0.0,"enemies":"Small Slimes","floor":1.0,"turns":4.0},{"damage":1.0,"enemies":"2 Louse","floor":2.0,"turns":5.0},{"damage":0.0,"enemies":"Cultist","floor":10.0,"turns":4.0},{"damage":1.0,"enemies":"Looter","floor":13.0,"turns":3.0},{"damage":5.0,"enemies":"Blue Slaver","floor":14.0,"turns":3.0},{"damage":29.0,"enemies":"The Guardian","floor":16.0,"turns":9.0},{"damage":0.0,"enemies":"Spheric Guardian","floor":18.0,"turns":3.0},{"damage":0.0,"enemies":"3 Byrds","floor":22.0,"turns":4.0},{"damage":15.0,"enemies":"Slavers","floor":24.0,"turns":4.0},{"damage":0.0,"enemies":"3 Cultists","floor":29.0,"turns":4.0},{"damage":2.0,"enemies":"Gremlin Leader","floor":30.0,"turns":4.0},{"damage":0.0,"enemies":"Centurion and Healer","floor":31.0,"turns":2.0},{"damage":45.0,"enemies":"Automaton","floor":33.0,"turns":8.0},{"damage":3.0,"enemies":"3 Shapes","floor":35.0,"turns":3.0},{"damage":21.0,"enemies":"Nemesis","floor":40.0,"turns":3.0},{"damage":8.0,"enemies":"Orb Walker","floor":42.0,"turns":2.0},{"damage":4.0,"enemies":"4 Shapes","floor":45.0,"turns":6.0},{"damage":0.0,"enemies":"Mind Bloom Boss Battle","floor":46.0,"turns":4.0},{"damage":16.0,"enemies":"Reptomancer","floor":47.0,"turns":4.0},{"damage":0.0,"enemies":"2 Orb Walkers","floor":48.0,"turns":1.0},{"damage":44,"enemies":"Donu and Deca","floor":50,"turns":8}],"seed_played":"-600407785932170535","potions_obtained":[{"floor":13.0,"key":"LiquidBronze"},{"floor":14.0,"key":"SneckoOil"},{"floor":22.0,"key":"CunningPotion"},{"floor":24.0,"key":"DuplicationPotion"},{"floor":29.0,"key":"Energy Potion"},{"floor":33.0,"key":"ColorlessPotion"},{"floor":42.0,"key":"DistilledChaos"},{"floor":48.0,"key":"LiquidBronze"}],"is_trial":false,"path_per_floor":["M","M","$","?","?","R","?","$","T","M","?","R","M","M","R","B",null,"M","?","T","?","M","R","E","?","T","R","?","M","E","M","R","B",null,"M","?","?","?","?","E","R","M","T","R","M","?","E","?","R","B",null],"character_chosen":"THE_SILENT","items_purchased":["Blur","Accuracy","Noxious Fumes"],"campfire_rested":2,"item_purchase_floors":[3,3,8],"current_hp_per_floor":[45,44,44,33,19,40,40,40,40,40,33,33,32,27,48,19,57,57,57,57,57,57,69,54,54,54,69,69,69,67,67,70,25,59,56,56,46,46,46,25,43,35,35,53,49,49,33,33,51,7],"gold":606,"neow_bonus":"THREE_RARE_CARDS","is_daily":false,"chose_seed":false,"campfire_upgraded":7,"win_rate":0.0,"timestamp":1611422236,"path_taken":["M","M","$","?","?","R","?","$","T","?","?","R","M","M","R","BOSS","M","?","?","?","M","R","E","?","T","R","?","M","E","?","R","BOSS","M","?","?","?","?","E","R","?","T","R","M","?","E","?","R","BOSS"],"items_purchased_type":["Card","Card","Card"],"build_version":"2020-12-22","purchased_purges":0,"victory":true,"max_hp_per_floor":[70,70,70,70,70,70,70,70,70,70,70,70,70,70,70,70,70,70,70,70,70,70,70,70,70,70,70,70,70,70,70,70,70,70,70,66,66,66,66,66,66,66,66,66,66,66,66,66,66,66],"card_choices":[{"not_picked":["Malaise","Corpse Explosion"],"picked":"Envenom","floor":0.0},{"not_picked":["Underhanded Strike","Acrobatics"],"picked":"Cloak And Dagger","floor":1.0},{"not_picked":["Infinite Blades","Skewer","Poisoned Stab"],"picked":"SKIP","floor":2.0},{"not_picked":["Deadly Poison","Flying Knee"],"picked":"Blade Dance","floor":10.0},{"not_picked":["PiercingWail","Terror"],"picked":"Backflip","floor":13.0},{"not_picked":["Dodge and Roll","Skewer"],"picked":"Envenom","floor":14.0},{"not_picked":["Phantasmal Killer","Storm of Steel"],"picked":"Adrenaline","floor":16.0},{"not_picked":["Prepared","Deadly Poison"],"picked":"Dodge and Roll+1","floor":18.0},{"not_picked":["Dagger Throw+1","Flying Knee"],"picked":"Backflip","floor":22.0},{"not_picked":["PiercingWail","Dodge and Roll"],"picked":"Storm of Steel","floor":24.0},{"not_picked":["Slice","Acrobatics+1"],"picked":"Blade Dance","floor":29.0},{"not_picked":["PiercingWail","Riddle With Holes"],"picked":"Catalyst+1","floor":30.0},{"not_picked":["Sucker Punch","PiercingWail","Underhanded Strike"],"picked":"SKIP","floor":31.0},{"not_picked":["Prepared","Slice"],"picked":"Leg Sweep","floor":35.0},{"not_picked":["Forethought","Jack Of All Trades"],"picked":"Flash of Steel","floor":37.0},{"not_picked":["Mayhem","Panacea"],"picked":"Flash of Steel","floor":37.0},{"not_picked":["Swift Strike","Apotheosis"],"picked":"Impatience","floor":37.0},{"not_picked":["Outmaneuver","Slice+1"],"picked":"Blade Dance","floor":40.0},{"not_picked":["Calculated Gamble+1","Slice","Distraction"],"picked":"SKIP","floor":42.0},{"not_picked":["Poisoned Stab","Underhanded Strike+1","Skewer+1"],"picked":"SKIP","floor":45.0},{"not_picked":["Flechettes","Deflect","Finisher"],"picked":"SKIP","floor":47.0},{"not_picked":["Doppelganger","All Out Attack+1"],"picked":"Cloak And Dagger","floor":48.0}],"player_experience":771067,"relics_obtained":[{"floor":9.0,"key":"Incense Burner"},{"floor":20.0,"key":"MealTicket"},{"floor":24.0,"key":"Art of War"},{"floor":26.0,"key":"The Courier"},{"floor":30.0,"key":"Regal Pillow"},{"floor":40.0,"key":"MawBank"},{"floor":43.0,"key":"Snake Skull"},{"floor":46.0,"key":"The Specimen"},{"floor":47.0,"key":"Anchor"},{"floor":48.0,"key":"Lizard Tail"}],"event_choices":[{"damage_healed":0.0,"max_hp_gain":0.0,"max_hp_loss":0.0,"gold_gain":75.0,"event_name":"World of Goop","player_choice":"Gather Gold","floor":4.0,"gold_loss":0.0,"damage_taken":11.0},{"damage_healed":0.0,"max_hp_gain":0.0,"max_hp_loss":0.0,"gold_gain":0.0,"event_name":"Shining Light","player_choice":"Entered Light","floor":5.0,"gold_loss":0.0,"damage_taken":14.0,"cards_upgraded":["Strike_G","Strike_G"]},{"damage_healed":0.0,"max_hp_gain":0.0,"max_hp_loss":0.0,"gold_gain":0.0,"event_name":"Accursed Blacksmith","player_choice":"Forge","floor":7.0,"gold_loss":0.0,"damage_taken":0.0,"cards_upgraded":["Envenom"]},{"damage_healed":0.0,"max_hp_gain":0.0,"max_hp_loss":0.0,"gold_gain":0.0,"event_name":"Scrap Ooze","player_choice":"Success","floor":11.0,"gold_loss":0.0,"damage_taken":7.0,"relics_obtained":["Bronze Scales"]},{"damage_healed":0.0,"max_hp_gain":0.0,"max_hp_loss":0.0,"gold_gain":0.0,"event_name":"The Mausoleum","player_choice":"Opened","floor":19.0,"gold_loss":0.0,"damage_taken":0.0,"relics_obtained":["Eternal Feather"]},{"damage_healed":0.0,"max_hp_gain":0.0,"max_hp_loss":0.0,"gold_gain":0.0,"event_name":"Addict","player_choice":"Obtained Relic","floor":21.0,"gold_loss":85.0,"damage_taken":0.0,"relics_obtained":["Bag of Marbles"]},{"damage_healed":0.0,"max_hp_gain":0.0,"max_hp_loss":0.0,"gold_gain":0.0,"event_name":"Vampires","player_choice":"Ignored","floor":25.0,"gold_loss":0.0,"damage_taken":0.0},{"damage_healed":0.0,"max_hp_gain":0.0,"max_hp_loss":0.0,"gold_gain":0.0,"event_name":"Duplicator","player_choice":"Copied","floor":28.0,"gold_loss":0.0,"damage_taken":0.0,"cards_obtained":["Adrenaline"]},{"damage_healed":0.0,"max_hp_gain":0.0,"max_hp_loss":4.0,"gold_gain":0.0,"event_name":"Winding Halls","player_choice":"Max HP","floor":36.0,"gold_loss":0.0,"damage_taken":0.0},{"damage_healed":0.0,"max_hp_gain":0.0,"max_hp_loss":0.0,"gold_gain":0.0,"event_name":"SensoryStone","player_choice":"Memory 3","floor":37.0,"gold_loss":0.0,"damage_taken":10.0},{"damage_healed":0.0,"max_hp_gain":0.0,"max_hp_loss":0.0,"gold_gain":0.0,"event_name":"Tomb of Lord Red Mask","player_choice":"Ignored","floor":38.0,"gold_loss":0.0,"damage_taken":0.0},{"cards_removed":["Blur"],"damage_healed":0.0,"max_hp_gain":0.0,"max_hp_loss":0.0,"gold_gain":0.0,"event_name":"Falling","player_choice":"Removed Skill","floor":39.0,"gold_loss":0.0,"damage_taken":0.0},{"damage_healed":0.0,"max_hp_gain":0.0,"max_hp_loss":0.0,"gold_gain":0.0,"event_name":"MindBloom","player_choice":"Fight","floor":46.0,"gold_loss":0.0,"damage_taken":0.0},{"damage_healed":0.0,"max_hp_gain":0.0,"max_hp_loss":0.0,"gold_gain":0.0,"event_name":"Mysterious Sphere","player_choice":"Fight","floor":48.0,"gold_loss":0.0,"damage_taken":0.0}],"is_beta":false,"boss_relics":[{"not_picked":["HoveringKite","Cursed Key"],"picked":"WristBlade"},{"not_picked":["Pandora\u0027s Box","SlaversCollar"],"picked":"Empty Cage"}],"items_purged_floors":[],"is_endless":false,"potions_floor_spawned":[13,14,22,24,29,33,42,48],"ascension_level":13}}