{"host":"utcbn1j9ebmpc40m","time":1611372386,"event":{"mods":["BaseMod","Better Altar","Better Match","Downfall","GifTheSpireLib","Minty Spire (QoL Compilation)","Poor People Problems","StSLib","SuperFastMode","The IronCluck","The Servant 0.9.4"],"gold_per_floor":[99,99,52,52,52,52,52,152,182,182,82,113,113,147,159,159,159,159],"floor_reached":16,"language":"ENG","playtime":572,"items_purged":[],"score":112,"play_id":"943f75ad-106e-4a87-81b6-ee219d64d80c","local_time":"20210122222626","is_ascension_mode":false,"campfire_choices":[{"data":"Slimebound:Tackle","floor":1,"key":"SMITH"},{"floor":10,"key":"REST"},{"floor":11,"key":"REST"},{"floor":13,"key":"REST"}],"circlet_count":0,"master_deck":["Slimebound:Strike_Slimebound","Slimebound:Strike_Slimebound","Slimebound:Strike_Slimebound+1","Slimebound:Tackle+1","Slimebound:Defend_Slimebound","Slimebound:Defend_Slimebound+1","Slimebound:Defend_Slimebound+1","Slimebound:Defend_Slimebound","Slimebound:Split","Slimebound:CorrosiveSpit+1","Slimebound:SplitMire+1","Slimebound:SlimeSpikes+1","Slimebound:RollThrough","downfall:Malfunctioning","Slimebound:ItLooksTasty","Slimebound:Split+1","Slimebound:RollThrough","Slimebound:ViciousTackle","Slimebound:FirmFortitude+1","Purity+1","Injury","Slimebound:Schlurp+1","Slimebound:SamplingLick+1","Slimebound:FinishingTackle","Slimebound:SlimeBrawl+1"],"relics":["Slimebound:AbsorbEndCombat","downfall:HeartsMalice","Toxic Egg 2","downfall:GremlinSack","WingedGreaves","downfall:HeartBlessingGreen","Ancient Tea Set","War Paint"],"acts_visited":["Exordium"],"potions_floor_usage":[],"damage_taken":[{"damage":0,"enemies":"Small Slimes","floor":2,"turns":1},{"damage":0,"enemies":"downfall:FleeingMerchant","floor":3,"turns":1},{"damage":0,"enemies":"downfall:FleeingMerchant","floor":5,"turns":1},{"damage":31,"enemies":"downfall:FleeingMerchant","floor":8,"turns":5},{"damage":28,"enemies":"Lagavulin","floor":9,"turns":6},{"damage":35,"enemies":"Gremlin Nob","floor":12,"turns":4},{"damage":16,"enemies":"3 Sentries","floor":14,"turns":4},{"damage":7,"enemies":"Jaw Worm","floor":15,"turns":2},{"damage":42,"enemies":"WA_ARCHETYPE_RETAIN","floor":16,"turns":7}],"seed_played":"1405709824043777749","potions_obtained":[{"floor":8,"key":"AttackPotion"},{"floor":9,"key":"Swift Potion"},{"floor":12,"key":"SteroidPotion"},{"floor":14,"key":"Energy Potion"}],"is_trial":false,"path_per_floor":["R","M","$","?","$","?","T","?","E","R","R","E","R","E","M","B"],"character_chosen":"SLIMEBOUND","items_purchased":["Slimebound:RollThrough"],"campfire_rested":3,"item_purchase_floors":[3],"current_hp_per_floor":[65,65,65,65,65,65,65,40,20,39,58,27,46,36,33,0,0,0],"gold":159,"neow_bonus":"THREE_ENEMY_KILL","is_daily":false,"chose_seed":false,"campfire_upgraded":1,"win_rate":0.0,"timestamp":1611372386,"path_taken":["R","M","$","?","$","?","T","?","E","R","R","E","R","E","M","BOSS"],"items_purchased_type":["Card"],"build_version":"2020-12-22","purchased_purges":0,"victory":false,"max_hp_per_floor":[65,65,65,65,65,65,65,65,65,65,65,65,65,65,65,65,65,65],"card_choices":[{"not_picked":["Slimebound:SlimeTap","Slimebound:SpikyOuterGoop"],"picked":"Slimebound:SplitMire","floor":2},{"not_picked":["Slimebound:FlameTackle","Slimebound:SlimeBrawl"],"picked":"Slimebound:SlimeSpikes","floor":3},{"not_picked":["Slimebound:SlimeTap","Slimebound:ProtectTheBoss"],"picked":"Slimebound:ItLooksTasty","floor":5},{"not_picked":["Slimebound:Dissolve+1","Slimebound:FormOfPuddle+1"],"picked":"Slimebound:Schlurp+1","floor":8},{"not_picked":["Slimebound:SplitMire+1","Slimebound:Nibble"],"picked":"Slimebound:SamplingLick+1","floor":9},{"not_picked":["Slimebound:Grow","Slimebound:RollThrough"],"picked":"Slimebound:FinishingTackle","floor":12},{"not_picked":["Slimebound:Grow","Slimebound:SplitAcid+1"],"picked":"Slimebound:SlimeBrawl+1","floor":14},{"not_picked":["Slimebound:AcidTongue","Slimebound:SpikyOuterGoop","Slimebound:Grow"],"picked":"SKIP","floor":15}],"player_experience":507203,"relics_obtained":[{"floor":7,"key":"Toxic Egg 2"},{"floor":8,"key":"downfall:GremlinSack"},{"floor":9,"key":"WingedGreaves"},{"floor":12,"key":"Ancient Tea Set"},{"floor":14,"key":"War Paint"}],"event_choices":[{"damage_healed":0,"gold_gain":0,"player_choice":"Grow","damage_taken":0,"max_hp_gain":0,"max_hp_loss":0,"event_name":"Living Wall","floor":6,"gold_loss":0,"cards_upgraded":["Slimebound:SlimeSpikes"]}],"is_beta":false,"boss_relics":[],"items_purged_floors":[],"is_endless":false,"potions_floor_spawned":[8,9,12,14],"killed_by":"WA_ARCHETYPE_RETAIN","ascension_level":0}}