{"host":"rmsq46plbpwfbxcc","time":1611428739,"event":{"mods":["AchievementEnabler","BaseMod","Colored Map","Colored Powertips","DeckTracker","KOR Keyword Fix","Minty Spire (QoL Compilation)","Permanent Neow","Quick Restart","SuperFastMode"],"gold_per_floor":[117,42,61,72,82,82,109,109,135,163,174,186,216,116,116,216,216,228,228,228,240,115,115,144,144,170,170,270,270,304,304,304,406,406,418,418,235,255,310,310,345,345,372,388,401,427,462,481,481,481,481,481,7,37,37],"floor_reached":56,"language":"KOR","playtime":2031,"items_purged":["Defend_G","Strike_G","Defend_G"],"score":1690,"play_id":"4b0fc535-c56c-427c-826a-c12e93ce9525","local_time":"20210124040539","is_ascension_mode":true,"campfire_choices":[{"data":"Cloak And Dagger","floor":6,"key":"SMITH"},{"data":"Blade Dance","floor":8,"key":"SMITH"},{"data":"Finisher","floor":15,"key":"SMITH"},{"data":"Accuracy","floor":23,"key":"SMITH"},{"data":"Neutralize","floor":25,"key":"SMITH"},{"floor":29,"key":"RECALL"},{"data":"Backstab","floor":32,"key":"SMITH"},{"data":"Phantasmal Killer","floor":40,"key":"SMITH"},{"data":"After Image","floor":42,"key":"SMITH"},{"data":"Well Laid Plans","floor":49,"key":"SMITH"},{"data":"Survivor","floor":52,"key":"SMITH"}],"circlet_count":0,"master_deck":["Defend_G","Survivor+1","Neutralize+1","Tactician+1","Quick Slash+1","Malaise+1","Finisher+1","Cloak And Dagger+1","Blade Dance+1","Accuracy+1","Backstab+1","Caltrops+1","Phantasmal Killer+1","Accuracy+1","Well Laid Plans+1","PiercingWail+1","After Image+1","Blur+1","Choke","Backflip+1"],"relics":["Astrolabe","Boot","Juzu Bracelet","Vajra","Empty Cage","Mummified Hand","Pen Nib","CaptainsWheel","Bottled Lightning","Unceasing Top","Coffee Dripper","Strawberry","Turnip","Ornamental Fan","Happy Flower","Bag of Marbles","Pear","Ninja Scroll","InkBottle"],"acts_visited":["Exordium","TheCity","TheBeyond","TheEnding"],"potions_floor_usage":[13,18,21,24,30,39,44,50,55,55,55],"damage_taken":[{"damage":3,"enemies":"Cultist","floor":1,"turns":5},{"damage":0,"enemies":"Small Slimes","floor":3,"turns":4},{"damage":8,"enemies":"Jaw Worm","floor":4,"turns":5},{"damage":1,"enemies":"Looter","floor":5,"turns":3},{"damage":1,"enemies":"Lagavulin","floor":7,"turns":8},{"damage":7,"enemies":"3 Sentries","floor":10,"turns":5},{"damage":0,"enemies":"Gremlin Gang","floor":11,"turns":4},{"damage":0,"enemies":"Large Slime","floor":12,"turns":4},{"damage":9,"enemies":"Lagavulin","floor":13,"turns":5},{"damage":2,"enemies":"The Guardian","floor":16,"turns":13},{"damage":3,"enemies":"Spheric Guardian","floor":18,"turns":3},{"damage":0,"enemies":"Shell Parasite","floor":21,"turns":2},{"damage":0,"enemies":"Book of Stabbing","floor":24,"turns":5},{"damage":0,"enemies":"Colosseum Slavers","floor":28,"turns":3},{"damage":4,"enemies":"Colosseum Nobs","floor":28,"turns":3},{"damage":14,"enemies":"Slavers","floor":30,"turns":3},{"damage":34,"enemies":"Collector","floor":33,"turns":6},{"damage":0,"enemies":"3 Darklings","floor":35,"turns":2},{"damage":3,"enemies":"3 Shapes","floor":38,"turns":3},{"damage":1,"enemies":"2 Orb Walkers","floor":39,"turns":4},{"damage":15,"enemies":"Giant Head","floor":41,"turns":4},{"damage":12,"enemies":"Spire Growth","floor":44,"turns":3},{"damage":2,"enemies":"4 Shapes","floor":45,"turns":4},{"damage":0,"enemies":"Reptomancer","floor":47,"turns":4},{"damage":5,"enemies":"Transient","floor":48,"turns":5},{"damage":8,"enemies":"Awakened One","floor":50,"turns":7},{"damage":0,"enemies":"Shield and Spear","floor":54,"turns":3},{"damage":58,"enemies":"The Heart","floor":55,"turns":7}],"seed_played":"3328371012523647784","potions_obtained":[{"floor":3,"key":"Weak Potion"},{"floor":5,"key":"SpeedPotion"},{"floor":7,"key":"Fire Potion"},{"floor":12,"key":"Strength Potion"},{"floor":13,"key":"AttackPotion"},{"floor":16,"key":"Explosive Potion"},{"floor":21,"key":"DuplicationPotion"},{"floor":24,"key":"EssenceOfSteel"},{"floor":30,"key":"Ancient Potion"},{"floor":35,"key":"LiquidBronze"},{"floor":39,"key":"FearPotion"},{"floor":41,"key":"AttackPotion"}],"is_trial":false,"path_per_floor":["M","$","M","M","M","R","E","R","T","E","M","M","E","$","R","B",null,"M","?","?","M","$","R","E","R","T","?","?","R","E","?","R","B",null,"M","?","$","M","?","R","E","R","T","M","M","T","E","M","R","B",null,"R","$","E","B",null],"character_chosen":"THE_SILENT","items_purchased":["Well Laid Plans","Strawberry","Ninja Scroll","CultistPotion","Choke","Dexterity Potion"],"campfire_rested":0,"item_purchase_floors":[37,37,53,53,53,53],"current_hp_per_floor":[60,60,60,52,51,51,50,50,50,43,43,43,34,34,34,32,61,58,58,58,58,58,58,58,58,58,58,54,54,40,40,40,6,54,54,54,61,58,57,57,42,42,42,30,28,28,38,33,33,25,72,72,72,72,14],"gold":37,"neow_bonus":"BOSS_RELIC","is_daily":false,"chose_seed":false,"campfire_upgraded":10,"win_rate":0.0,"timestamp":1611428739,"path_taken":["M","?","M","M","?","R","E","R","T","E","M","M","E","$","R","BOSS","M","?","?","M","?","R","E","R","T","?","?","R","E","?","R","BOSS","M","?","$","M","?","R","E","R","T","M","M","?","E","M","R","BOSS","R","$","E","BOSS"],"items_purchased_type":["Card","Relic","Relic","Potion","Card","Potion"],"build_version":"2020-12-22","purchased_purges":3,"victory":true,"max_hp_per_floor":[70,70,70,70,70,70,70,70,70,70,70,70,70,70,70,70,70,70,70,70,70,70,70,70,70,70,70,70,70,70,70,70,70,70,70,70,77,77,77,77,77,77,77,77,77,77,87,87,87,87,87,87,87,87,87],"card_choices":[{"not_picked":["Outmaneuver","Underhanded Strike","Deadly Poison"],"picked":"SKIP","floor":1},{"not_picked":["Blur","Masterful Stab"],"picked":"Finisher","floor":3},{"not_picked":["Crippling Poison","Quick Slash"],"picked":"Cloak And Dagger","floor":4},{"not_picked":["Flying Knee","Dagger Throw","Heel Hook"],"picked":"SKIP","floor":5},{"not_picked":["Flying Knee","Wraith Form v2"],"picked":"Blade Dance","floor":7},{"not_picked":["Dagger Spray","Blade Dance","Dash"],"picked":"SKIP","floor":10},{"not_picked":["Bane","Dodge and Roll","Catalyst"],"picked":"SKIP","floor":11},{"not_picked":["Dagger Throw","Distraction","Skewer"],"picked":"SKIP","floor":12},{"not_picked":["Dash","Endless Agony","Acrobatics"],"picked":"SKIP","floor":13},{"not_picked":["Slice+1","Infinite Blades+1","Deflect"],"picked":"SKIP","floor":18},{"not_picked":["Dagger Throw","Endless Agony"],"picked":"Backstab","floor":21},{"not_picked":["Dagger Spray","Poisoned Stab","Underhanded Strike"],"picked":"SKIP","floor":24},{"not_picked":["Cloak And Dagger","Deadly Poison"],"picked":"Caltrops+1","floor":30},{"not_picked":["Venomology","Grand Finale"],"picked":"Phantasmal Killer","floor":33},{"not_picked":["Endless Agony","Poisoned Stab"],"picked":"Accuracy+1","floor":35},{"not_picked":["Dagger Spray","Expertise"],"picked":"PiercingWail+1","floor":38},{"not_picked":["Caltrops+1","Prepared+1"],"picked":"After Image","floor":41},{"not_picked":["Heel Hook","Quick Slash+1"],"picked":"Blur+1","floor":44},{"not_picked":["Dodge and Roll+1","Calculated Gamble","Bane+1"],"picked":"SKIP","floor":45},{"not_picked":["Deflect+1","Blur+1","Endless Agony+1"],"picked":"SKIP","floor":47},{"not_picked":["All Out Attack+1","Distraction","Cloak And Dagger+1"],"picked":"SKIP","floor":48},{"not_picked":["A Thousand Cuts","Riddle With Holes"],"picked":"Backflip+1","floor":54}],"player_experience":645701,"relics_obtained":[{"floor":7,"key":"Boot"},{"floor":10,"key":"Juzu Bracelet"},{"floor":13,"key":"Vajra"},{"floor":24,"key":"Mummified Hand"},{"floor":26,"key":"Pen Nib"},{"floor":28,"key":"CaptainsWheel"},{"floor":28,"key":"Bottled Lightning"},{"floor":30,"key":"Unceasing Top"},{"floor":39,"key":"Turnip"},{"floor":41,"key":"Ornamental Fan"},{"floor":43,"key":"Happy Flower"},{"floor":46,"key":"Bag of Marbles"},{"floor":47,"key":"Pear"},{"floor":54,"key":"InkBottle"}],"event_choices":[{"damage_healed":0,"gold_gain":0,"player_choice":"Ignored","damage_taken":0,"max_hp_gain":0,"max_hp_loss":0,"event_name":"Cursed Tome","floor":19,"gold_loss":0},{"damage_healed":0,"gold_gain":0,"player_choice":"Read","damage_taken":0,"max_hp_gain":0,"max_hp_loss":0,"event_name":"The Library","floor":20,"gold_loss":0,"cards_obtained":["Accuracy"]},{"cards_removed":["Strike_G"],"damage_healed":0,"gold_gain":0,"player_choice":"Purged","damage_taken":0,"max_hp_gain":0,"max_hp_loss":0,"event_name":"Purifier","floor":27,"gold_loss":0},{"damage_healed":0,"gold_gain":0,"player_choice":"Fight","damage_taken":0,"max_hp_gain":0,"max_hp_loss":0,"event_name":"Colosseum","floor":28,"gold_loss":0},{"damage_healed":0,"gold_gain":0,"player_choice":"Fought Nobs","damage_taken":0,"max_hp_gain":0,"max_hp_loss":0,"event_name":"Colosseum","floor":28,"gold_loss":0},{"damage_healed":0,"gold_gain":0,"player_choice":"Bought 0 Potions","damage_taken":0,"max_hp_gain":0,"max_hp_loss":0,"event_name":"The Woman in Blue","floor":31,"gold_loss":0},{"damage_healed":0,"gold_gain":0,"player_choice":"Memory 1","damage_taken":0,"max_hp_gain":0,"max_hp_loss":0,"event_name":"SensoryStone","floor":36,"gold_loss":0},{"damage_healed":0,"gold_gain":0,"player_choice":"Fight","damage_taken":0,"max_hp_gain":0,"max_hp_loss":0,"event_name":"Mysterious Sphere","floor":39,"gold_loss":0}],"is_beta":false,"boss_relics":[{"not_picked":["Cursed Key","HoveringKite"],"picked":"Empty Cage"},{"not_picked":["Velvet Choker","Fusion Hammer"],"picked":"Coffee Dripper"}],"items_purged_floors":[2,14,22],"is_endless":false,"potions_floor_spawned":[3,5,7,12,13,16,21,24,30,35,39,41,54],"ascension_level":7}}