{"host":"362zhnvmfmhc3u7b","time":1611430739,"event":{"mods":["BaseMod","Colored Powertips","Minty Spire (QoL Compilation)","Quick Restart","Rare Cards Sparkle","StSLib"],"gold_per_floor":[114,114,64,79,94,94,124,49,49,49,79,79,94,109,109,209,209,224,41,41,41,56,71,71,101,101,101,431,431,446,476,476,576,576,591,591,606,621,52,52,67,97,97,127,142,157,187,202,202,202],"floor_reached":51,"language":"ENG","playtime":3688,"items_purged":["Strike_R","Strike_R"],"score":1007,"play_id":"332def1d-9177-4e24-9132-e665b8815edf","local_time":"20210123143859","daily_mods":["Cursed Run","Purple Cards","DeadlyEvents"],"is_ascension_mode":false,"campfire_choices":[{"data":"CrushJoints","floor":6.0,"key":"SMITH"},{"data":"Flex","floor":12,"key":"SMITH"},{"data":"Pommel Strike","floor":15,"key":"SMITH"},{"data":"Scrawl","floor":24,"key":"SMITH"},{"data":"Reaper","floor":27,"key":"SMITH"},{"data":"WaveOfTheHand","floor":32,"key":"SMITH"},{"data":"Apotheosis","floor":40,"key":"SMITH"},{"data":"Strike_R","floor":49,"key":"PURGE"}],"circlet_count":0,"master_deck":["Strike_R+1","Defend_R","Defend_R+1","Defend_R","Defend_R","Bash+1","CrushJoints+1","Flex+1","FollowUp+1","Halt","Flame Barrier","Pommel Strike+1","Rage","Parasite","Scrawl+1","CurseOfTheBell","Spot Weakness+1","Reaper+1","WaveOfTheHand+1","Intimidate+1","Battle Trance","Consecrate","Injury","EmptyBody","Decay","BowlingBash","Exhume","Normality","Double Tap","Consecrate+1","Pain","Rage+1","Shockwave","Disarm","Apotheosis+1","DevaForm","Brutality","PathToVictory+1","Writhe","Carnage+1","Shrug It Off+1","Tantrum+1","Writhe"],"relics":["Cursed Key","Darkstone Periapt","Du-Vu Doll","Turnip","InkBottle","Bag of Preparation","Calling Bell","Oddly Smooth Stone","Paper Frog","Pocketwatch","The Courier","Kunai","Old Coin","Peace Pipe","Toy Ornithopter","Busted Crown","WarpedTongs","War Paint","Singing Bowl","Red Skull","Whetstone"],"acts_visited":["Exordium","TheCity","TheBeyond"],"potions_floor_usage":[16,16,22,31,33,35,35,48,50,50],"damage_taken":[{"damage":1.0,"enemies":"Jaw Worm","floor":1.0,"turns":3.0},{"damage":0.0,"enemies":"2 Louse","floor":4.0,"turns":2.0},{"damage":0.0,"enemies":"Cultist","floor":5.0,"turns":2.0},{"damage":21.0,"enemies":"Lagavulin","floor":7.0,"turns":4.0},{"damage":14,"enemies":"3 Sentries","floor":11,"turns":8},{"damage":6,"enemies":"Exordium Thugs","floor":13,"turns":4},{"damage":1,"enemies":"Exordium Wildlife","floor":14,"turns":3},{"damage":10,"enemies":"Hexaghost","floor":16,"turns":8},{"damage":0,"enemies":"3 Byrds","floor":18,"turns":2},{"damage":0,"enemies":"Spheric Guardian","floor":22,"turns":3},{"damage":3,"enemies":"Snake Plant","floor":23,"turns":5},{"damage":11,"enemies":"Book of Stabbing","floor":25,"turns":4},{"damage":0,"enemies":"Gremlin Leader","floor":28,"turns":3},{"damage":13,"enemies":"Sentry and Sphere","floor":30,"turns":5},{"damage":0,"enemies":"Slavers","floor":31,"turns":4},{"damage":46,"enemies":"Automaton","floor":33,"turns":8},{"damage":12,"enemies":"3 Darklings","floor":35,"turns":6},{"damage":6,"enemies":"Orb Walker","floor":37,"turns":3},{"damage":41,"enemies":"Writhing Mass","floor":38,"turns":4},{"damage":2,"enemies":"Transient","floor":41,"turns":5},{"damage":23,"enemies":"Nemesis","floor":42,"turns":5},{"damage":11,"enemies":"Giant Head","floor":44,"turns":7},{"damage":2,"enemies":"4 Shapes","floor":45,"turns":3},{"damage":14,"enemies":"Jaw Worm Horde","floor":46,"turns":4},{"damage":7,"enemies":"Nemesis","floor":47,"turns":9},{"damage":8,"enemies":"Sphere and 2 Shapes","floor":48,"turns":6},{"damage":65,"enemies":"Time Eater","floor":50,"turns":10}],"seed_played":"-4692305807027556167","potions_obtained":[{"floor":5.0,"key":"ElixirPotion"},{"floor":7.0,"key":"LiquidBronze"},{"floor":11,"key":"Weak Potion"},{"floor":16,"key":"Swift Potion"},{"floor":30,"key":"Strength Potion"},{"floor":31,"key":"FearPotion"},{"floor":33,"key":"HeartOfIron"},{"floor":41,"key":"Ancient Potion"},{"floor":42,"key":"LiquidBronze"},{"floor":44,"key":"SkillPotion"},{"floor":48,"key":"Explosive Potion"}],"is_trial":false,"path_per_floor":["M","?","?","M","M","R","E","$","T","$","E","R","M","M","R","B",null,"M","$","?","$","M","M","R","E","T","R","E","T","M","E","R","B",null,"M","?","M","M","$","R","M","E","T","E","M","M","E","M","R","B",null],"character_chosen":"IRONCLAD","items_purchased":["Reaper","WaveOfTheHand","Shockwave","Disarm","Apotheosis","DevaForm","Brutality"],"campfire_rested":0,"item_purchase_floors":[19,19,39,39,39,39,39],"current_hp_per_floor":[79,79,79,79,79,79,58,58,64,64,50,50,44,43,43,39,98,98,98,98,98,98,95,95,84,90,90,104,110,97,97,97,95,116,114,120,114,87,87,87,122,99,105,119,121,120,115,128,128,73],"gold":202,"neow_bonus":"","is_daily":true,"chose_seed":false,"campfire_upgraded":7,"win_rate":0.0,"timestamp":1611430739,"path_taken":["M","?","?","M","M","R","E","$","T","$","E","R","?","M","R","BOSS","M","$","?","?","M","?","R","E","T","R","?","?","M","E","R","BOSS","M","?","M","M","$","R","M","E","T","?","M","?","?","M","R","BOSS"],"items_purchased_type":["Card","Card","Card","Card","Card","Card","Card"],"build_version":"2020-12-22","purchased_purges":2,"victory":true,"max_hp_per_floor":[80,80,80,80,80,80,80,80,86,86,86,86,86,86,86,92,98,98,98,98,98,98,98,98,98,104,104,104,110,110,110,110,116,116,116,122,122,122,122,122,122,122,128,128,128,128,130,132,132,138],"card_choices":[{"not_picked":["Thunderclap","Prostrate"],"picked":"CrushJoints","floor":1.0},{"not_picked":["Combust","Seeing Red"],"picked":"Flex","floor":4.0},{"not_picked":["Clash","Flame Barrier"],"picked":"FollowUp","floor":5.0},{"not_picked":["Warcry","True Grit"],"picked":"Halt","floor":7.0},{"not_picked":["Flex","Anger"],"picked":"Flame Barrier","floor":11},{"not_picked":["SignatureMove","Nirvana"],"picked":"Pommel Strike","floor":13},{"not_picked":["Warcry","FollowUp"],"picked":"Rage","floor":14},{"not_picked":["Omniscience","Impervious"],"picked":"Scrawl","floor":16},{"not_picked":["Wild Strike","Pommel Strike+1"],"picked":"Spot Weakness+1","floor":18},{"not_picked":["Clash","Sanctity"],"picked":"Intimidate","floor":22},{"not_picked":["Feel No Pain+1","Power Through"],"picked":"Battle Trance","floor":23},{"not_picked":["Scrawl","Halt"],"picked":"Consecrate","floor":25},{"not_picked":["Tantrum","Metallicize"],"picked":"EmptyBody","floor":28},{"not_picked":["Second Wind","Hemokinesis"],"picked":"BowlingBash","floor":30},{"not_picked":["Immolate","FollowUp"],"picked":"Exhume","floor":31},{"not_picked":["Juggernaut","Brilliance"],"picked":"Double Tap","floor":33},{"not_picked":[],"picked":"Consecrate+1","floor":35},{"not_picked":[],"picked":"Rage+1","floor":37},{"not_picked":["JustLucky"],"picked":"SKIP","floor":38},{"not_picked":[],"picked":"PathToVictory+1","floor":41},{"not_picked":["FlurryOfBlows"],"picked":"SKIP","floor":42},{"not_picked":[],"picked":"Carnage+1","floor":44},{"not_picked":[],"picked":"Shrug It Off+1","floor":45},{"not_picked":[],"picked":"Tantrum+1","floor":46},{"not_picked":["Second Wind+1"],"picked":"Singing Bowl","floor":47},{"not_picked":["Warcry+1"],"picked":"Singing Bowl","floor":48}],"player_experience":1561366,"relics_obtained":[{"floor":7.0,"key":"Turnip"},{"floor":9.0,"key":"InkBottle"},{"floor":11,"key":"Bag of Preparation"},{"floor":17,"key":"Oddly Smooth Stone"},{"floor":17,"key":"Paper Frog"},{"floor":17,"key":"Pocketwatch"},{"floor":25,"key":"The Courier"},{"floor":26,"key":"Kunai"},{"floor":28,"key":"Old Coin"},{"floor":29,"key":"Peace Pipe"},{"floor":31,"key":"Toy Ornithopter"},{"floor":42,"key":"War Paint"},{"floor":43,"key":"Singing Bowl"},{"floor":44,"key":"Red Skull"},{"floor":47,"key":"Whetstone"}],"event_choices":[{"damage_healed":0.0,"max_hp_gain":0.0,"max_hp_loss":0.0,"gold_gain":0.0,"event_name":"Living Wall","player_choice":"Grow","floor":2.0,"gold_loss":0.0,"damage_taken":0.0,"cards_upgraded":["Bash"]},{"cards_removed":["Strike_R"],"damage_healed":0.0,"max_hp_gain":0.0,"max_hp_loss":0.0,"gold_gain":0.0,"event_name":"The Cleric","player_choice":"Card Removal","floor":3.0,"gold_loss":50.0,"damage_taken":0.0},{"cards_removed":["Normality"],"damage_healed":0,"gold_gain":0,"player_choice":"Elegance","damage_taken":0,"max_hp_gain":0,"max_hp_loss":0,"event_name":"Back to Basics","floor":20,"gold_loss":0},{"damage_healed":0,"gold_gain":0,"player_choice":"Rummage","damage_taken":0,"relics_obtained":["WarpedTongs"],"max_hp_gain":0,"max_hp_loss":0,"event_name":"Accursed Blacksmith","floor":36,"gold_loss":0,"cards_obtained":["Pain"]}],"is_beta":false,"boss_relics":[{"not_picked":["SacredBark","SlaversCollar"],"picked":"Calling Bell"},{"not_picked":["Runic Dome","Velvet Choker"],"picked":"Busted Crown"}],"items_purged_floors":[8,39],"is_endless":false,"potions_floor_spawned":[5,7,11,16,30,31,33,41,42,44,45,48],"ascension_level":0}}