{"host":"ktoxvvst1mwxww91","time":1611390785,"event":{"mods":["BaseMod","Downfall","Hermit","Minty Spire (QoL Compilation)","StSLib","The Blackbeard","The Hierophant","The Mystic","The Necromancer"],"gold_per_floor":[99,114,24,37,54,54,122,140,160,188,201,213,313,331,346,441,441,341,357,369,369,384,89,89,89,89,89,89],"floor_reached":26,"language":"ENG","playtime":1156,"items_purged":["bronze:Strike","downfall:Icky"],"score":235,"play_id":"f44172cb-bb88-43b3-83f9-ce2a2876cfbc","local_time":"20210123093305","is_ascension_mode":true,"campfire_choices":[{"data":"bronze:Replicate","floor":1,"key":"SMITH"},{"data":"bronze:CleanCode","floor":18,"key":"SMITH"},{"floor":25,"key":"REST"}],"circlet_count":0,"master_deck":["bronze:Defend","bronze:Defend","bronze:Defend","bronze:Defend","bronze:Replicate+1","bronze:Goto","bronze:CutThrough","bronze:GetLatest","bronze:Iterate","bronze:DelayedSlice","bronze:CleanCode+1","bronze:HyperBeam","bronze:CutThrough","bronze:ChildClass","bronze:Branch","bronze:DarkDash","bronze:Invalidate","bronze:WildBeam","bronze:Safeguard+1","bronze:Branch+1","bronze:WhirlingStrike","bronze:Repulsor","bronze:Philosophize","bronze:ForceShield","Parasite"],"relics":["Busted Crown","Pear","bronze:ProtectiveGoggles","Potion Belt","Cursed Key","downfall:HeartBlessingGreen","FaceOfCleric","Molten Egg 2"],"acts_visited":["Exordium","TheCity"],"potions_floor_usage":[10,13,13,16,16,16,16,16],"damage_taken":[{"damage":5,"enemies":"Small Slimes","floor":2,"turns":4},{"damage":0,"enemies":"downfall:FleeingMerchant","floor":3,"turns":4},{"damage":0,"enemies":"Cultist","floor":4,"turns":2},{"damage":3,"enemies":"2 Louse","floor":5,"turns":2},{"damage":7,"enemies":"Gremlin Gang","floor":8,"turns":3},{"damage":10,"enemies":"Exordium Thugs","floor":9,"turns":4},{"damage":4,"enemies":"Gremlin Nob","floor":10,"turns":3},{"damage":4,"enemies":"3 Louse","floor":11,"turns":2},{"damage":4,"enemies":"Large Slime","floor":12,"turns":3},{"damage":3,"enemies":"downfall:LadyInBlue","floor":13,"turns":9},{"damage":0,"enemies":"Exordium Wildlife","floor":14,"turns":3},{"damage":2,"enemies":"Blue Slaver","floor":15,"turns":4},{"damage":4,"enemies":"DF_ARCHETYPE_STREAMLINE","floor":16,"turns":6},{"damage":22,"enemies":"Spheric Guardian","floor":19,"turns":4},{"damage":14,"enemies":"Centurion and Healer","floor":20,"turns":4},{"damage":27,"enemies":"Snecko","floor":22,"turns":5},{"damage":0,"enemies":"downfall:FleeingMerchant","floor":23,"turns":4},{"damage":45,"enemies":"Gremlin Leader","floor":26,"turns":2}],"seed_played":"-3628696823145788238","potions_obtained":[{"floor":2,"key":"PowerPotion"},{"floor":10,"key":"ColorlessPotion"},{"floor":11,"key":"Fire Potion"},{"floor":13,"key":"DuplicationPotion"},{"floor":13,"key":"EssenceOfSteel"},{"floor":13,"key":"hexamod:SoulburnPotion"},{"floor":13,"key":"sneckomod:MuddlingPotion"},{"floor":15,"key":"SteroidPotion"},{"floor":22,"key":"SteroidPotion"}],"is_trial":false,"path_per_floor":["R","M","$","M","M","?","T","M","M","E","M","M","?","M","M","B",null,"R","M","M","?","M","$","T","R","E"],"character_chosen":"THE_AUTOMATON","items_purchased":["bronze:Repulsor","bronze:Philosophize","bronze:ForceShield"],"campfire_rested":1,"item_purchase_floors":[23,23,23],"current_hp_per_floor":[70,65,65,65,62,62,72,65,55,51,47,43,40,40,38,34,80,80,58,44,44,18,19,19,43,0,0,0],"gold":89,"neow_bonus":"BOSS_RELIC","is_daily":false,"chose_seed":false,"campfire_upgraded":2,"win_rate":0.0,"timestamp":1611390785,"path_taken":["R","M","$","M","M","?","T","M","M","E","M","?","?","?","M","BOSS","R","M","M","?","M","$","T","R","E"],"items_purchased_type":["Card","Card","Card"],"build_version":"2020-12-22","purchased_purges":2,"victory":false,"max_hp_per_floor":[70,70,70,70,70,70,80,80,80,80,80,80,80,80,80,80,80,80,80,80,80,81,82,82,82,82,82,82],"card_choices":[{"not_picked":[],"picked":"bronze:CutThrough","floor":2},{"not_picked":[],"picked":"bronze:GetLatest","floor":3},{"not_picked":[],"picked":"bronze:Iterate","floor":4},{"not_picked":[],"picked":"bronze:DelayedSlice","floor":5},{"not_picked":["bronze:Separator"],"picked":"SKIP","floor":8},{"not_picked":["bronze:FineTuning"],"picked":"SKIP","floor":9},{"not_picked":[],"picked":"bronze:ChildClass","floor":10},{"not_picked":["bronze:BuggyMess"],"picked":"SKIP","floor":11},{"not_picked":[],"picked":"bronze:Branch","floor":12},{"not_picked":[],"picked":"bronze:DarkDash","floor":13},{"not_picked":[],"picked":"bronze:Invalidate","floor":14},{"not_picked":[],"picked":"bronze:WildBeam","floor":15},{"not_picked":[],"picked":"bronze:Safeguard+1","floor":19},{"not_picked":[],"picked":"bronze:Branch+1","floor":20},{"not_picked":["bronze:ForLoop"],"picked":"SKIP","floor":22},{"not_picked":[],"picked":"bronze:WhirlingStrike","floor":23}],"player_experience":1160548,"relics_obtained":[{"floor":7,"key":"Pear"},{"floor":10,"key":"bronze:ProtectiveGoggles"},{"floor":13,"key":"Potion Belt"},{"floor":24,"key":"Molten Egg 2"}],"event_choices":[{"damage_healed":0,"gold_gain":0,"player_choice":"Trade","damage_taken":0,"relics_obtained":["FaceOfCleric"],"max_hp_gain":0,"max_hp_loss":0,"event_name":"FaceTrader","floor":21,"gold_loss":0}],"is_beta":false,"boss_relics":[{"not_picked":["Coffee Dripper","Runic Dome"],"picked":"Cursed Key"}],"items_purged_floors":[3,23],"is_endless":false,"potions_floor_spawned":[2,10,11,13,15,22],"killed_by":"Gremlin Leader","ascension_level":2}}