{"host":"ph0jbnuejdorxbrg","time":1611439845,"event":{"mods":["AchievementEnabler","BaseMod","Block Reminder","Minty Spire (QoL Compilation)","Permanent Neow","Quick Restart","Rare Cards Sparkle","Synergy Search"],"gold_per_floor":[117,133,58,58,76,76,94,94,94,107,123,153,173,203,203,303,303,317,336,336,9,28,57,57,57,57,92,92,92,123,143,143,238,238,251,78,89,89,89,119,119,149,149,162,162,176,201,201,201,201],"floor_reached":51,"language":"ENG","playtime":3453,"items_purged":["Strike_R","Strike_R"],"score":1325,"play_id":"9ff5050c-67ce-47ab-826c-83be80904361","local_time":"20210123171045","is_ascension_mode":true,"campfire_choices":[{"data":"Bash","floor":6,"key":"SMITH"},{"data":"Blood for Blood","floor":8,"key":"SMITH"},{"data":"Searing Blow","floor":15,"key":"SMITH"},{"data":"Searing Blow+1","floor":25,"key":"SMITH"},{"data":"Searing Blow+2","floor":29,"key":"SMITH"},{"data":"Searing Blow+3","floor":32,"key":"SMITH"},{"data":"Searing Blow+5","floor":41,"key":"SMITH"},{"data":"Searing Blow+6","floor":45,"key":"SMITH"},{"data":"Searing Blow+7","floor":49,"key":"SMITH"}],"circlet_count":0,"master_deck":["Strike_R+1","Defend_R+1","Defend_R+1","Defend_R+1","Defend_R+1","Bash+1","Blood for Blood+1","Searing Blow+8","Bludgeon+1","Shockwave+1","Clothesline+1","Ghostly+1","Ghostly+1","Ghostly+1","Ghostly+1","Ghostly+1","Bludgeon+1","Apotheosis+1","Shockwave+1","Flame Barrier","Parasite","Immolate","Clothesline+1","Carnage+1"],"relics":["Snecko Eye","Boot","Self Forming Clay","Bottled Flame","Runic Cube","Nunchaku","Strange Spoon","Lantern","Unceasing Top","Red Skull","Letter Opener","Cursed Key","Mark of the Bloom","Potion Belt","Ginger","Mango","Girya","Spirit Poop"],"acts_visited":["Exordium","TheCity","TheBeyond"],"potions_floor_usage":[11,12,13,33,37,50,50,50,50],"damage_taken":[{"damage":0,"enemies":"2 Louse","floor":1,"turns":2},{"damage":0,"enemies":"Cultist","floor":2,"turns":2},{"damage":12,"enemies":"Jaw Worm","floor":5,"turns":2},{"damage":6,"enemies":"2 Fungi Beasts","floor":7,"turns":3},{"damage":0,"enemies":"Looter","floor":10,"turns":1},{"damage":12,"enemies":"Exordium Thugs","floor":11,"turns":3},{"damage":25,"enemies":"3 Sentries","floor":12,"turns":6},{"damage":8,"enemies":"Lots of Slimes","floor":13,"turns":4},{"damage":12,"enemies":"Lagavulin","floor":14,"turns":4},{"damage":17,"enemies":"Hexaghost","floor":16,"turns":6},{"damage":11,"enemies":"2 Thieves","floor":18,"turns":2},{"damage":6,"enemies":"Spheric Guardian","floor":19,"turns":3},{"damage":2,"enemies":"3 Cultists","floor":22,"turns":4},{"damage":12,"enemies":"Book of Stabbing","floor":23,"turns":3},{"damage":10,"enemies":"Slavers","floor":27,"turns":7},{"damage":0,"enemies":"Book of Stabbing","floor":30,"turns":3},{"damage":2,"enemies":"Chosen and Byrds","floor":31,"turns":6},{"damage":0,"enemies":"Collector","floor":33,"turns":8},{"damage":5,"enemies":"3 Shapes","floor":35,"turns":3},{"damage":0,"enemies":"3 Darklings","floor":37,"turns":5},{"damage":1,"enemies":"Giant Head","floor":40,"turns":8},{"damage":3,"enemies":"Nemesis","floor":42,"turns":5},{"damage":1,"enemies":"Writhing Mass","floor":44,"turns":3},{"damage":0,"enemies":"Spire Growth","floor":46,"turns":3},{"damage":0,"enemies":"Reptomancer","floor":47,"turns":2},{"damage":11,"enemies":"Awakened One","floor":50,"turns":9}],"seed_played":"-4598421434135484734","potions_obtained":[{"floor":2,"key":"PowerPotion"},{"floor":11,"key":"Regen Potion"},{"floor":12,"key":"BloodPotion"},{"floor":13,"key":"Ancient Potion"},{"floor":19,"key":"PowerPotion"},{"floor":30,"key":"BloodPotion"},{"floor":31,"key":"HeartOfIron"},{"floor":33,"key":"BloodPotion"},{"floor":37,"key":"Swift Potion"},{"floor":42,"key":"Regen Potion"},{"floor":46,"key":"Weak Potion"}],"is_trial":false,"path_per_floor":["M","M","$","?","M","R","M","R","T","M","M","E","M","E","R","B",null,"M","M","?","$","M","E","?","R","T","E","?","R","E","M","R","B",null,"M","$","M","?","?","E","R","E","T","M","R","M","E","?","R","B",null],"character_chosen":"IRONCLAD","items_purchased":["Shockwave","Strange Spoon","Apotheosis"],"campfire_rested":0,"item_purchase_floors":[21,21,36],"current_hp_per_floor":[72,72,72,72,60,60,54,54,54,54,42,32,40,28,28,11,63,52,46,46,46,44,32,32,32,32,22,22,22,22,20,20,20,35,30,30,38,38,38,37,37,34,34,33,33,33,33,33,33,22],"gold":201,"neow_bonus":"BOSS_RELIC","is_daily":false,"chose_seed":false,"campfire_upgraded":9,"win_rate":0.0,"timestamp":1611439845,"path_taken":["M","M","$","?","M","R","M","R","T","?","M","E","?","E","R","BOSS","M","M","?","?","?","E","?","R","T","E","?","R","E","M","R","BOSS","M","$","M","?","?","E","R","E","T","M","R","M","E","?","R","BOSS"],"items_purchased_type":["Card","Relic","Card"],"build_version":"2020-12-22","purchased_purges":2,"victory":true,"max_hp_per_floor":[80,80,80,80,80,80,80,80,80,80,80,80,80,80,80,80,80,80,80,80,80,80,80,40,40,40,40,40,40,40,40,40,40,40,40,40,40,40,40,40,40,40,54,54,54,54,54,54,54,54],"card_choices":[{"not_picked":["Perfected Strike","True Grit"],"picked":"Blood for Blood","floor":1},{"not_picked":["Sentinel","Battle Trance","Thunderclap"],"picked":"SKIP","floor":2},{"not_picked":["Havoc","Cleave","Twin Strike"],"picked":"SKIP","floor":5},{"not_picked":["Evolve","Havoc","True Grit"],"picked":"SKIP","floor":7},{"not_picked":["Spot Weakness","Entrench"],"picked":"Pommel Strike","floor":10},{"not_picked":["Armaments","Whirlwind","Iron Wave"],"picked":"SKIP","floor":11},{"not_picked":["Offering","Fire Breathing"],"picked":"Searing Blow","floor":12},{"not_picked":["Dark Embrace","Thunderclap","Combust"],"picked":"SKIP","floor":13},{"not_picked":["Thunderclap","Dark Embrace","Havoc"],"picked":"SKIP","floor":14},{"not_picked":["Demon Form","Barricade"],"picked":"Bludgeon","floor":16},{"not_picked":["Disarm+1","Anger","Pommel Strike+1"],"picked":"SKIP","floor":18},{"not_picked":["Pommel Strike","Evolve","Thunderclap+1"],"picked":"SKIP","floor":19},{"not_picked":["Wild Strike+1","Body Slam+1"],"picked":"Clothesline","floor":22},{"not_picked":["Brutality","Iron Wave","Fire Breathing"],"picked":"SKIP","floor":23},{"not_picked":["Dark Embrace","Impervious","Whirlwind"],"picked":"SKIP","floor":27},{"not_picked":["Cleave","Sever Soul","Pummel"],"picked":"SKIP","floor":30},{"not_picked":["Wild Strike","Metallicize","Flex+1"],"picked":"SKIP","floor":31},{"not_picked":["Corruption","Fiend Fire"],"picked":"Bludgeon","floor":33},{"not_picked":["Shrug It Off","Battle Trance+1","Pommel Strike"],"picked":"SKIP","floor":35},{"not_picked":["Rampage+1","Seeing Red"],"picked":"Shockwave+1","floor":37},{"not_picked":["Havoc","Rampage+1","Shrug It Off"],"picked":"SKIP","floor":40},{"not_picked":["Flex+1","True Grit"],"picked":"Flame Barrier","floor":42},{"not_picked":["Shrug It Off","Twin Strike+1"],"picked":"Immolate","floor":44},{"not_picked":["Pommel Strike","Warcry+1"],"picked":"Clothesline+1","floor":46},{"not_picked":["Havoc","Sever Soul"],"picked":"Carnage+1","floor":47}],"player_experience":110777,"relics_obtained":[{"floor":9,"key":"Boot"},{"floor":12,"key":"Self Forming Clay"},{"floor":14,"key":"Bottled Flame"},{"floor":23,"key":"Lantern"},{"floor":26,"key":"Unceasing Top"},{"floor":27,"key":"Red Skull"},{"floor":30,"key":"Letter Opener"},{"floor":40,"key":"Potion Belt"},{"floor":42,"key":"Ginger"},{"floor":43,"key":"Mango"},{"floor":47,"key":"Girya"}],"event_choices":[{"cards_removed":["Strike_R"],"damage_healed":0,"gold_gain":0,"player_choice":"Purged","damage_taken":0,"max_hp_gain":0,"max_hp_loss":0,"event_name":"Purifier","floor":4,"gold_loss":0},{"damage_healed":0,"gold_gain":0,"player_choice":"Gave Potion","damage_taken":0,"relics_obtained":["Nunchaku"],"max_hp_gain":0,"max_hp_loss":0,"event_name":"WeMeetAgain","floor":20,"gold_loss":0},{"damage_healed":0,"gold_gain":0,"player_choice":"Became a Ghost","damage_taken":0,"max_hp_gain":0,"max_hp_loss":40,"event_name":"Ghosts","floor":24,"gold_loss":0,"cards_obtained":["Ghostly","Ghostly","Ghostly","Ghostly","Ghostly"]},{"cards_removed":["Strike_R"],"damage_healed":0,"gold_gain":0,"player_choice":"Elegance","damage_taken":0,"max_hp_gain":0,"max_hp_loss":0,"event_name":"Back to Basics","floor":28,"gold_loss":0},{"cards_removed":["Pommel Strike"],"damage_healed":0,"gold_gain":0,"player_choice":"Removed Attack","damage_taken":0,"max_hp_gain":0,"max_hp_loss":0,"event_name":"Falling","floor":38,"gold_loss":0},{"damage_healed":0,"gold_gain":0,"player_choice":"Upgrade","damage_taken":0,"relics_obtained":["Mark of the Bloom"],"max_hp_gain":0,"max_hp_loss":0,"event_name":"MindBloom","floor":39,"gold_loss":0,"cards_upgraded":["Strike_R","Defend_R","Defend_R","Defend_R","Defend_R","Searing Blow","Bludgeon","Shockwave","Clothesline","Ghostly","Ghostly","Ghostly","Ghostly","Ghostly","Bludgeon","Apotheosis"]},{"cards_removed":["Decay"],"damage_healed":0,"gold_gain":0,"player_choice":"Offered Curse","damage_taken":0,"relics_obtained":["Spirit Poop"],"max_hp_gain":0,"max_hp_loss":0,"event_name":"Bonfire Elementals","floor":48,"gold_loss":0}],"is_beta":false,"boss_relics":[{"not_picked":["Runic Dome","SlaversCollar"],"picked":"Runic Cube"},{"not_picked":["SacredBark","Empty Cage"],"picked":"Cursed Key"}],"items_purged_floors":[3,21],"is_endless":false,"potions_floor_spawned":[2,11,12,13,19,30,31,33,37,42,46],"ascension_level":9}}