{"host":"otf1z5955ddlv5pq","time":1611371526,"event":{"mods":["BaseMod","Better Altar","Better Match","Better Note","Better Sensory Stone","Better Skull","Better Third Choice","Colored Map","Colored Powertips","Downfall","Minty Spire (QoL Compilation)","Rare Cards Sparkle","StSLib","Synergy Search"],"gold_per_floor":[112,112,62,62,83,117,117,157,157,157,171,214,230,155,155,283,283,298,223,237,92,107,107,146,146,146,182,197,197,197,220,220,350,350,371,371,246,246,259,298,298,298,298],"floor_reached":42,"language":"ENG","playtime":2316,"items_purged":["Strike_R","Strike_R","Strike_R"],"score":582,"play_id":"3900434b-b418-445d-acf5-cdb85a9b8cb6","local_time":"20210122191206","is_ascension_mode":true,"campfire_choices":[{"data":"Armaments","floor":7,"key":"SMITH"},{"data":"Bash","floor":15,"key":"SMITH"},{"data":"Iron Wave","floor":23,"key":"SMITH"},{"data":"Defend_R","floor":25,"key":"SMITH"},{"floor":29,"key":"REST"},{"data":"Feed","floor":32,"key":"SMITH"},{"data":"Shrug It Off","floor":41,"key":"SMITH"}],"circlet_count":0,"master_deck":["Strike_R","Defend_R+1","Defend_R+1","Bash+1","Perfected Strike+1","Armaments+1","Iron Wave+1","Twin Strike","Spot Weakness","Feed+1","Twin Strike","Cleave","Twin Strike","Shrug It Off+1","Reaper","Battle Trance+1"],"relics":["Burning Blood","NeowsBlessing","Golden Idol","Pantograph","Singing Bowl","War Paint","Kunai","Sozu","Matryoshka","Lantern","Mercury Hourglass","SlaversCollar","Molten Egg 2"],"acts_visited":["Exordium","TheCity","TheBeyond"],"potions_floor_usage":[12,16,16,22],"damage_taken":[{"damage":0,"enemies":"Small Slimes","floor":1,"turns":1},{"damage":0,"enemies":"2 Louse","floor":5,"turns":1},{"damage":0,"enemies":"Lagavulin","floor":6,"turns":1},{"damage":7,"enemies":"3 Sentries","floor":8,"turns":10},{"damage":0,"enemies":"Jaw Worm","floor":11,"turns":4},{"damage":14,"enemies":"Gremlin Nob","floor":12,"turns":3},{"damage":1,"enemies":"3 Louse","floor":13,"turns":3},{"damage":18,"enemies":"The Guardian","floor":16,"turns":7},{"damage":12,"enemies":"2 Thieves","floor":18,"turns":4},{"damage":4,"enemies":"3 Byrds","floor":20,"turns":5},{"damage":9,"enemies":"Cultist and Chosen","floor":22,"turns":6},{"damage":28,"enemies":"Slavers","floor":24,"turns":5},{"damage":47,"enemies":"Book of Stabbing","floor":27,"turns":6},{"damage":1,"enemies":"3 Cultists","floor":28,"turns":4},{"damage":0,"enemies":"Snecko","floor":31,"turns":3},{"damage":61,"enemies":"Champ","floor":33,"turns":10},{"damage":18,"enemies":"Orb Walker","floor":35,"turns":3},{"damage":35,"enemies":"3 Darklings","floor":39,"turns":5},{"damage":41,"enemies":"Reptomancer","floor":40,"turns":7},{"damage":94,"enemies":"Nemesis","floor":42,"turns":8}],"seed_played":"-7074620205602691747","potions_obtained":[{"floor":5,"key":"BlessingOfTheForge"},{"floor":11,"key":"SteroidPotion"},{"floor":12,"key":"Swift Potion"},{"floor":13,"key":"AttackPotion"}],"is_trial":false,"path_per_floor":["M","?","?","?","M","E","R","E","T","?","M","E","M","$","R","B",null,"M","?","M","$","M","R","E","R","T","E","M","R","?","M","R","B",null,"M","?","$","?","M","E","R","E"],"character_chosen":"IRONCLAD","items_purchased":["Cleave"],"campfire_rested":1,"item_purchase_floors":[21],"current_hp_per_floor":[80,80,80,80,80,80,80,79,79,72,78,72,77,77,77,70,82,81,81,86,86,88,88,71,71,71,30,35,65,65,74,74,48,107,103,103,103,103,76,66,66,0,0],"gold":298,"neow_bonus":"THREE_ENEMY_KILL","is_daily":false,"chose_seed":false,"campfire_upgraded":6,"win_rate":0.0,"timestamp":1611371526,"path_taken":["M","?","?","?","M","E","R","E","T","?","M","E","M","$","R","BOSS","M","?","M","$","M","R","E","R","T","E","M","R","?","M","R","BOSS","M","?","$","?","?","E","R","E"],"items_purchased_type":["Card"],"build_version":"2020-12-22","purchased_purges":3,"victory":false,"max_hp_per_floor":[80,80,80,80,80,80,80,80,80,80,80,82,82,82,82,82,82,87,87,90,90,95,95,100,100,100,100,100,100,100,103,103,107,107,109,109,109,109,111,115,115,115,115],"card_choices":[{"not_picked":["Wild Strike","Disarm"],"picked":"Perfected Strike","floor":1},{"not_picked":["Headbutt","Sword Boomerang"],"picked":"Armaments","floor":5},{"not_picked":["Berserk","Sever Soul","Rupture"],"picked":"SKIP","floor":6},{"not_picked":["Dual Wield","Metallicize"],"picked":"Iron Wave","floor":8},{"not_picked":["True Grit","Havoc"],"picked":"Twin Strike","floor":11},{"not_picked":["Infernal Blade","True Grit","Seeing Red"],"picked":"Singing Bowl","floor":12},{"not_picked":["Anger","Thunderclap"],"picked":"Spot Weakness","floor":13},{"not_picked":["Bludgeon","Offering"],"picked":"Feed","floor":16},{"not_picked":["Heavy Blade","Armaments+1","Headbutt"],"picked":"Singing Bowl","floor":18},{"not_picked":["True Grit","Sentinel+1"],"picked":"Twin Strike","floor":20},{"not_picked":["Intimidate+1","Cleave","Clothesline"],"picked":"Singing Bowl","floor":22},{"not_picked":["Body Slam","Sever Soul+1","Corruption"],"picked":"Singing Bowl","floor":24},{"not_picked":["Sword Boomerang","Warcry"],"picked":"Twin Strike+1","floor":27},{"not_picked":["Sword Boomerang","Entrench"],"picked":"Twin Strike","floor":28},{"not_picked":["Seeing Red","Pummel+1"],"picked":"Shrug It Off","floor":31},{"not_picked":["Corruption","Barricade"],"picked":"Reaper","floor":33},{"not_picked":["Twin Strike+1","Heavy Blade","Flame Barrier"],"picked":"Singing Bowl","floor":35},{"not_picked":["Blood for Blood","Warcry","Thunderclap"],"picked":"Singing Bowl","floor":39},{"not_picked":["Dark Embrace+1","Barricade"],"picked":"Battle Trance+1","floor":40}],"player_experience":1182795,"relics_obtained":[{"floor":6,"key":"Pantograph"},{"floor":8,"key":"Singing Bowl"},{"floor":9,"key":"War Paint"},{"floor":12,"key":"Kunai"},{"floor":24,"key":"Matryoshka"},{"floor":26,"key":"Lantern"},{"floor":27,"key":"Mercury Hourglass"},{"floor":40,"key":"Molten Egg 2"}],"event_choices":[{"damage_healed":0,"gold_gain":0,"player_choice":"Take Wound","damage_taken":0,"relics_obtained":["Golden Idol"],"max_hp_gain":0,"max_hp_loss":0,"event_name":"Golden Idol","floor":2,"gold_loss":0,"cards_obtained":["Injury"]},{"cards_removed":["Injury"],"damage_healed":0,"gold_gain":0,"player_choice":"Card Removal","damage_taken":0,"max_hp_gain":0,"max_hp_loss":0,"event_name":"The Cleric","floor":3,"gold_loss":50},{"damage_healed":0,"gold_gain":0,"player_choice":"Grow","damage_taken":0,"max_hp_gain":0,"max_hp_loss":0,"event_name":"Living Wall","floor":4,"gold_loss":0,"cards_upgraded":["Perfected Strike"]},{"cards_removed":["Defend_R"],"damage_healed":0,"gold_gain":0,"player_choice":"Card Removal","damage_taken":7,"max_hp_gain":0,"max_hp_loss":0,"event_name":"Golden Wing","floor":10,"gold_loss":0},{"cards_removed":["Strike_R"],"damage_healed":0,"gold_gain":0,"player_choice":"Gave Gold","damage_taken":0,"max_hp_gain":0,"max_hp_loss":0,"event_name":"Beggar","floor":19,"gold_loss":75},{"damage_healed":0,"gold_gain":0,"player_choice":"Ignored","damage_taken":0,"max_hp_gain":0,"max_hp_loss":0,"event_name":"Cursed Tome","floor":30,"gold_loss":0},{"cards_removed":["Twin Strike"],"damage_healed":0,"gold_gain":0,"player_choice":"Removed Attack","damage_taken":0,"max_hp_gain":0,"max_hp_loss":0,"event_name":"Falling","floor":36,"gold_loss":0},{"cards_removed":["Defend_R"],"damage_healed":0,"gold_gain":0,"player_choice":"Purged","damage_taken":0,"max_hp_gain":0,"max_hp_loss":0,"event_name":"Purifier","floor":38,"gold_loss":0}],"is_beta":false,"boss_relics":[{"not_picked":["Coffee Dripper","Runic Dome"],"picked":"Sozu"},{"not_picked":["Velvet Choker","Fusion Hammer"],"picked":"SlaversCollar"}],"items_purged_floors":[14,21,37],"is_endless":false,"potions_floor_spawned":[5,11,12,13,18,22,27,28,35,40],"killed_by":"Nemesis","ascension_level":1}}