{"host":"z9mq1tf06lkrncmk","time":1611371193,"event":{"mods":["BaseMod","Downfall","Minty Spire (QoL Compilation)","StSLib"],"gold_per_floor":[116,116,129,148,160,160,172,199,199,219,236,255,255,281,281,381,381,399,399,399,399,399,399,411,437,437,452,481,481,481],"floor_reached":29,"language":"ENG","playtime":1364,"items_purged":[],"score":319,"play_id":"d4bc5f47-6493-4cbe-b88d-7930e768a78e","local_time":"20210122220633","is_ascension_mode":true,"campfire_choices":[{"data":"Eruption","floor":6,"key":"SMITH"},{"floor":13,"key":"REST"},{"floor":15,"key":"REST"},{"data":"Vigilance","floor":23,"key":"SMITH"}],"circlet_count":0,"master_deck":["Strike_P","Strike_P","Strike_P+1","Strike_P","Defend_P","Defend_P","Defend_P","Defend_P","Eruption+1","Vigilance+1","Forethought","Wallop","EmptyBody","Halt","FollowUp","Pray","CarveReality","Consecrate+1","LikeWater","Prostrate","Brilliance","WindmillStrike+1","Worship","BattleHymn+1","Scrawl"],"relics":["PureWater","Eternal Feather","Oddly Smooth Stone","Bronze Scales","Shuriken","Snecko Eye","Blue Candle","Whetstone","StoneCalendar","Blood Vial"],"acts_visited":["Exordium","TheCity"],"potions_floor_usage":[8,10,12,14,18,25],"damage_taken":[{"damage":9,"enemies":"2 Louse","floor":1,"turns":3},{"damage":0,"enemies":"Cultist","floor":3,"turns":3},{"damage":2,"enemies":"Small Slimes","floor":4,"turns":4},{"damage":4,"enemies":"Blue Slaver","floor":5,"turns":4},{"damage":1,"enemies":"Looter","floor":7,"turns":4},{"damage":35,"enemies":"3 Sentries","floor":8,"turns":13},{"damage":10,"enemies":"Lots of Slimes","floor":10,"turns":2},{"damage":4,"enemies":"Exordium Thugs","floor":11,"turns":4},{"damage":0,"enemies":"Large Slime","floor":12,"turns":2},{"damage":28,"enemies":"Lagavulin","floor":14,"turns":6},{"damage":20,"enemies":"Slime Boss","floor":16,"turns":6},{"damage":6,"enemies":"Chosen","floor":18,"turns":3},{"damage":0,"enemies":"Spheric Guardian","floor":24,"turns":2},{"damage":29,"enemies":"Slavers","floor":25,"turns":4},{"damage":8,"enemies":"Cultist and Chosen","floor":27,"turns":3},{"damage":10,"enemies":"Gremlin Leader","floor":28,"turns":4},{"damage":28,"enemies":"Centurion and Healer","floor":29,"turns":2}],"seed_played":"8053831441173474837","potions_obtained":[{"floor":3,"key":"Regen Potion"},{"floor":4,"key":"Regen Potion"},{"floor":11,"key":"Fire Potion"},{"floor":12,"key":"StancePotion"},{"floor":16,"key":"AttackPotion"},{"floor":18,"key":"Explosive Potion"},{"floor":28,"key":"FearPotion"}],"is_trial":false,"path_per_floor":["M","?","M","M","M","R","M","E","T","M","M","M","R","E","R","B",null,"M","?","?","$","?","R","M","E","T","M","E","M"],"character_chosen":"WATCHER","items_purchased":[],"campfire_rested":2,"item_purchase_floors":[],"current_hp_per_floor":[63,63,63,61,57,66,65,45,45,40,36,36,69,41,72,52,72,66,61,61,61,61,72,72,43,43,35,25,0,0],"gold":481,"neow_bonus":"RANDOM_COLORLESS","is_daily":false,"chose_seed":false,"campfire_upgraded":2,"win_rate":0.0,"timestamp":1611371193,"path_taken":["M","?","?","M","M","R","M","E","T","M","M","M","R","E","R","BOSS","M","?","?","$","?","R","M","E","T","M","E","M"],"items_purchased_type":[],"build_version":"2020-12-22","purchased_purges":0,"victory":false,"max_hp_per_floor":[72,72,72,72,72,72,72,72,72,72,72,72,72,72,72,72,72,72,72,72,72,72,72,72,72,72,72,72,72,72],"card_choices":[{"not_picked":["Madness","Dark Shackles"],"picked":"Forethought","floor":0},{"not_picked":["EmptyBody","Protect"],"picked":"Wallop","floor":1},{"not_picked":["ClearTheMind","SignatureMove"],"picked":"EmptyBody","floor":3},{"not_picked":["Protect","Perseverance"],"picked":"Halt","floor":4},{"not_picked":["ThirdEye","ClearTheMind"],"picked":"FollowUp","floor":5},{"not_picked":["Evaluate","SashWhip"],"picked":"Pray","floor":7},{"not_picked":["CutThroughFate","Protect"],"picked":"CarveReality","floor":8},{"not_picked":["SpiritShield","EmptyFist"],"picked":"Consecrate","floor":10},{"not_picked":["Consecrate","ClearTheMind"],"picked":"LikeWater","floor":11},{"not_picked":["ClearTheMind","FlurryOfBlows"],"picked":"Prostrate","floor":12},{"not_picked":["Crescendo","Wish","CrushJoints"],"picked":"SKIP","floor":14},{"not_picked":["Blasphemy","Vault"],"picked":"Brilliance","floor":16},{"not_picked":["SignatureMove","Protect"],"picked":"WindmillStrike+1","floor":18},{"not_picked":["Consecrate","SashWhip"],"picked":"Worship","floor":24},{"not_picked":["FlyingSleeves","Meditate"],"picked":"BattleHymn+1","floor":25},{"not_picked":["WreathOfFlame+1","ReachHeaven","Protect"],"picked":"SKIP","floor":27},{"not_picked":["FollowUp","SashWhip"],"picked":"Scrawl","floor":28}],"player_experience":379006,"relics_obtained":[{"floor":2,"key":"Eternal Feather"},{"floor":8,"key":"Oddly Smooth Stone"},{"floor":9,"key":"Bronze Scales"},{"floor":14,"key":"Shuriken"},{"floor":25,"key":"Whetstone"},{"floor":26,"key":"StoneCalendar"},{"floor":28,"key":"Blood Vial"}],"event_choices":[{"damage_healed":0,"gold_gain":0,"player_choice":"Relic","damage_taken":0,"max_hp_gain":0,"max_hp_loss":0,"event_name":"Wheel of Change","floor":2,"gold_loss":0},{"damage_healed":0,"gold_gain":0,"player_choice":"0 cards matched","damage_taken":0,"max_hp_gain":0,"max_hp_loss":0,"event_name":"Match and Keep!","floor":22,"gold_loss":0,"cards_obtained":[]}],"is_beta":false,"boss_relics":[{"not_picked":["Astrolabe","Pandora\u0027s Box"],"picked":"Snecko Eye"}],"items_purged_floors":[],"is_endless":false,"potions_floor_spawned":[3,4,11,12,16,18,28],"killed_by":"Centurion and Healer","ascension_level":3}}