{"host":"rn4c402gwd40h2z6","time":1611406358,"event":{"mods":["100% Spire Juice","Act Like it!","Arknights The Spire","BaseMod","CapriCore","Challenge The Spire","Data Control","Downfall","Gensokyo","Good Game Mod","KinomotoSakuraMod(Ä¾Ö®±¾Ó£)","Koishi","Lobotomy","LobotomyExtend","Luminous","Marisa£¨ìFÓê¡¡Ä§ÀíÉ³£©","Minty Spire (QoL Compilation)","Pale of the Ancients","Quick Restart","Reimu£¨²©ÀöÁéÃÎ£©","Remilia£¨ÀÙÃ×ÀòÑÇ£©","Replay The Spire","RumiaBox-Â¶Ã×æ«µÄÉñÃØºÐ×Ó","StSLib","Td1madao Mod","The Alterego","The Bug Knight","The Cursed","The Hierophant","The Immortal","The Poker Player","The Saiyan","The Senshi","Yakumo Yukari mod","Youmu£¨»êÆÇÑýÃÎ£©","Yuyuko","vexMod","¡¾¹¦ÄÜMod¡¿»ìãçÖ®»·ÐÞ¸´²¹¶¡"],"gold_per_floor":[119,9999,10015,9999,10016,10013,10017,10027,9999,10009,10029,10009,10025,10021,10009,10009,10009,10024,10009,10020,10023,10009,10022,10024,10009,10009,10019,10035,10009,10009,10009,10009,10009,10009,10019,10021,10028,10029,10009,10009,10040,10009,10009,10021,10009,10020,10009,10027,10009,10009,10009,10009,10009,10009],"floor_reached":55,"language":"ZHS","playtime":3484,"items_purged":["Defend_MRS","Defend_MRS","Strike_MRS","Greed_TH"],"score":1354,"play_id":"e42d00b6-8a71-4c5e-bfbb-41ba4f138286","local_time":"20210123205238","is_ascension_mode":false,"campfire_choices":[{"floor":12.0,"key":"RECALL"},{"data":"DC","floor":15.0,"key":"SMITH"},{"data":"CollectingQuirk","floor":25.0,"key":"SMITH"},{"data":"UpSweep","floor":25.0,"key":"SMITH"},{"data":"CollectingQuirk","floor":30,"key":"SMITH"},{"data":"DoubleSpark","floor":30,"key":"SMITH"},{"floor":32,"key":"REST"},{"data":"MasterSpark","floor":40,"key":"SMITH"},{"data":"Defend_MRS","floor":40,"key":"SMITH"},{"data":"Defend_MRS","floor":42,"key":"SMITH"},{"data":"Defend_MRS","floor":42,"key":"SMITH"},{"data":"Strike_MRS","floor":45,"key":"SMITH"},{"data":"Strike_MRS","floor":45,"key":"SMITH"},{"floor":49,"key":"REST"},{"data":"GravityBeat","floor":52,"key":"SMITH"},{"data":"GravityBeat","floor":52,"key":"SMITH"}],"circlet_count":0,"master_deck":["Strike_MRS+1","Strike_MRS+1","Strike_MRS+1","Defend_MRS+1","Defend_MRS+1","MasterSpark+1","UpSweep+1","TheCursedMod:CursedRelics","Acceleration","DC+1","DoubleSpark+1","WitchLeyline","GalacticHalo","LuminesStrike","GrandCross","GravityBeat+1","CollectingQuirk+1","GrandCross","GravityBeat+1","GasGiant","BlazingStar","Defend_MRS+1","GravityBeat+1","GravityBeat","Necronomicurse","GravityBeat+1","ShootTheMoon+1","CollectingQuirk+1","HandOfGreed","GalacticHalo","ManaRampage","GrandCross","TreasureHunter","downfall:Bewildered","EndlessPower","FinalSpark","MilkyWay+1","WitchLeyline","LuminesStrike+1","NonDirectionalLaser+1","GalacticHalo","DC+1"],"relics":["MiniHakkero","REME:ComplimentaryCards","NeowsBlessing","LetterFromLob","Oddly Smooth Stone","ZombieArmy","Lee\u0027s Waffle","Baka2","bronze:BronzeIdol","Gremlin Food","OrangePellets","Mango","champ:DeflectingBracers","ReplayTheSpireMod:DimensionalGlitch","Necronomicon","vexMod:FocusSash","Replay:Arrowhead","Frozen Eye","Replay:Ringing Soul","Strawberry","sneckomod:BabySnecko","Painkiller Herb","Mercury Hourglass","ReplayTheSpireMod:Lightbulb","RedMistMask","ScarletDevilRocket","Simple Rune","ReplayTheSpireMod:CursedCoin"],"acts_visited":["Exordium","TheCity","TheBeyond","TheEnding"],"potions_floor_usage":[],"damage_taken":[{"damage":0.0,"enemies":"Cultist","floor":1.0,"turns":1.0},{"damage":0.0,"enemies":"2 Louse","floor":3.0,"turns":1.0},{"damage":0.0,"enemies":"Small Slimes","floor":5.0,"turns":1.0},{"damage":0.0,"enemies":"Blue Slaver","floor":6.0,"turns":1.0},{"damage":0.0,"enemies":"2 Fungi Beasts","floor":7.0,"turns":1.0},{"damage":0.0,"enemies":"Lagavulin","floor":8.0,"turns":2.0},{"damage":3.0,"enemies":"Exordium Wildlife","floor":10.0,"turns":4.0},{"damage":0.0,"enemies":"Lots of Slimes","floor":11.0,"turns":1.0},{"damage":0.0,"enemies":"Blue Slaver","floor":13.0,"turns":1.0},{"damage":0.0,"enemies":"3 Louse","floor":14.0,"turns":1.0},{"damage":0.0,"enemies":"Slime Boss","floor":16.0,"turns":3.0},{"damage":0.0,"enemies":"3 Byrds","floor":18.0,"turns":1.0},{"damage":0.0,"enemies":"Spheric Guardian","floor":20.0,"turns":1.0},{"damage":0.0,"enemies":"Cultist and Chosen","floor":21.0,"turns":2.0},{"damage":0.0,"enemies":"3 Cultists","floor":23.0,"turns":1.0},{"damage":0.0,"enemies":"Snecko","floor":24.0,"turns":1.0},{"damage":0,"enemies":"Snake Plant","floor":27,"turns":1},{"damage":0,"enemies":"Slavers","floor":28,"turns":1},{"damage":3,"enemies":"Collector","floor":33,"turns":2},{"damage":199,"enemies":"3 Darklings","floor":35,"turns":2},{"damage":2,"enemies":"3 Shapes","floor":36,"turns":3},{"damage":11,"enemies":"Writhing Mass","floor":37,"turns":2},{"damage":25,"enemies":"Sphere and 2 Shapes","floor":38,"turns":1},{"damage":0,"enemies":"Nemesis","floor":41,"turns":1},{"damage":6,"enemies":"3 Darklings","floor":44,"turns":2},{"damage":0,"enemies":"4 Shapes","floor":46,"turns":2},{"damage":0,"enemies":"Sphere and 2 Shapes","floor":48,"turns":2},{"damage":0,"enemies":"Replay:Hell Engine","floor":50,"turns":1},{"damage":701,"enemies":"The Heart","floor":54,"turns":3}],"seed_played":"5496069100282544189","potions_obtained":[{"floor":6.0,"key":"Reflective Coating"}],"is_trial":false,"path_per_floor":["M","$","M","$","M","M","M","E","T","M","M","R","M","M","R","B",null,"M","?","M","M","$","M","M","R","T","M","E","?","R","?","R","B",null,"?","?","?","?","?","T","E","T","T","?","T","?","?","?","T","B",null,"T","T","B",null],"character_chosen":"MARISA","items_purchased":["Oddly Smooth Stone","ZombieArmy","Lee\u0027s Waffle","Acceleration","DC","DoubleSpark","bronze:BronzeIdol","Gremlin Food","OrangePellets","GalacticHalo","LuminesStrike","vexMod:FocusSash","Replay:Arrowhead","Frozen Eye","CollectingQuirk","HandOfGreed","ScarletDevilRocket","Simple Rune","ReplayTheSpireMod:CursedCoin"],"campfire_rested":2,"item_purchase_floors":[2,2,2,2,2,2,4,4,4,4,4,22,22,22,22,22,53,53,53],"current_hp_per_floor":[75,82,82,82,82,96,96,96,96,93,93,93,93,93,93,96,96,96,71,71,71,71,71,56,56,56,59,69,72,72,75,112,115,128,131,134,126,101,101,101,101,101,101,98,98,101,106,109,146,146,146,146,141,54],"gold":10009,"neow_bonus":"THREE_ENEMY_KILL","is_daily":false,"chose_seed":false,"campfire_upgraded":13,"win_rate":0.0,"timestamp":1611406358,"path_taken":["M","$","?","$","M","M","?","E","T","M","?","R","M","M","R","BOSS","M","?","M","M","$","M","M","R","T","M","E","?","R","?","R","BOSS","?","?","?","?","?","T","E","T","T","?","T","?","?","?","T","BOSS","T","T","BOSS"],"items_purchased_type":["Relic","Relic","Relic","Card","Card","Card","Relic","Relic","Relic","Card","Card","Relic","Relic","Relic","Card","Card","Relic","Relic","Relic"],"build_version":"2020-12-22","purchased_purges":4,"victory":true,"max_hp_per_floor":[75,82,82,82,82,96,96,96,96,96,96,96,96,96,96,96,96,96,96,96,96,96,96,106,106,106,109,119,122,122,125,125,128,128,131,134,137,137,137,137,137,137,137,140,140,143,143,146,146,146,146,146,149,149],"card_choices":[{"not_picked":["WitchOfGreed","ChargeUpSpray"],"picked":"LuminesStrike","floor":1.0},{"not_picked":["BlazeAway","WitchOfGreed"],"picked":"WitchLeyline","floor":3.0},{"not_picked":["DarkSpark","MilkyWay"],"picked":"GrandCross","floor":5.0},{"not_picked":["DeepEcoloBomb","GalacticHalo"],"picked":"GravityBeat","floor":6.0},{"not_picked":["DoubleSpark","SporeBomb"],"picked":"CollectingQuirk","floor":7.0},{"not_picked":["Orbital","DeepEcoloBomb"],"picked":"GrandCross","floor":8.0},{"not_picked":["SporeBomb","PulseMagic"],"picked":"GravityBeat","floor":10.0},{"not_picked":["SporeBomb","StarBarrage"],"picked":"GasGiant","floor":11.0},{"not_picked":["MachineGunSpark","WitchOfGreed"],"picked":"BlazingStar","floor":13.0},{"not_picked":["6A","PropBag"],"picked":"GravityBeat","floor":14.0},{"not_picked":["DC","IllusionStar"],"picked":"GravityBeat","floor":18.0},{"not_picked":["PowerUp+1","MysteriousBeam","SporeBomb"],"picked":"SKIP","floor":20.0},{"not_picked":["GrandCross","Singularity+1"],"picked":"ShootTheMoon+1","floor":21.0},{"not_picked":["ChargeUpSpray","ManaConvection"],"picked":"GalacticHalo","floor":23.0},{"not_picked":["LuminesStrike+1","MysteriousBeam"],"picked":"ManaRampage","floor":24.0},{"not_picked":["DC","MachineGunSpark"],"picked":"GrandCross","floor":27},{"not_picked":["ChargeUpSpray","StarlightTyphoon"],"picked":"TreasureHunter","floor":28},{"not_picked":["BinaryStars","AbsoluteMagnitude"],"picked":"FinalSpark","floor":33},{"not_picked":["EventHorizon","GrandCross+1"],"picked":"MilkyWay+1","floor":35},{"not_picked":["NonDirectionalLaser","DeepEcoloBomb+1"],"picked":"WitchLeyline","floor":36},{"not_picked":["MysteriousBeam+1","DeepEcoloBomb+1"],"picked":"LuminesStrike+1","floor":37},{"not_picked":["PowerUp","ChargeUpSpray","ShootingEcho"],"picked":"SKIP","floor":38},{"not_picked":["BigCrunch","IllusionStar+1","SporeBomb+1"],"picked":"SKIP","floor":41},{"not_picked":["6A+1","SuperPerseids+1"],"picked":"NonDirectionalLaser+1","floor":44},{"not_picked":["SuperPerseids+1","MagicAbsorber"],"picked":"GalacticHalo","floor":46},{"not_picked":["SporeBomb+1","SprinkleStarSeal+1"],"picked":"DC+1","floor":48}],"player_experience":32888,"relics_obtained":[{"floor":1.0,"key":"Baka"},{"floor":1.0,"key":"LetterFromLob"},{"floor":3.0,"key":"Baka2"},{"floor":6.0,"key":"Mango"},{"floor":8.0,"key":"champ:DeflectingBracers"},{"floor":19.0,"key":"Necronomicon"},{"floor":26.0,"key":"Replay:Ringing Soul"},{"floor":28,"key":"Strawberry"},{"floor":41,"key":"Mercury Hourglass"},{"floor":43,"key":"ReplayTheSpireMod:Lightbulb"},{"floor":46,"key":"RedMistMask"}],"event_choices":[{"damage_healed":0.0,"max_hp_gain":0.0,"max_hp_loss":0.0,"gold_gain":0.0,"event_name":"Cursed Tome","player_choice":"Obtained Book","floor":19.0,"gold_loss":0.0,"damage_taken":16.0},{"cards_removed":["Wrath_TH"],"damage_healed":5,"gold_gain":0,"player_choice":"Offered Special","damage_taken":0,"max_hp_gain":0,"max_hp_loss":0,"event_name":"Bonfire Elementals","floor":47,"gold_loss":0}],"is_beta":false,"boss_relics":[{"not_picked":["Circlet","ChewingGum"],"picked":"ReplayTheSpireMod:DimensionalGlitch"},{"not_picked":["ExperimentalFamiliar","Busted Crown"],"picked":"Painkiller Herb"}],"items_purged_floors":[2,4,22,53],"is_endless":false,"potions_floor_spawned":[3,6,10,11,13,21,23,28,36,37],"ascension_level":0}}