{"host":"njb27ds59h4j3ikk","time":1611440725,"event":{"mods":["AchievementEnabler","BaseMod","Better Altar","Better Match","Better Note","Better Sensory Stone","Better Skull","Better Third Choice","BetterRewards","Downfall","Hermit","Hubris","Minty Spire (QoL Compilation)","Permanent Neow","Quarter Circle Forward PUNCH!","Quick Restart","Rare Cards Sparkle","Shop Mod","StSLib","Trackpad","Transform Curses"],"gold_per_floor":[123,132,155,215,239,291,291,336,413,413,0,30,59,106,106,245,245,272,206,215,240,264,306,338,338,338,385,410,410,410,454,454,595,595,636,969,1004,1004,706,706,755,784,784,827,852,890,890,915,915,920,920,920,95,139,146],"floor_reached":56,"language":"ENG","playtime":3149,"items_purged":[],"score":2240,"play_id":"f5b0d959-198e-4b17-99b6-e49397d96a75","local_time":"20210123172525","is_ascension_mode":true,"campfire_choices":[{"data":"hermit:FlashPowder","floor":7.0,"key":"SMITH"},{"data":"hermit:Feint","floor":10.0,"key":"SMITH"},{"data":"hermit:Maintenance","floor":15.0,"key":"SMITH"},{"data":"hermit:Midnight","floor":25.0,"key":"SMITH"},{"data":"hermit:Purgatory","floor":32.0,"key":"SMITH"},{"floor":40.0,"key":"RECALL"},{"floor":49.0,"key":"REST"},{"data":"hermit:Adapt","floor":52.0,"key":"SMITH"}],"circlet_count":0,"master_deck":["hermit:PistolWhip+1","hermit:Strike_Hermit","hermit:Strike_Hermit","hermit:Strike_Hermit","hermit:Defend_Hermit","hermit:Defend_Hermit","hermit:Defend_Hermit","hermit:Defend_Hermit","hermit:Snapshot","hermit:Covet","hermit:Feint+1","hermit:FlashPowder+1","hermit:Grudge","hermit:SprayPray","hermit:TrackingShot","Injury","hermit:Adapt+1","hermit:Enervate","hermit:BodyArmor","hermit:Enervate","hermit:FinalCanter","hermit:LowProfile","hermit:Maintenance+1","hermit:Purgatory+1","hermit:Determination+1","Secret Technique","hermit:RoundhouseKick","hermit:Virtue","hermit:Quickdraw","hermit:Glare","hermit:Midnight+1","hermit:Glare+1","hermit:BodyArmor+1","hermit:Ricochet+1","Electrodynamics","hermit:Dissolve","hubris:PowerSurge","hermit:Misfire+1","Flying Knee","hermit:GoldenBullet+1","Power Through","hermit:CursedWeapon","Dropkick","hermit:LuckOfTheDraw","hermit:Gestalt+1","hermit:Cheat+1","hermit:WideOpen+1","hermit:Scavenge+1","Panacea+1","hermit:Determination","hermit:Midnight+1","Secret Technique+1","hermit:Virtue+1"],"relics":["hermit:Momento","CeramicFish","FossilizedHelix","Darkstone Periapt","hubris:64BitClover","Mummified Hand","Dead Branch","Orichalcum","Kunai","White Beast Statue","HornCleat","trackpad:ByrdBGone","qcfpunch:Red_Beret","Ancient Tea Set","hubris:Backtick","hubris:Potato","hubris:BottledRain","Gremlin Horn","Omamori","hubris:Icosahedron","qcfpunch:Neverending_Blood","qcfpunch:School_Backpack","Black Star","Oddly Smooth Stone","Calipers","qcfpunch:Wrestler\u0027s_Cloak","Centennial Puzzle","hermit:Horseshoe","Vajra","Toxic Egg 2","hubris:TenFootPole","trackpad:SappingStone","trackpad:RapidFire","hubris:EmptyBottle","trackpad:CultistFigurine","Nunchaku"],"acts_visited":["Exordium","TheCity","TheBeyond","TheEnding"],"potions_floor_usage":[55,55,55,55,55,55],"damage_taken":[{"damage":0.0,"enemies":"2 Louse","floor":1.0,"turns":2.0},{"damage":0.0,"enemies":"Small Slimes","floor":3.0,"turns":3.0},{"damage":0.0,"enemies":"Jaw Worm","floor":5.0,"turns":2.0},{"damage":12.0,"enemies":"Lagavulin","floor":6.0,"turns":5.0},{"damage":4.0,"enemies":"3 Sentries","floor":8.0,"turns":6.0},{"damage":0.0,"enemies":"Large Slime","floor":12.0,"turns":5.0},{"damage":0.0,"enemies":"2 Fungi Beasts","floor":13.0,"turns":2.0},{"damage":0.0,"enemies":"Gremlin Nob","floor":14.0,"turns":4.0},{"damage":7.0,"enemies":"Slime Boss","floor":16.0,"turns":7.0},{"damage":2.0,"enemies":"3 Byrds","floor":18.0,"turns":2.0},{"damage":0.0,"enemies":"Chosen","floor":21.0,"turns":4.0},{"damage":0.0,"enemies":"Centurion and Healer","floor":22.0,"turns":4.0},{"damage":15.0,"enemies":"Slavers","floor":23.0,"turns":4.0},{"damage":0.0,"enemies":"Sentry and Sphere","floor":24.0,"turns":3.0},{"damage":0.0,"enemies":"Gremlin Leader","floor":27.0,"turns":4.0},{"damage":0.0,"enemies":"Cultist and Chosen","floor":28.0,"turns":5.0},{"damage":0.0,"enemies":"Cultist and Chosen","floor":30.0,"turns":3.0},{"damage":0.0,"enemies":"Slavers","floor":31.0,"turns":4.0},{"damage":0.0,"enemies":"Automaton","floor":33.0,"turns":10.0},{"damage":0.0,"enemies":"3 Shapes","floor":35.0,"turns":3.0},{"damage":0.0,"enemies":"3 Darklings","floor":37.0,"turns":3.0},{"damage":0.0,"enemies":"Nemesis","floor":41.0,"turns":7.0},{"damage":0.0,"enemies":"Maw","floor":42.0,"turns":8.0},{"damage":0.0,"enemies":"Reptomancer","floor":44.0,"turns":3.0},{"damage":40.0,"enemies":"Writhing Mass","floor":45.0,"turns":6.0},{"damage":2.0,"enemies":"Giant Head","floor":46.0,"turns":9.0},{"damage":0.0,"enemies":"Jaw Worm Horde","floor":48.0,"turns":1.0},{"damage":40.0,"enemies":"hubris:GrandSnecko","floor":50.0,"turns":12.0},{"damage":43.0,"enemies":"Shield and Spear","floor":54.0,"turns":6.0},{"damage":1,"enemies":"The Heart","floor":55,"turns":6}],"seed_played":"5684774134172859106","potions_obtained":[{"floor":3.0,"key":"AttackPotion"},{"floor":6.0,"key":"ColorlessPotion"},{"floor":12.0,"key":"hexamod:SoulburnPotion"},{"floor":13.0,"key":"sneckomod:MuddlingPotion"},{"floor":14.0,"key":"Swift Potion"},{"floor":16.0,"key":"DuplicationPotion"},{"floor":22.0,"key":"hermit:Tonic"},{"floor":23.0,"key":"EssenceOfSteel"},{"floor":24.0,"key":"Explosive Potion"},{"floor":27.0,"key":"Block Potion"},{"floor":28.0,"key":"hermit:Tonic"},{"floor":31.0,"key":"DuplicationPotion"},{"floor":33.0,"key":"hermit:Tonic"},{"floor":41.0,"key":"Fruit Juice"},{"floor":42.0,"key":"sneckomod:MuddlingPotion"},{"floor":44.0,"key":"Fire Potion"},{"floor":54.0,"key":"hermit:Tonic"}],"is_trial":false,"path_per_floor":["M","?","M","?","M","E","R","E","T","R","$","M","M","E","R","B",null,"M","?","?","M","M","E","M","R","T","E","M","?","?","E","R","B",null,"M","?","M","?","$","R","E","M","T","E","M","E","?","M","R","B",null,"R","$","E","B",null],"character_chosen":"HERMIT","items_purchased":["CeramicFish","hermit:Feint","Darkstone Periapt","hermit:FlashPowder","hermit:Grudge","Mummified Hand","hermit:SprayPray","Orichalcum","trackpad:ByrdBGone","qcfpunch:Red_Beret","Calipers","trackpad:RapidFire","hubris:EmptyBottle","BlessingOfTheForge","Panacea+1","hermit:Determination","hermit:Midnight+1","Secret Technique+1"],"campfire_rested":1,"item_purchase_floors":[0,0,0,0,0,0,0,0,11,11,39,53,53,53,53,53,53,53],"current_hp_per_floor":[68,74,74,74,74,62,62,58,58,58,58,58,58,58,58,51,74,72,72,72,72,72,57,57,57,57,57,57,57,57,57,57,57,75,75,75,75,75,75,75,80,80,80,80,51,49,49,49,74,49,77,77,77,55,54],"gold":146,"neow_bonus":"","is_daily":false,"chose_seed":false,"campfire_upgraded":6,"win_rate":0.0,"timestamp":1611440725,"path_taken":["M","?","M","?","M","E","R","E","T","R","$","M","M","E","R","BOSS","M","?","?","M","M","E","M","R","T","E","M","?","?","E","R","BOSS","M","?","M","?","$","R","E","M","T","E","M","E","?","M","R","BOSS","R","$","E","BOSS"],"items_purchased_type":["Relic","Card","Relic","Card","Card","Relic","Card","Relic","Relic","Relic","Relic","Relic","Relic","Potion","Card","Card","Card","Card"],"build_version":"2020-12-22","purchased_purges":0,"victory":true,"max_hp_per_floor":[75,81,81,81,81,81,81,81,81,81,81,81,81,81,81,81,81,81,81,81,81,81,81,81,81,81,81,81,81,81,81,81,81,81,81,81,81,81,81,81,86,86,86,86,86,86,86,86,86,86,86,86,86,86,86],"card_choices":[{"not_picked":["hermit:Snipe","hermit:LowProfile"],"picked":"hermit:TrackingShot","floor":1.0},{"not_picked":["hermit:TakeAim","hermit:Misfire"],"picked":"hermit:Adapt","floor":3.0},{"not_picked":["hermit:Brawl","hermit:Feint"],"picked":"hermit:Enervate","floor":5.0},{"not_picked":["hermit:DeadMansHand","hermit:Roulette"],"picked":"hermit:BodyArmor","floor":6.0},{"not_picked":["hermit:TrackingShot","hermit:Desperado"],"picked":"hermit:Enervate","floor":8.0},{"not_picked":["hermit:Brawl","hermit:LowProfile"],"picked":"hermit:FinalCanter","floor":12.0},{"not_picked":["hermit:Enervate","hermit:CalledShot"],"picked":"hermit:LowProfile","floor":13.0},{"not_picked":["hermit:Roughhouse","hermit:BigShot"],"picked":"hermit:Maintenance","floor":14.0},{"not_picked":["hermit:Roughhouse","hermit:OverwhelmingPower"],"picked":"hermit:Purgatory","floor":16.0},{"not_picked":["hermit:Vantage","hermit:WideOpen"],"picked":"hermit:Determination+1","floor":18.0},{"not_picked":["HandOfGreed","Magnetism"],"picked":"Secret Technique","floor":19.0},{"not_picked":["hermit:Malice+1","hermit:Dive"],"picked":"hermit:Virtue","floor":21.0},{"not_picked":["hermit:Feint+1","hermit:LoneWolf"],"picked":"hermit:Quickdraw","floor":22.0},{"not_picked":["hermit:Virtue","hermit:Vantage"],"picked":"hermit:Glare","floor":23.0},{"not_picked":["hermit:Feint","hermit:HoleUp"],"picked":"hermit:Midnight","floor":24.0},{"not_picked":["hermit:EyeOfTheStorm","hermit:FatalDesire"],"picked":"hermit:Glare+1","floor":27.0},{"not_picked":["hermit:Glare+1","hermit:Roulette"],"picked":"hermit:BodyArmor+1","floor":28.0},{"not_picked":["hermit:WideOpen","hermit:ShadowCloak"],"picked":"hermit:Ricochet+1","floor":31.0},{"not_picked":["hubris:SpecializedCircuitry","All For One"],"picked":"Electrodynamics","floor":33.0},{"not_picked":["hermit:Reprieve","hermit:HeroicBravado"],"picked":"hermit:Dissolve","floor":33.0},{"not_picked":["Barrage","Genetic Algorithm"],"picked":"hubris:PowerSurge","floor":35.0},{"not_picked":["hermit:SprayPray","hermit:GoldenBullet"],"picked":"hermit:Misfire+1","floor":35.0},{"not_picked":["Backflip","Sucker Punch"],"picked":"Flying Knee","floor":37.0},{"not_picked":["hermit:Glare","hermit:Dive+1"],"picked":"hermit:GoldenBullet+1","floor":37.0},{"not_picked":["Limit Break","Disarm"],"picked":"Power Through","floor":41.0},{"not_picked":["hermit:Glare+1","hermit:HoleUp"],"picked":"hermit:CursedWeapon","floor":41.0},{"not_picked":["Anger","Blood for Blood"],"picked":"Dropkick","floor":42.0},{"not_picked":["hermit:Roulette","hermit:WideOpen"],"picked":"hermit:LuckOfTheDraw","floor":42.0},{"not_picked":["hermit:Determination+1","hermit:WideOpen+1"],"picked":"hermit:Gestalt+1","floor":44.0},{"not_picked":["hermit:Feint+1","hermit:Enervate+1"],"picked":"hermit:Cheat+1","floor":45.0},{"not_picked":["hermit:Feint+1","hermit:Roulette"],"picked":"hermit:WideOpen+1","floor":46.0},{"not_picked":["hermit:LowProfile+1","hermit:Determination"],"picked":"hermit:Scavenge+1","floor":48.0},{"not_picked":["hermit:CalledShot+1","hermit:Quickdraw+1"],"picked":"hermit:Virtue+1","floor":54.0}],"player_experience":1297896,"relics_obtained":[{"floor":6.0,"key":"Kunai"},{"floor":8.0,"key":"White Beast Statue"},{"floor":9.0,"key":"HornCleat"},{"floor":14.0,"key":"Ancient Tea Set"},{"floor":18.0,"key":"hubris:BottledRain"},{"floor":23.0,"key":"Gremlin Horn"},{"floor":27.0,"key":"Omamori"},{"floor":31.0,"key":"qcfpunch:School_Backpack"},{"floor":37.0,"key":"Oddly Smooth Stone"},{"floor":41.0,"key":"qcfpunch:Wrestler\u0027s_Cloak"},{"floor":41.0,"key":"Centennial Puzzle"},{"floor":43.0,"key":"hermit:Horseshoe"},{"floor":44.0,"key":"Vajra"},{"floor":44.0,"key":"Toxic Egg 2"},{"floor":46.0,"key":"hubris:TenFootPole"},{"floor":46.0,"key":"trackpad:SappingStone"},{"floor":54.0,"key":"trackpad:CultistFigurine"},{"floor":54.0,"key":"Nunchaku"}],"event_choices":[{"damage_healed":0.0,"max_hp_gain":0.0,"max_hp_loss":0.0,"gold_gain":0.0,"event_name":"Golden Idol","player_choice":"Take Wound","floor":2.0,"gold_loss":0.0,"damage_taken":0.0,"relics_obtained":["Golden Idol"],"cards_obtained":["Injury"]},{"damage_healed":0.0,"max_hp_gain":0.0,"max_hp_loss":0.0,"gold_gain":60.0,"event_name":"Golden Wing","player_choice":"Gained Gold","floor":4.0,"gold_loss":0.0,"damage_taken":0.0},{"damage_healed":0.0,"max_hp_gain":0.0,"max_hp_loss":0.0,"gold_gain":0.0,"event_name":"betterMatch:BetterMatch","player_choice":"1","floor":19.0,"gold_loss":0.0,"damage_taken":0.0,"cards_obtained":["betterMatch:ColorlessRareCard"]},{"cards_removed":["hermit:Maintenance"],"damage_healed":0.0,"max_hp_gain":0.0,"max_hp_loss":0.0,"gold_gain":0.0,"event_name":"betterNote:BetterNote","player_choice":"Take \u0026 Give","floor":20.0,"gold_loss":0.0,"damage_taken":0.0,"cards_obtained":["hermit:RoundhouseKick"]},{"damage_healed":0.0,"max_hp_gain":0.0,"max_hp_loss":0.0,"gold_gain":333.0,"event_name":"The Moai Head","player_choice":"Gave Idol","floor":36.0,"relics_lost":["Golden Idol"],"gold_loss":0.0,"damage_taken":0.0},{"cards_removed":["hermit:Strike_Hermit"],"damage_healed":0.0,"max_hp_gain":0.0,"max_hp_loss":0.0,"gold_gain":0.0,"event_name":"Falling","player_choice":"Removed Attack","floor":47.0,"gold_loss":0.0,"damage_taken":0.0}],"is_beta":false,"boss_relics":[{"not_picked":["SacredBark","trackpad:StolenKidneys"],"picked":"hubris:Backtick"},{"not_picked":["expansioncontent:StudyCardRelic","hermit:DentedPlate"],"picked":"Black Star"}],"items_purged_floors":[],"is_endless":false,"potions_floor_spawned":[3,6,12,13,14,16,18,21,22,23,24,27,28,30,31,33,35,37,41,42,44,45,46,48,54],"ascension_level":6}}