{"host":"qsusua7l529r8z9k","time":1611391871,"event":{"mods":["Aspiration","BaseMod","Minty Spire (QoL Compilation)","Spicy Shops","StSLib"],"gold_per_floor":[115,125,140,155,155,155,190,190,190,215,215,60,87,105,105,179,179,196,211,211,224,235,235,285,285,309,344,376,416,443,489,501,587,599,621,16,16,16,29,59,71,105,105,122,122,150,150,178,178,178],"floor_reached":51,"language":"ZHS","playtime":3650,"items_purged":["Strike_G","Strike_G"],"score":1785,"play_id":"3b6e55c4-cc13-4f8a-b846-e0228a74d39f","local_time":"20210123165111","is_ascension_mode":true,"campfire_choices":[{"data":"Blade Dance","floor":6.0,"key":"SMITH"},{"data":"Tactician","floor":8.0,"key":"SMITH"},{"data":"Acrobatics","floor":11.0,"key":"SMITH"},{"data":"Expertise","floor":15.0,"key":"SMITH"},{"data":"Well Laid Plans","floor":23.0,"key":"SMITH"},{"data":"Doppelganger","floor":25.0,"key":"SMITH"},{"data":"A Thousand Cuts","floor":32.0,"key":"SMITH"},{"floor":47.0,"key":"REST"},{"data":"Adrenaline","floor":49.0,"key":"SMITH"}],"circlet_count":0,"master_deck":["AscendersBane","Strike_G+1","Defend_G","Defend_G","Defend_G","Defend_G","Defend_G","Survivor","Neutralize","Dagger Spray","Concentrate","Blade Dance+1","Tactician+1","Acrobatics+1","Expertise+1","Adrenaline+1","Well Laid Plans+1","Eviscerate+1","Backflip","Adrenaline","Doppelganger+1","Terror","Cloak And Dagger+1","Outmaneuver","PiercingWail","Acrobatics","A Thousand Cuts+1","Reflex","Venomology","Madness","Madness","Escape Plan+1"],"relics":["Ring of the Snake","aspiration:Nostalgia","PureWater","aspiration:Lifesprig","HornCleat","Dead Branch","PreservedInsect","Shuriken","Empty Cage","Strawberry","MawBank","Happy Flower","Snake Skull","aspiration:WatcherSkillbook","Tough Bandages","Sling","Pantograph","Toxic Egg 2","Unceasing Top","Sundial","Whetstone"],"acts_visited":["Exordium","TheCity","TheBeyond"],"potions_floor_usage":[50,50,50],"damage_taken":[{"damage":2.0,"enemies":"Cultist","floor":1.0,"turns":5.0},{"damage":4.0,"enemies":"Small Slimes","floor":2.0,"turns":4.0},{"damage":0.0,"enemies":"2 Louse","floor":3.0,"turns":3.0},{"damage":1.0,"enemies":"Lots of Slimes","floor":4.0,"turns":3.0},{"damage":7.0,"enemies":"Gremlin Nob","floor":7.0,"turns":4.0},{"damage":2.0,"enemies":"3 Sentries","floor":10.0,"turns":6.0},{"damage":3.0,"enemies":"Lagavulin","floor":13.0,"turns":6.0},{"damage":0.0,"enemies":"3 Louse","floor":14.0,"turns":3.0},{"damage":4.0,"enemies":"Hexaghost","floor":16.0,"turns":6.0},{"damage":0.0,"enemies":"2 Thieves","floor":18.0,"turns":3.0},{"damage":0.0,"enemies":"Spheric Guardian","floor":19.0,"turns":1.0},{"damage":0.0,"enemies":"Cultist and Chosen","floor":21.0,"turns":3.0},{"damage":0.0,"enemies":"Chosen and Byrds","floor":22.0,"turns":3.0},{"damage":0.0,"enemies":"Slavers","floor":27.0,"turns":2.0},{"damage":11.0,"enemies":"Snake Plant","floor":28.0,"turns":2.0},{"damage":0.0,"enemies":"Gremlin Leader","floor":29.0,"turns":1.0},{"damage":0.0,"enemies":"Cultist and Chosen","floor":30.0,"turns":4.0},{"damage":0.0,"enemies":"Book of Stabbing","floor":31.0,"turns":3.0},{"damage":7.0,"enemies":"Champ","floor":33.0,"turns":6.0},{"damage":0.0,"enemies":"Orb Walker","floor":35.0,"turns":2.0},{"damage":17.0,"enemies":"3 Shapes","floor":39.0,"turns":2.0},{"damage":0.0,"enemies":"Giant Head","floor":40.0,"turns":4.0},{"damage":21.0,"enemies":"Jaw Worm Horde","floor":41.0,"turns":2.0},{"damage":0.0,"enemies":"Reptomancer","floor":42.0,"turns":4.0},{"damage":0.0,"enemies":"Transient","floor":44.0,"turns":4.0},{"damage":0.0,"enemies":"Nemesis","floor":46.0,"turns":3.0},{"damage":0.0,"enemies":"Giant Head","floor":48.0,"turns":2.0},{"damage":18,"enemies":"Time Eater","floor":50,"turns":6}],"seed_played":"-2660785705720062158","potions_obtained":[{"floor":3.0,"key":"GhostInAJar"},{"floor":4.0,"key":"EntropicBrew"},{"floor":10.0,"key":"DistilledChaos"},{"floor":18.0,"key":"SkillPotion"},{"floor":27.0,"key":"DistilledChaos"},{"floor":33.0,"key":"GamblersBrew"},{"floor":40.0,"key":"Ancient Potion"},{"floor":42.0,"key":"Block Potion"},{"floor":44.0,"key":"SteroidPotion"},{"floor":48.0,"key":"Regen Potion"}],"is_trial":false,"path_per_floor":["M","M","M","M","?","R","E","R","T","E","R","$","E","M","R","B",null,"M","M","?","M","M","R","?","R","T","E","M","E","M","E","R","B",null,"M","$","?","?","M","E","M","E","T","M","?","E","R","E","R","B",null],"character_chosen":"THE_SILENT","items_purchased":["PreservedInsect","Tough Bandages","Sling"],"campfire_rested":1,"item_purchase_floors":[12,36,36],"current_hp_per_floor":[57,53,53,52,52,52,45,45,45,43,43,43,40,40,40,36,59,59,59,55,55,55,55,49,49,56,56,45,45,45,45,45,38,64,64,64,51,51,34,34,13,13,13,13,13,13,34,34,34,56],"gold":178,"neow_bonus":"NOSTALGIA","is_daily":false,"chose_seed":false,"campfire_upgraded":8,"win_rate":0.0,"timestamp":1611391871,"path_taken":["M","?","M","M","?","R","E","R","T","E","R","$","E","M","R","BOSS","M","?","?","M","?","R","?","R","T","E","M","E","?","E","R","BOSS","M","$","?","?","?","E","M","E","T","M","?","E","R","E","R","BOSS"],"items_purchased_type":["Relic","Relic","Relic"],"build_version":"2020-12-22","purchased_purges":2,"victory":true,"max_hp_per_floor":[66,66,66,66,66,66,66,66,66,66,66,66,66,66,66,66,66,66,66,66,66,66,66,66,66,73,73,73,73,73,73,73,73,73,73,73,73,73,73,73,73,73,73,73,73,73,73,73,73,73],"card_choices":[{"not_picked":["Flying Knee","Masterful Stab"],"picked":"Dagger Spray","floor":1.0},{"not_picked":["Blur","Choke"],"picked":"Concentrate","floor":2.0},{"not_picked":["Quick Slash","Concentrate"],"picked":"Blade Dance","floor":3.0},{"not_picked":["Dagger Throw","PiercingWail"],"picked":"Tactician","floor":4.0},{"not_picked":["Leg Sweep","Dash"],"picked":"Well Laid Plans","floor":7.0},{"not_picked":["Catalyst","Acrobatics"],"picked":"Eviscerate","floor":10.0},{"not_picked":["Escape Plan","PiercingWail"],"picked":"Backflip","floor":13.0},{"not_picked":["Catalyst","Skewer"],"picked":"Adrenaline","floor":14.0},{"not_picked":["Venomology","Burst"],"picked":"Doppelganger","floor":16.0},{"not_picked":["Poisoned Stab","Eviscerate","Dash"],"picked":"SKIP","floor":18.0},{"not_picked":["Crippling Poison","Poisoned Stab"],"picked":"Terror","floor":19.0},{"not_picked":["Finisher","Setup+1"],"picked":"Cloak And Dagger+1","floor":21.0},{"not_picked":["Finisher","Concentrate","Crippling Poison"],"picked":"SKIP","floor":22.0},{"not_picked":["Acrobatics","Heel Hook"],"picked":"Outmaneuver","floor":27.0},{"not_picked":["Sucker Punch+1","Flying Knee"],"picked":"PiercingWail","floor":28.0},{"not_picked":["Dodge and Roll","Accuracy"],"picked":"Acrobatics","floor":29.0},{"not_picked":["Dagger Spray","Deflect"],"picked":"A Thousand Cuts","floor":30.0},{"not_picked":["Underhanded Strike","Escape Plan"],"picked":"Reflex","floor":31.0},{"not_picked":["Envenom","Die Die Die"],"picked":"Venomology","floor":33.0},{"not_picked":["Sucker Punch","Protect","BattleHymn","Underhanded Strike+1"],"picked":"SKIP","floor":35.0},{"not_picked":["Setup","Skewer","Underhanded Strike","Dagger Spray"],"picked":"SKIP","floor":39.0},{"not_picked":["Conclude+1","Distraction+1","Devotion","Dagger Spray"],"picked":"SKIP","floor":40.0},{"not_picked":["Conclude+1","Distraction+1","Devotion","Dagger Spray"],"picked":"SKIP","floor":40.0},{"not_picked":["Conclude+1","Distraction+1","Devotion","Dagger Spray"],"picked":"SKIP","floor":40.0},{"not_picked":["FlurryOfBlows+1","Sanctity+1","Choke+1","Sucker Punch+1"],"picked":"SKIP","floor":41.0},{"not_picked":["Swivel+1","Terror+1","Sanctity+1","Crippling Poison+1"],"picked":"SKIP","floor":42.0},{"not_picked":["Evaluate+1","Quick Slash","EmptyFist+1"],"picked":"Escape Plan+1","floor":44.0},{"not_picked":["ClearTheMind+1","Blur+1","Halt+1","Bane"],"picked":"SKIP","floor":46.0},{"not_picked":["EmptyMind+1","Crescendo+1","Escape Plan+1","Backstab+1"],"picked":"SKIP","floor":48.0}],"player_experience":474404,"relics_obtained":[{"floor":7.0,"key":"aspiration:Lifesprig"},{"floor":9.0,"key":"HornCleat"},{"floor":10.0,"key":"Dead Branch"},{"floor":13.0,"key":"Shuriken"},{"floor":26.0,"key":"Strawberry"},{"floor":27.0,"key":"MawBank"},{"floor":29.0,"key":"Happy Flower"},{"floor":31.0,"key":"Snake Skull"},{"floor":40.0,"key":"Pantograph"},{"floor":42.0,"key":"Toxic Egg 2"},{"floor":43.0,"key":"Unceasing Top"},{"floor":46.0,"key":"Sundial"},{"floor":48.0,"key":"Whetstone"}],"event_choices":[{"damage_healed":0.0,"max_hp_gain":0.0,"max_hp_loss":0.0,"gold_gain":0.0,"event_name":"Match and Keep!","player_choice":"3 cards matched","floor":5.0,"gold_loss":0.0,"damage_taken":0.0,"cards_obtained":["Acrobatics","Expertise","Adrenaline"]},{"damage_healed":0.0,"max_hp_gain":0.0,"max_hp_loss":0.0,"gold_gain":0.0,"event_name":"The Woman in Blue","player_choice":"Bought 0 Potions","floor":20.0,"gold_loss":0.0,"damage_taken":0.0},{"damage_healed":0.0,"max_hp_gain":0.0,"max_hp_loss":0.0,"gold_gain":50.0,"event_name":"FaceTrader","player_choice":"Touch","floor":24.0,"gold_loss":0.0,"damage_taken":6.0},{"damage_healed":0.0,"max_hp_gain":0.0,"max_hp_loss":0.0,"gold_gain":0.0,"event_name":"Winding Halls","player_choice":"Embrace Madness","floor":37.0,"gold_loss":0.0,"damage_taken":13.0,"cards_obtained":["Madness","Madness"]},{"damage_healed":0.0,"max_hp_gain":0.0,"max_hp_loss":0.0,"gold_gain":0.0,"event_name":"Wheel of Change","player_choice":"Cursed","floor":38.0,"gold_loss":0.0,"damage_taken":0.0,"cards_obtained":["Decay"]},{"cards_removed":["Decay"],"damage_healed":0.0,"max_hp_gain":0.0,"max_hp_loss":0.0,"gold_gain":0.0,"event_name":"Purifier","player_choice":"Purged","floor":45.0,"gold_loss":0.0,"damage_taken":0.0}],"is_beta":false,"boss_relics":[{"not_picked":["aspiration:RitualDagger","Calling Bell"],"picked":"Empty Cage"},{"not_picked":["Runic Pyramid","Ring of the Serpent"],"picked":"aspiration:WatcherSkillbook"}],"items_purged_floors":[36,36],"is_endless":false,"potions_floor_spawned":[3,4,10,18,27,28,31,33,40,41,42,44,48],"ascension_level":15}}