{"host":"sum4dy402bbv9y4o","time":1611360152,"event":{"mods":["Aspiration","BaseMod","Conspire","Highlight Path","Minty Spire (QoL Compilation)","StSLib"],"gold_per_floor":[109,120,120,16,33,68,68,83,83,118,137,148,48,48,48,126,126,146,164,164,39,51,83,83,117,187,214,214,229,241,258,258,334,334,347,23,23,23,42,67,93,93,93],"floor_reached":42,"language":"ENG","playtime":1691,"items_purged":["Strike_P","Strike_P","Strike_P"],"score":996,"play_id":"00471c0c-504a-4cb8-9ed9-26e81a6c457e","local_time":"20210123030232","is_ascension_mode":true,"campfire_choices":[{"data":"ForeignInfluence","floor":7,"key":"SMITH"},{"data":"Wallop","floor":15,"key":"SMITH"},{"data":"BowlingBash","floor":24,"key":"SMITH"},{"floor":28,"key":"REST"},{"floor":32,"key":"REST"}],"circlet_count":0,"master_deck":["AscendersBane","Strike_P","Defend_P","Defend_P","Defend_P","Defend_P","Eruption+1","Vigilance","FollowUp","ThirdEye","FollowUp","ForeignInfluence+1","Meditate","FlyingSleeves","Wallop+1","MentalFortress+1","Consecrate","DeusExMachina","Vengeance","BowlingBash+1","CarveReality","Protect","Consecrate","FollowUp","Adaptation+1","TalkToTheHand","Writhe","Decay","Crescendo"],"relics":["PureWater","aspiration:Nostalgia","Burning Blood","aspiration:HiddenCompartment","Frozen Egg 2","aspiration:HummingbirdHeart","SlaversCollar","Darkstone Periapt","Torii","Pantograph","CloakClasp","TeardropLocket","Letter Opener","Pen Nib"],"acts_visited":["Exordium","TheCity","TheBeyond"],"potions_floor_usage":[8,16,16,18,19,25,27,39,40,40],"damage_taken":[{"damage":1,"enemies":"Cultist","floor":1,"turns":4},{"damage":3,"enemies":"Small Slimes","floor":2,"turns":4},{"damage":0,"enemies":"Jaw Worm","floor":5,"turns":3},{"damage":16,"enemies":"Gremlin Nob","floor":6,"turns":3},{"damage":2,"enemies":"Blue Slaver","floor":8,"turns":3},{"damage":7,"enemies":"3 Sentries","floor":10,"turns":4},{"damage":0,"enemies":"Looter","floor":11,"turns":2},{"damage":0,"enemies":"3 Louse","floor":12,"turns":2},{"damage":24,"enemies":"Hexaghost","floor":16,"turns":5},{"damage":0,"enemies":"Spheric Guardian","floor":18,"turns":3},{"damage":22,"enemies":"Chosen","floor":19,"turns":6},{"damage":3,"enemies":"Shelled Parasite and Fungi","floor":22,"turns":4},{"damage":30,"enemies":"Book of Stabbing","floor":23,"turns":4},{"damage":5,"enemies":"Slavers","floor":25,"turns":5},{"damage":15,"enemies":"Book of Stabbing","floor":27,"turns":5},{"damage":42,"enemies":"Cultist and Chosen","floor":29,"turns":7},{"damage":9,"enemies":"Chosen and Byrds","floor":30,"turns":7},{"damage":12,"enemies":"3 Cultists","floor":31,"turns":4},{"damage":48,"enemies":"Collector","floor":33,"turns":9},{"damage":9,"enemies":"3 Shapes","floor":35,"turns":10},{"damage":0,"enemies":"Orb Walker","floor":39,"turns":3},{"damage":25,"enemies":"Nemesis","floor":40,"turns":7},{"damage":87,"enemies":"Reptomancer","floor":42,"turns":3}],"seed_played":"8455479006587367703","potions_obtained":[{"floor":2,"key":"ColorlessPotion"},{"floor":6,"key":"SneckoOil"},{"floor":8,"key":"StancePotion"},{"floor":10,"key":"FearPotion"},{"floor":16,"key":"Block Potion"},{"floor":18,"key":"Fruit Juice"},{"floor":23,"key":"LiquidMemories"},{"floor":25,"key":"SkillPotion"},{"floor":33,"key":"PowerPotion"},{"floor":35,"key":"StancePotion"},{"floor":39,"key":"SpeedPotion"}],"is_trial":false,"path_per_floor":["M","M","?","$","M","E","R","M","T","E","M","M","$","?","R","B",null,"M","M","?","$","M","E","R","E","T","E","R","M","M","M","R","B",null,"M","$","?","?","M","E","T","E"],"character_chosen":"WATCHER","items_purchased":["FollowUp","TalkToTheHand","TeardropLocket"],"campfire_rested":2,"item_purchase_floors":[4,36,36],"current_hp_per_floor":[66,68,68,68,68,58,58,62,62,61,67,68,68,68,68,50,64,73,57,72,72,73,49,49,50,50,41,62,26,23,17,38,21,60,57,57,78,84,85,66,66,0,0],"gold":93,"neow_bonus":"NOSTALGIA","is_daily":false,"chose_seed":false,"campfire_upgraded":3,"win_rate":0.0,"timestamp":1611360152,"path_taken":["M","?","?","$","M","E","R","M","T","E","M","M","$","?","R","BOSS","M","M","?","$","M","E","R","E","T","E","R","M","M","M","R","BOSS","M","$","?","?","?","E","?","E"],"items_purchased_type":["Card","Card","Relic"],"build_version":"2020-12-22","purchased_purges":3,"victory":false,"max_hp_per_floor":[68,68,68,68,68,68,68,68,68,68,68,68,68,68,68,68,68,73,73,73,73,73,73,73,73,73,73,73,73,73,73,73,73,73,73,73,79,85,85,85,85,85,85],"card_choices":[{"not_picked":["PathToVictory","FlyingSleeves"],"picked":"FollowUp","floor":1},{"not_picked":["PathToVictory","Indignation"],"picked":"ThirdEye","floor":2},{"not_picked":["Crescendo","CutThroughFate"],"picked":"ForeignInfluence","floor":5},{"not_picked":["JustLucky","Evaluate"],"picked":"Meditate","floor":6},{"not_picked":["WaveOfTheHand","Wireheading"],"picked":"FlyingSleeves","floor":8},{"not_picked":["Weave","ReachHeaven"],"picked":"Wallop","floor":10},{"not_picked":["Crescendo","BowlingBash"],"picked":"MentalFortress+1","floor":11},{"not_picked":["Wallop","EmptyBody"],"picked":"Consecrate","floor":12},{"not_picked":["DevaForm+1","Establishment+1"],"picked":"DeusExMachina","floor":16},{"not_picked":["Prostrate","Fasting2+1","Evaluate"],"picked":"SKIP","floor":18},{"not_picked":["Halt","DeceiveReality"],"picked":"Vengeance","floor":19},{"not_picked":["SashWhip","ClearTheMind"],"picked":"BowlingBash","floor":22},{"not_picked":["Vault","WaveOfTheHand"],"picked":"CarveReality","floor":23},{"not_picked":["Vengeance","CarveReality"],"picked":"Protect","floor":25},{"not_picked":["DeceiveReality","BattleHymn+1"],"picked":"Consecrate","floor":27},{"not_picked":["Evaluate","Vault","Consecrate"],"picked":"SKIP","floor":29},{"not_picked":["Meditate","JustLucky"],"picked":"FollowUp","floor":30},{"not_picked":["Consecrate","Conclude"],"picked":"Adaptation+1","floor":31},{"not_picked":["ReachHeaven+1","Consecrate","CutThroughFate"],"picked":"SKIP","floor":35},{"not_picked":["CrushJoints","Evaluate","PathToVictory"],"picked":"SKIP","floor":39},{"not_picked":["ThirdEye+1","Protect"],"picked":"Crescendo","floor":40}],"player_experience":2967390,"relics_obtained":[{"floor":6,"key":"aspiration:HiddenCompartment"},{"floor":9,"key":"Frozen Egg 2"},{"floor":10,"key":"aspiration:HummingbirdHeart"},{"floor":23,"key":"Darkstone Periapt"},{"floor":25,"key":"Torii"},{"floor":26,"key":"Pantograph"},{"floor":27,"key":"CloakClasp"},{"floor":40,"key":"Letter Opener"},{"floor":41,"key":"Pen Nib"}],"event_choices":[{"damage_healed":0,"gold_gain":0,"player_choice":"Grow","damage_taken":0,"max_hp_gain":0,"max_hp_loss":0,"event_name":"Living Wall","floor":3,"gold_loss":0,"cards_upgraded":["Eruption"]},{"damage_healed":0,"gold_gain":0,"player_choice":"Leave","damage_taken":0,"max_hp_gain":0,"max_hp_loss":0,"event_name":"The Cleric","floor":14,"gold_loss":0},{"damage_healed":15,"gold_gain":0,"player_choice":"Heal","damage_taken":0,"max_hp_gain":0,"max_hp_loss":0,"event_name":"The Library","floor":20,"gold_loss":0},{"damage_healed":15,"gold_gain":0,"player_choice":"Writhe","damage_taken":0,"max_hp_gain":0,"max_hp_loss":0,"event_name":"Winding Halls","floor":37,"gold_loss":0,"cards_obtained":["Writhe"]},{"damage_healed":0,"gold_gain":0,"player_choice":"Cursed","damage_taken":0,"max_hp_gain":0,"max_hp_loss":0,"event_name":"Wheel of Change","floor":38,"gold_loss":0,"cards_obtained":["Decay"]}],"is_beta":false,"boss_relics":[{"not_picked":["aspiration:PoetsPen","Pandora\u0027s Box"],"picked":"SlaversCollar"},{"not_picked":["conspire:RunicOctahedron","Snecko Eye","Velvet Choker"]}],"items_purged_floors":[4,13,21],"is_endless":false,"potions_floor_spawned":[2,6,8,10,16,18,23,25,33,35,39],"killed_by":"Reptomancer","ascension_level":20}}