{"host":"xc18ixkpjvqrt8st","time":1611363891,"event":{"mods":["Act Like it!","BaseMod","Better Match","Better Third Choice","Conspire","Hallownest","Hermit","Hubris","Infinite Spire","Minty Spire (QoL Compilation)","Robot Space Explorer","Shop Mod","Spicy Shops","StSLib","The Animator","The Jungle","The Marked","The Sage"],"gold_per_floor":[121,147,46,46,46,79,79,103,103,103,148,173,226,226,226,364,364,388,388,388,25,34,34,34],"floor_reached":23,"language":"ENG","playtime":1075,"items_purged":[],"score":253,"play_id":"3f5ba68a-0366-4350-9bbe-706af0c62b07","local_time":"20210122190451","is_ascension_mode":true,"campfire_choices":[{"floor":7,"key":"REST"},{"floor":10,"key":"RECALL"},{"floor":15,"key":"REST"}],"circlet_count":0,"master_deck":["animator:Defend_TenSura","animator:Defend","animator:Defend","animator:Defend","animator:Benimaru","animator:Shuna","animator:Boros","animator:Viivi","animator:Mitsurugi","animator:Vanir","animator:DolaSchwi","Injury","animator:Kazuma","animator:FielNirvalen","animator:GazelDwargon","animator:Fredrika","animator:Darkness","animator:ChaikaTrabant","animator:DolaRiku","Bite","Bite","Bite","Bite","Bite","hubris:Fate","animator:Mitsurugi","animator:Gillette","animator:Shinoa"],"relics":["animator:LivingPicture","animator:TheMissingPiece","Golden Idol","hubris:Metronome","Whetstone","Omamori","conspire:RoyalGoblet","Eternal Feather"],"acts_visited":["Exordium","TheCity"],"potions_floor_usage":[6,13,16,22,22,22,23,23],"damage_taken":[{"damage":3,"enemies":"2 Louse","floor":1,"turns":3},{"damage":0,"enemies":"conspire:RoseBush","floor":2,"turns":3},{"damage":16,"enemies":"3 Sentries","floor":6,"turns":6},{"damage":0,"enemies":"Cultist","floor":8,"turns":2},{"damage":8,"enemies":"Gremlin Nob","floor":11,"turns":4},{"damage":2,"enemies":"Looter","floor":12,"turns":2},{"damage":14,"enemies":"3 Sentries","floor":13,"turns":8},{"damage":27,"enemies":"Hexaghost","floor":16,"turns":11},{"damage":4,"enemies":"Spheric Guardian","floor":18,"turns":5},{"damage":15,"enemies":"2 Thieves","floor":22,"turns":4},{"damage":55,"enemies":"Gremlin Leader","floor":23,"turns":4}],"seed_played":"-8479035540739207325","potions_obtained":[{"floor":2,"key":"Fire Potion"},{"floor":5,"key":"PowerPotion"},{"floor":5,"key":"EntropicBrew"},{"floor":8,"key":"Swift Potion"},{"floor":22,"key":"ColorlessPotion"}],"is_trial":false,"path_per_floor":["M","M","$","?","?","E","R","M","T","R","E","M","E","?","R","B",null,"M","?","?","$","M","E"],"character_chosen":"THE_ANIMATOR","items_purchased":["animator:Vanir","animator:DolaSchwi","Eternal Feather","animator:Mitsurugi","animator:Gillette"],"campfire_rested":2,"item_purchase_floors":[3,3,21,21,21],"current_hp_per_floor":[64,64,64,64,64,55,67,67,67,67,59,58,50,50,68,44,68,64,47,47,47,36,0,0],"gold":34,"neow_bonus":"ONE_RANDOM_RARE_CARD","is_daily":false,"chose_seed":false,"campfire_upgraded":0,"win_rate":0.0,"timestamp":1611363891,"path_taken":["M","M","$","?","?","E","R","M","T","R","E","?","E","?","R","BOSS","M","?","?","$","M","E"],"items_purchased_type":["Card","Card","Relic","Card","Card"],"build_version":"2020-12-22","purchased_purges":0,"victory":false,"max_hp_per_floor":[66,66,66,66,66,67,67,67,67,67,67,68,68,68,68,68,68,68,47,47,47,47,47,47],"card_choices":[{"not_picked":["animator:ZankiKiguchi","animator:Togame"],"picked":"animator:Viivi","floor":1},{"not_picked":["animator:Guy","animator:Darkness"],"picked":"animator:Mitsurugi","floor":2},{"not_picked":["animator:Layla","animator:Konayuki"],"picked":"animator:Kazuma","floor":6},{"not_picked":["animator:Jibril","animator:Tet"],"picked":"animator:FielNirvalen","floor":8},{"not_picked":["animator:MetalKnight","animator:CrowleyEusford"],"picked":"animator:GazelDwargon","floor":11},{"not_picked":["animator:Yoichi","animator:DolaRiku"],"picked":"animator:Fredrika","floor":12},{"not_picked":["animator:DolaCouronne","animator:Yuuichirou"],"picked":"animator:Darkness","floor":13},{"not_picked":["animator:Rimuru","animator:HigakiRinne"],"picked":"animator:ChaikaTrabant","floor":16},{"not_picked":["animator:Jibril","animator:ChlammyZell"],"picked":"animator:DolaRiku","floor":18},{"not_picked":["infinitespire:Starlight","infinitespire:Oblivion"],"picked":"hubris:Fate","floor":20},{"not_picked":["animator:Hitei","animator:MetalKnight"],"picked":"animator:Shinoa","floor":22}],"player_experience":584945,"relics_obtained":[{"floor":6,"key":"hubris:Metronome"},{"floor":11,"key":"Whetstone"},{"floor":13,"key":"Omamori"}],"event_choices":[{"damage_healed":0,"gold_gain":0,"player_choice":"Take Wound","damage_taken":0,"relics_obtained":["Golden Idol"],"max_hp_gain":0,"max_hp_loss":0,"event_name":"Golden Idol","floor":4,"gold_loss":0,"cards_obtained":["Injury"]},{"damage_healed":0,"gold_gain":0,"player_choice":"Got Potions","damage_taken":0,"max_hp_gain":0,"max_hp_loss":0,"event_name":"Lab","floor":5,"gold_loss":0},{"damage_healed":0,"gold_gain":0,"player_choice":"Disagree","damage_taken":0,"max_hp_gain":0,"max_hp_loss":0,"event_name":"conspire:LoneGhost","floor":14,"gold_loss":0},{"damage_healed":0,"gold_gain":0,"player_choice":"Became a vampire","damage_taken":0,"max_hp_gain":0,"max_hp_loss":21,"event_name":"Vampires","floor":19,"gold_loss":0,"cards_obtained":["Bite","Bite","Bite","Bite","Bite"]}],"is_beta":false,"boss_relics":[{"not_picked":["infinitespire:Cupcake","Black Star"],"picked":"conspire:RoyalGoblet"}],"items_purged_floors":[],"is_endless":false,"potions_floor_spawned":[2,8,12,22],"killed_by":"Gremlin Leader","ascension_level":2}}