{"host":"fqepcc6wiujntn7y","time":1611394784,"event":{"mods":["AchievementEnabler","BaseMod","Minty Spire (QoL Compilation)","Quick Restart","Replay The Spire","StSLib","The Jungle"],"gold_per_floor":[114,134,150,169,183,208,208,208,208,224,224,399,415,428,428,528,528,538,557,572,30,30,65,65,65,117,117,117,165,165,165,165,173,173],"floor_reached":33,"language":"ENG","playtime":2267,"items_purged":["Strike_G"],"score":312,"play_id":"643d1331-391f-4271-b80a-e7d52da28f60","local_time":"20210123093944","is_ascension_mode":false,"campfire_choices":[{"data":"Draining Mist","floor":7,"key":"SMITH"},{"floor":11,"key":"REST"},{"data":"Noxious Fumes","floor":15,"key":"SMITH"},{"data":"Specialist","floor":24,"key":"SMITH"},{"data":"Corpse Explosion","floor":27,"key":"SMITH"},{"data":"Noxious Fumes","floor":30,"key":"SMITH"},{"floor":32,"key":"REST"}],"circlet_count":0,"master_deck":["Strike_G","Strike_G","Strike_G","Defend_G","Defend_G","Defend_G","Defend_G","Defend_G","Survivor","Neutralize","Crippling Poison","Deadly Poison","Draining Mist+1","Accuracy","ReplayTheSpireMod:Shiv Toss","Dagger Spray","Noxious Fumes+1","Doubt","Calculated Gamble","Noxious Fumes","Adrenaline","Well Laid Plans","Footwork","Cloak And Dagger","Specialist+1","Noxious Fumes+1","Toxin Wave","Corpse Explosion+1","Shame","Hallucinations","Amnesia","Outmaneuver+1"],"relics":["Ring of the Snake","Boot","Matryoshka","Cursed Key","Lee\u0027s Waffle","Replay:Baseball","ReplayTheSpireMod:Shallot","Quantum Egg","Tiny Chest","Replay:Bandana","ReplayTheSpireMod:Ring of Challenge","Ring of Misfortune","Prayer Wheel","Enchiridion"],"acts_visited":["Exordium","TheCity"],"potions_floor_usage":[14,16,20,29,33],"damage_taken":[{"damage":0,"enemies":"Small Slimes","floor":1,"turns":3},{"damage":0,"enemies":"2 Louse","floor":2,"turns":2},{"damage":6,"enemies":"Jaw Worm","floor":3,"turns":4},{"damage":7,"enemies":"Looter","floor":4,"turns":3},{"damage":8,"enemies":"3 Louse","floor":5,"turns":4},{"damage":0,"enemies":"Replay:BlueRogue","floor":6,"turns":6},{"damage":6,"enemies":"Large Slime","floor":10,"turns":7},{"damage":5,"enemies":"Looter","floor":13,"turns":3},{"damage":13,"enemies":"Exordium Thugs","floor":14,"turns":4},{"damage":10,"enemies":"Hexaghost","floor":16,"turns":8},{"damage":2,"enemies":"Spheric Guardian","floor":18,"turns":3},{"damage":40,"enemies":"2 Thieves","floor":19,"turns":4},{"damage":7,"enemies":"3 Cultists","floor":20,"turns":4},{"damage":2,"enemies":"Replay:Snechameleon","floor":23,"turns":6},{"damage":11,"enemies":"Gremlin Leader","floor":29,"turns":5},{"damage":168,"enemies":"Champ","floor":33,"turns":6}],"seed_played":"262329737497237158","potions_obtained":[{"floor":3,"key":"GamblersBrew"},{"floor":5,"key":"BlessingOfTheForge"},{"floor":6,"key":"Block Potion"},{"floor":16,"key":"GamblersBrew"},{"floor":19,"key":"Block Potion"}],"is_trial":false,"path_per_floor":["M","M","M","M","M","E","R","?","T","M","R","?","M","M","R","B",null,"M","M","M","$","?","E","R","?","T","R","?","E","R","?","R","B"],"character_chosen":"THE_SILENT","items_purchased":["Specialist","Noxious Fumes","Lee\u0027s Waffle","Replay:Baseball"],"campfire_rested":2,"item_purchase_floors":[21,21,21,21],"current_hp_per_floor":[77,77,71,64,56,56,56,49,49,43,66,66,61,48,48,38,77,75,35,28,84,84,82,82,82,82,82,82,71,71,55,80,0,0],"gold":173,"neow_bonus":"TEN_PERCENT_HP_BONUS","is_daily":false,"chose_seed":false,"campfire_upgraded":5,"win_rate":0.0,"timestamp":1611394784,"path_taken":["M","M","M","M","M","E","R","?","T","M","R","?","M","M","R","BOSS","M","M","M","$","?","E","R","?","T","R","?","E","R","?","R","BOSS"],"items_purchased_type":["Card","Card","Relic","Relic"],"build_version":"2020-12-22","purchased_purges":1,"victory":false,"max_hp_per_floor":[77,77,77,77,77,77,77,77,77,77,77,77,77,77,77,77,77,77,77,77,84,84,84,84,84,84,84,84,84,84,84,84,84,84],"card_choices":[{"not_picked":["Underhanded Strike","Flechettes"],"picked":"Crippling Poison","floor":1},{"not_picked":["Hidden Blade","Terror"],"picked":"Deadly Poison","floor":2},{"not_picked":["Prepared","Cloak And Dagger"],"picked":"Draining Mist","floor":3},{"not_picked":["Flying Knee","Deflect"],"picked":"Accuracy","floor":4},{"not_picked":["Terror","Slice"],"picked":"ReplayTheSpireMod:Shiv Toss","floor":5},{"not_picked":["Dodge and Roll","Flechettes"],"picked":"Dagger Spray","floor":6},{"not_picked":["Calculated Gamble","Sucker Punch"],"picked":"Noxious Fumes","floor":10},{"not_picked":["Underhanded Strike","Quick Slash"],"picked":"Calculated Gamble","floor":13},{"not_picked":["Cloak And Dagger","ReplayTheSpireMod:Scrap Shanks"],"picked":"Noxious Fumes","floor":14},{"not_picked":["ReplayTheSpireMod:From All Sides","Unload"],"picked":"Adrenaline","floor":16},{"not_picked":["Backflip","Prepared+1"],"picked":"Well Laid Plans","floor":18},{"not_picked":["Hidden Blade","PiercingWail"],"picked":"Footwork","floor":19},{"not_picked":["Deflect","Dodge and Roll"],"picked":"Cloak And Dagger","floor":20},{"not_picked":["Masterful Stab","Leg Sweep+1"],"picked":"Corpse Explosion","floor":23},{"not_picked":["Bane","ReplayTheSpireMod:The Works"],"picked":"Outmaneuver+1","floor":29}],"player_experience":61412,"relics_obtained":[{"floor":6,"key":"Boot"},{"floor":9,"key":"Matryoshka"},{"floor":23,"key":"ReplayTheSpireMod:Shallot"},{"floor":26,"key":"Tiny Chest"},{"floor":26,"key":"Replay:Bandana"},{"floor":28,"key":"ReplayTheSpireMod:Ring of Challenge"},{"floor":28,"key":"Ring of Misfortune"},{"floor":29,"key":"Prayer Wheel"},{"floor":31,"key":"Enchiridion"}],"event_choices":[{"cards_removed":["Strike_G"],"damage_healed":0,"gold_gain":0,"player_choice":"Card Removal","damage_taken":7,"max_hp_gain":0,"max_hp_loss":0,"event_name":"Golden Wing","floor":8,"gold_loss":0},{"damage_healed":0,"gold_gain":175,"player_choice":"AGREE","damage_taken":0,"max_hp_gain":0,"max_hp_loss":0,"event_name":"Liars Game","floor":12,"gold_loss":0,"cards_obtained":["Doubt"]},{"damage_healed":0,"gold_gain":0,"player_choice":"Read","damage_taken":0,"max_hp_gain":0,"max_hp_loss":0,"event_name":"The Library","floor":22,"gold_loss":0,"cards_obtained":["Toxin Wave"]},{"damage_healed":0,"gold_gain":0,"player_choice":"Stole Relic","damage_taken":0,"relics_obtained":["Quantum Egg"],"max_hp_gain":0,"max_hp_loss":0,"event_name":"Addict","floor":25,"gold_loss":0,"cards_obtained":["Shame"]},{"damage_healed":0,"gold_gain":0,"player_choice":"Obtained Book","damage_taken":16,"max_hp_gain":0,"max_hp_loss":0,"event_name":"Cursed Tome","floor":31,"gold_loss":0}],"is_beta":false,"boss_relics":[{"not_picked":["Coffee Dripper","Runic Pyramid"],"picked":"Cursed Key"}],"items_purged_floors":[21],"is_endless":false,"potions_floor_spawned":[3,5,6,13,16,19],"killed_by":"Champ","ascension_level":0}}