{"host":"h3bgw7p7cb1roykn","time":1611437373,"event":{"mods":["AchievementEnabler","BaseMod","Colored Map","Minty Spire (QoL Compilation)","StSLib"],"gold_per_floor":[110,110,110,110,130,158,158,193,193,193,193,193],"floor_reached":11,"language":"ENG","playtime":419,"items_purged":[],"score":83,"play_id":"b6737754-4a5a-4faf-9ae6-b63ec13ef407","local_time":"20210123222933","is_ascension_mode":true,"campfire_choices":[{"floor":7,"key":"REST"},{"floor":10,"key":"REST"}],"circlet_count":0,"master_deck":["Strike_G","Strike_G","Strike_G","Strike_G","Defend_G","Defend_G","Defend_G","Defend_G","Defend_G","Survivor","Neutralize","Cloak And Dagger","Burst","PiercingWail","Skewer","Blade Dance","Backflip"],"relics":["Ring of the Snake","Dream Catcher","Tough Bandages","Snake Skull","Pantograph"],"acts_visited":["Exordium"],"potions_floor_usage":[],"damage_taken":[{"damage":0,"enemies":"Jaw Worm","floor":1,"turns":5},{"damage":0,"enemies":"2 Louse","floor":5,"turns":3},{"damage":34,"enemies":"3 Sentries","floor":6,"turns":19},{"damage":57,"enemies":"Lagavulin","floor":8,"turns":9},{"damage":36,"enemies":"Gremlin Nob","floor":11,"turns":5}],"seed_played":"-6484562003303517963","potions_obtained":[{"floor":1,"key":"Block Potion"},{"floor":6,"key":"Ancient Potion"}],"is_trial":false,"path_per_floor":["M","?","?","T","M","E","R","E","T","R","E"],"character_chosen":"THE_SILENT","items_purchased":[],"campfire_rested":2,"item_purchase_floors":[],"current_hp_per_floor":[77,77,77,77,77,43,66,9,9,32,0,0],"gold":193,"neow_bonus":"TEN_PERCENT_HP_BONUS","is_daily":false,"chose_seed":false,"campfire_upgraded":0,"win_rate":0.0,"timestamp":1611437373,"path_taken":["M","?","?","?","?","E","R","E","T","R","E"],"items_purchased_type":[],"build_version":"2020-12-22","purchased_purges":0,"victory":false,"max_hp_per_floor":[77,77,77,77,77,77,77,77,77,77,77,77],"card_choices":[{"not_picked":["Choke","Prepared"],"picked":"Cloak And Dagger","floor":1},{"not_picked":["Prepared","Outmaneuver"],"picked":"PiercingWail","floor":5},{"not_picked":["Distraction","Dodge and Roll"],"picked":"Skewer","floor":6},{"not_picked":["Calculated Gamble","Blur"],"picked":"Blade Dance","floor":7},{"not_picked":["Calculated Gamble","Acrobatics"],"picked":"Backflip","floor":8}],"player_experience":219543,"relics_obtained":[{"floor":4,"key":"Dream Catcher"},{"floor":6,"key":"Tough Bandages"},{"floor":8,"key":"Snake Skull"},{"floor":9,"key":"Pantograph"}],"event_choices":[{"damage_healed":0,"gold_gain":0,"player_choice":"Ignored","damage_taken":0,"max_hp_gain":0,"max_hp_loss":0,"event_name":"Golden Wing","floor":2,"gold_loss":0},{"damage_healed":0,"gold_gain":0,"cards_transformed":["Strike_G"],"player_choice":"Change","damage_taken":0,"max_hp_gain":0,"max_hp_loss":0,"event_name":"Living Wall","floor":3,"gold_loss":0,"cards_obtained":["Burst"]}],"is_beta":false,"boss_relics":[],"items_purged_floors":[],"is_endless":false,"potions_floor_spawned":[1,6],"killed_by":"Gremlin Nob","ascension_level":1}}