{"host":"t7mx8yfj1no5p62f","time":1611437012,"event":{"mods":["BaseMod","Bestiary","Colored Map","Colored Powertips","Minty Spire (QoL Compilation)","Relic Stats","StSLib","ojb\u0027s Info Mod"],"gold_per_floor":[112,82,94,112,112,112,127,127,127],"floor_reached":8,"language":"ENG","playtime":280,"items_purged":[],"score":96,"play_id":"07542a46-b533-4677-b6ca-6196cb46fc3b","local_time":"20210123162332","is_ascension_mode":true,"campfire_choices":[{"data":"Armaments","floor":6,"key":"SMITH"}],"circlet_count":0,"master_deck":["AscendersBane","Strike_R","Strike_R","Strike_R","Defend_R","Defend_R","Defend_R","Defend_R","Bash","Bloodletting","Offering","Armaments+1","Iron Wave","Cleave","Thunderclap"],"relics":["Burning Blood","Bag of Preparation"],"acts_visited":["Exordium"],"potions_floor_usage":[8],"damage_taken":[{"damage":14,"enemies":"Jaw Worm","floor":1,"turns":5},{"damage":7,"enemies":"Cultist","floor":3,"turns":3},{"damage":0,"enemies":"2 Louse","floor":4,"turns":6},{"damage":1,"enemies":"2 Fungi Beasts","floor":7,"turns":4},{"damage":46,"enemies":"Gremlin Nob","floor":8,"turns":3}],"seed_played":"-1467091618106164025","potions_obtained":[{"floor":1,"key":"Strength Potion"},{"floor":2,"key":"Regen Potion"},{"floor":2,"key":"CultistPotion"}],"is_trial":false,"path_per_floor":["M","?","M","M","?","R","M","E"],"character_chosen":"IRONCLAD","items_purchased":[],"campfire_rested":0,"item_purchase_floors":[],"current_hp_per_floor":[42,42,41,47,36,36,41,0,0],"gold":127,"neow_bonus":"TRANSFORM_TWO_CARDS","is_daily":false,"chose_seed":false,"campfire_upgraded":1,"win_rate":0.0,"timestamp":1611437012,"path_taken":["M","?","M","?","?","R","M","E"],"items_purchased_type":[],"build_version":"2020-12-22","purchased_purges":0,"victory":false,"max_hp_per_floor":[75,75,75,75,75,75,75,75,75],"relic_stats":{"counters":[5,21],"Bag of Preparation":[4],"obtain_stats":[{"Bag of Preparation":5,"Burning Blood":0},{"Bag of Preparation":3,"Burning Blood":0},{"Bag of Preparation":14,"Burning Blood":0}],"Burning Blood":24},"card_choices":[{"not_picked":["Headbutt","Perfected Strike"],"picked":"Armaments","floor":1},{"not_picked":["Shrug It Off","Ghostly Armor"],"picked":"Iron Wave","floor":3},{"not_picked":["Havoc","Sword Boomerang"],"picked":"Cleave","floor":4},{"not_picked":["Shockwave","Shrug It Off"],"picked":"Thunderclap","floor":7}],"player_experience":1840130,"relics_obtained":[],"event_choices":[{"damage_healed":0,"gold_gain":0,"player_choice":"Bought 2 Potions","damage_taken":0,"max_hp_gain":0,"max_hp_loss":0,"event_name":"The Woman in Blue","floor":2,"gold_loss":0},{"damage_healed":0,"gold_gain":0,"player_choice":"Success","damage_taken":11,"relics_obtained":["Bag of Preparation"],"max_hp_gain":0,"max_hp_loss":0,"event_name":"Scrap Ooze","floor":5,"gold_loss":0}],"is_beta":false,"boss_relics":[],"items_purged_floors":[],"is_endless":false,"potions_floor_spawned":[1,4],"killed_by":"Gremlin Nob","ascension_level":20}}