{"host":"opg65mucj6ra7dr1","time":1611404449,"event":{"mods":["BaseMod","DeckTracker","Keyboard Shortcuts","Minty Spire (QoL Compilation)","Permanent Neow","Quick Restart","everything is the same but u backflip on backflip"],"gold_per_floor":[109,40,40,5,5,34,45,75,75,75,75],"floor_reached":10,"language":"KOR","playtime":175,"items_purged":[],"score":144,"play_id":"3af68880-e35f-4aeb-ae5b-d9afb9e42d38","local_time":"20210123212049","is_ascension_mode":true,"campfire_choices":[],"circlet_count":0,"master_deck":["Strike_G","Strike_G","Strike_G","Strike_G","Defend_G","Defend_G","Defend_G","Defend_G","Defend_G","Survivor","Neutralize","Well Laid Plans","Escape Plan","Calculated Gamble","Backflip"],"relics":["Ring of the Snake","NeowsBlessing","Nunchaku","Pen Nib","Toy Ornithopter","Singing Bowl"],"acts_visited":["Exordium"],"potions_floor_usage":[8,10],"damage_taken":[{"damage":0,"enemies":"2 Louse","floor":1,"turns":1},{"damage":0,"enemies":"Gremlin Nob","floor":6,"turns":1},{"damage":0,"enemies":"Jaw Worm","floor":7,"turns":1},{"damage":26,"enemies":"3 Sentries","floor":8,"turns":11},{"damage":49,"enemies":"Gremlin Nob","floor":10,"turns":5}],"seed_played":"-1535511835644138894","potions_obtained":[{"floor":1,"key":"CultistPotion"},{"floor":7,"key":"Weak Potion"}],"is_trial":false,"path_per_floor":["M","$","?","?","?","E","M","E","T","E"],"character_chosen":"THE_SILENT","items_purchased":["Escape Plan"],"campfire_rested":0,"item_purchase_floors":[2],"current_hp_per_floor":[63,63,56,70,70,70,70,44,44,0,0],"gold":75,"neow_bonus":"THREE_ENEMY_KILL","is_daily":false,"chose_seed":false,"campfire_upgraded":0,"win_rate":0.0,"timestamp":1611404449,"path_taken":["M","$","?","?","?","E","M","E","T","E"],"items_purchased_type":["Card"],"build_version":"2020-12-22","purchased_purges":0,"victory":false,"max_hp_per_floor":[70,70,70,70,70,70,70,70,70,70,70],"card_choices":[{"not_picked":["Blade Dance","Deflect"],"picked":"Well Laid Plans","floor":1},{"not_picked":["Riddle With Holes","Bane","Poisoned Stab"],"picked":"SKIP","floor":6},{"not_picked":["Backstab","Envenom"],"picked":"Calculated Gamble","floor":7},{"not_picked":["Outmaneuver","PiercingWail"],"picked":"Backflip","floor":8}],"player_experience":148500,"relics_obtained":[{"floor":6,"key":"Pen Nib"},{"floor":8,"key":"Toy Ornithopter"},{"floor":9,"key":"Singing Bowl"}],"event_choices":[{"damage_healed":0,"gold_gain":0,"player_choice":"Success","damage_taken":7,"relics_obtained":["Nunchaku"],"max_hp_gain":0,"max_hp_loss":0,"event_name":"Scrap Ooze","floor":3,"gold_loss":0},{"damage_healed":17,"gold_gain":0,"player_choice":"Healed","damage_taken":0,"max_hp_gain":0,"max_hp_loss":0,"event_name":"The Cleric","floor":4,"gold_loss":35},{"cards_removed":["Strike_G"],"damage_healed":0,"gold_gain":0,"player_choice":"Card Removal","damage_taken":0,"max_hp_gain":0,"max_hp_loss":0,"event_name":"Wheel of Change","floor":5,"gold_loss":0}],"is_beta":false,"boss_relics":[],"items_purged_floors":[],"is_endless":false,"potions_floor_spawned":[1,7],"killed_by":"Gremlin Nob","ascension_level":9}}