{"host":"aewhn2fld106mlky","time":1611366187,"event":{"mods":["Act Like it!","BaseMod","Downfall","Koishi","KomeijiMod","Minty Spire (QoL Compilation)","Quick Restart","Relic Stats","Spicy Shops","StSLib","The Jungle","The Mystic"],"gold_per_floor":[99,117,129,129,146,146,146,146,56,73,73,88,88,88,106,209,209,209,229,31,42,42,42,42,42],"floor_reached":23,"language":"ZHS","playtime":819,"items_purged":["bronze:Strike"],"score":181,"play_id":"a04c15b2-f75c-43cd-b38e-af8fe0078f68","local_time":"20210123094307","is_ascension_mode":false,"campfire_choices":[{"data":"bronze:Goto","floor":1,"key":"SMITH"},{"data":"bronze:ChosenStrike","floor":6,"key":"SMITH"},{"data":"bronze:Optimize","floor":13,"key":"SMITH"},{"data":"bronze:Verify","floor":18,"key":"SMITH"}],"circlet_count":0,"master_deck":["bronze:Defend","bronze:Defend","bronze:Defend","bronze:Defend","bronze:Replicate","bronze:Goto+1","bronze:Fortify","bronze:Philosophize+1","bronze:ChosenStrike+1","bronze:Flail","bronze:FineTuning","bronze:Optimize+1","bronze:CleanCode","bronze:Verify+1","bronze:ForLoop+1","bronze:NullPointer+1","bronze:BronzeArmor+1"],"relics":["bronze:BronzeCore","Toy Ornithopter","Sundial","Astrolabe","Omamori","Gremlin Horn"],"acts_visited":["Exordium","TheCity"],"potions_floor_usage":[10,16,16],"damage_taken":[{"damage":1,"enemies":"Jaw Worm","floor":2,"turns":4},{"damage":0,"enemies":"Cultist","floor":3,"turns":3},{"damage":5,"enemies":"2 Louse","floor":5,"turns":2},{"damage":6,"enemies":"downfall:FleeingMerchant","floor":9,"turns":4},{"damage":0,"enemies":"Red Slaver","floor":10,"turns":1},{"damage":6,"enemies":"2 Fungi Beasts","floor":12,"turns":2},{"damage":16,"enemies":"Gremlin Gang","floor":15,"turns":4},{"damage":10,"enemies":"IC_STATUS_ARCHETYPE","floor":16,"turns":4},{"damage":20,"enemies":"Spheric Guardian","floor":19,"turns":4},{"damage":15,"enemies":"downfall:FleeingMerchant","floor":20,"turns":4},{"damage":26,"enemies":"Chosen","floor":21,"turns":5},{"damage":17,"enemies":"Centurion and Healer","floor":23,"turns":3}],"seed_played":"6175256668627609829","potions_obtained":[{"floor":2,"key":"SkillPotion"},{"floor":4,"key":"Strength Potion"},{"floor":4,"key":"Fire Potion"},{"floor":5,"key":"SkillPotion"},{"floor":12,"key":"bronze:CleanCodePotion"},{"floor":21,"key":"Energy Potion"}],"is_trial":false,"path_per_floor":["R","M","M","?","M","R","T","?","$","M","?","M","R","?","M","B",null,"R","M","$","M","?","M"],"character_chosen":"THE_AUTOMATON","items_purchased":["Omamori","Gremlin Horn"],"campfire_rested":0,"item_purchase_floors":[20,20],"current_hp_per_floor":[77,76,76,76,71,71,71,71,65,70,45,39,39,39,23,23,77,77,57,42,16,16,0,0,0],"gold":42,"neow_bonus":"TEN_PERCENT_HP_BONUS","is_daily":false,"chose_seed":false,"campfire_upgraded":4,"win_rate":0.0,"timestamp":1611366187,"path_taken":["R","M","M","?","?","R","T","?","$","?","?","M","R","?","M","BOSS","R","M","$","?","?","?"],"items_purchased_type":["Relic","Relic"],"build_version":"2020-12-22","purchased_purges":1,"victory":false,"max_hp_per_floor":[77,77,77,77,77,77,77,77,77,77,77,77,77,77,77,77,77,77,77,77,77,77,77,77,77],"relic_stats":{"Gremlin Horn":[0,0],"counters":[12,40],"Sundial":[6],"Astrolabe":["bronze:ForLoop","bronze:NullPointer","bronze:BronzeArmor"],"obtain_stats":[{"bronze:BronzeCore":0,"Gremlin Horn":20,"Sundial":11,"Astrolabe":17,"Omamori":20,"Toy Ornithopter":7},{"bronze:BronzeCore":0,"Gremlin Horn":10,"Sundial":5,"Astrolabe":8,"Omamori":10,"Toy Ornithopter":3},{"bronze:BronzeCore":0,"Gremlin Horn":32,"Sundial":14,"Astrolabe":24,"Omamori":32,"Toy Ornithopter":9}],"Toy Ornithopter":15},"card_choices":[{"not_picked":["bronze:Frontload","bronze:Iterate"],"picked":"bronze:Fortify","floor":2},{"not_picked":["bronze:Deprecate","bronze:Shield"],"picked":"bronze:Philosophize","floor":3},{"not_picked":["bronze:Iterate","bronze:Overheat"],"picked":"bronze:ChosenStrike","floor":5},{"not_picked":["bronze:Invalidate","bronze:OilSpill"],"picked":"bronze:Flail","floor":9},{"not_picked":["bronze:Branch","bronze:Shell"],"picked":"bronze:FineTuning","floor":10},{"not_picked":["bronze:WildBeam","bronze:Invalidate"],"picked":"bronze:Optimize","floor":12},{"not_picked":["bronze:BuggyMess","bronze:ClassDefault"],"picked":"bronze:CleanCode","floor":15},{"not_picked":["bronze:Mutator","bronze:CleanCode"],"picked":"bronze:Verify","floor":16},{"not_picked":["bronze:CutThrough","bronze:ChosenStrike+1","bronze:Invalidate"],"picked":"SKIP","floor":19},{"not_picked":["bronze:DelayedGuard","bronze:OilSpill","bronze:WhirlingStrike"],"picked":"SKIP","floor":20},{"not_picked":["bronze:Shield","bronze:BronzeArmor","bronze:MaxOutput+1"],"picked":"SKIP","floor":21}],"player_experience":47862,"relics_obtained":[{"floor":7,"key":"Toy Ornithopter"}],"event_choices":[{"damage_healed":0,"gold_gain":0,"player_choice":"Got Potions","damage_taken":0,"max_hp_gain":0,"max_hp_loss":0,"event_name":"Lab","floor":4,"gold_loss":0},{"damage_healed":0,"gold_gain":0,"player_choice":"Ignored","damage_taken":0,"max_hp_gain":0,"max_hp_loss":0,"event_name":"NoteForYourself","floor":8,"gold_loss":0},{"damage_healed":0,"gold_gain":0,"player_choice":"Success","damage_taken":25,"relics_obtained":["Sundial"],"max_hp_gain":0,"max_hp_loss":0,"event_name":"Scrap Ooze","floor":11,"gold_loss":0}],"is_beta":false,"boss_relics":[{"not_picked":["Velvet Choker","Cursed Key"],"picked":"Astrolabe"}],"items_purged_floors":[9],"is_endless":false,"potions_floor_spawned":[2,5,12,15,21],"killed_by":"Centurion and Healer","ascension_level":0}}