{"host":"bplbr8uekuotory4","time":1611384821,"event":{"mods":["Act Like it!","BaseMod","Custom Start","Gensokyo","GungeonMod","Hermit","KinomotoSakuraMod(ƒæ÷Æ±æ”£)","Marisa£®ÏF”Í°°ƒß¿Ì…≥£©","Minty Spire (QoL Compilation)","Prisma Mod","Quick Restart","Reimu£®≤©¿ˆ¡È√Œ£©","Replay The Spire","SOS£®Àπ∞Õ¥Ô÷Æ◊”£©","Spicy Shops","StSLib","TestMod","The Blackbeard","The Cursed","The Mystic","The Poker Player","The Runesmith","The Saiyan","The Senshi","The Servant 0.9.4","Yuri Mod","[IsaacMod]“‘»ˆº‚À˛"],"gold_per_floor":[117,117,117,136,28,58,58,84,96,137,163,201,239,263,275,382,394,420,432,444,456,107,140,140,171,171,188,113,213,228,239,239,340,340,353,136,149,149,178,178,195,195,195,209,209,223,235,15,32,47,47,47,47,47,47,72,72],"floor_reached":58,"language":"ZHS","playtime":1925,"items_purged":["Regret","blackbeard:BlackbeardStrike","blackbeard:BlackbeardDefend","blackbeard:BlackbeardDefend","blackbeard:BlackbeardStrike","blackbeard:BlackbeardStrike"],"score":2052,"play_id":"714d5974-e9f5-4a95-be74-cf6a01cc808c","local_time":"20210123145341","is_ascension_mode":true,"campfire_choices":[{"data":"blackbeard:CaptainsHat","floor":15.0,"key":"SMITH"},{"data":"blackbeard:BeatUp","floor":24.0,"key":"SMITH"},{"data":"blackbeard:BoostMorale","floor":32.0,"key":"SMITH"},{"data":"blackbeard:InfiniteBarrage","floor":40.0,"key":"SMITH"},{"floor":51.0,"key":"RECALL"},{"data":"blackbeard:FinalBarrage","floor":54,"key":"SMITH"}],"circlet_count":0,"master_deck":["blackbeard:BlackbeardStrike","blackbeard:IntimidatingStrike","blackbeard:BlackbeardDefend","blackbeard:BlackbeardDefend","blackbeard:Cutlass","blackbeard:BeatUp+1","blackbeard:CaptainsHat+1","blackbeard:CloakAndCannonball","blackbeard:FinalBarrage+1","blackbeard:Rum+1","blackbeard:GoldenCannonball","blackbeard:PiratesWill+1","blackbeard:Intoxication+1","blackbeard:InfiniteBarrage+1","blackbeard:DoubleCannonball","blackbeard:BoostMorale+1","blackbeard:WoodenLeg","blackbeard:Toast+1"],"relics":["blackbeard:LoadTheCannons","testmod-TestBox","HushsDoor","SatanicBible","testmod-ThousandKnives","NeowsBlessing","testmod-Antiphasic","Snack Pack","MawBank","TheBean","GuppysHead","Odd Mushroom","SacredBark","RottenBaby","SteamSale","Replay:Bottled Snecko","DemoMod:LamentConfigurum","PokeGo","testmod-HeartOfStrike","Replay:Bottled Steam","SlaversCollar","Toolbox","Bag of Marbles","testmod-Justice","Replay:Kaleidoscope","Frozen Egg 2","DemoMod:VorpalBullet","Strawberry"],"acts_visited":["Exordium","TheCity","TheBeyond","TheEnding"],"potions_floor_usage":[57,57],"damage_taken":[{"damage":0.0,"enemies":"Cultist","floor":1.0,"turns":1.0},{"damage":0.0,"enemies":"2 Louse","floor":4.0,"turns":1.0},{"damage":0.0,"enemies":"Gremlin Nob","floor":6.0,"turns":1.0},{"damage":5.0,"enemies":"Jaw Worm","floor":8.0,"turns":2.0},{"damage":7.0,"enemies":"3 Sentries","floor":10.0,"turns":5.0},{"damage":4.0,"enemies":"Lots of Slimes","floor":11.0,"turns":3.0},{"damage":22.0,"enemies":"Lagavulin","floor":12.0,"turns":4.0},{"damage":2.0,"enemies":"The Mushroom Lair","floor":13.0,"turns":3.0},{"damage":0.0,"enemies":"Looter","floor":14.0,"turns":1.0},{"damage":3.0,"enemies":"Fading Forest","floor":16.0,"turns":8.0},{"damage":0.0,"enemies":"Chosen","floor":18.0,"turns":3.0},{"damage":0.0,"enemies":"Book of Stabbing","floor":23.0,"turns":4.0},{"damage":0.0,"enemies":"Slavers","floor":25.0,"turns":3.0},{"damage":0.0,"enemies":"Shell Parasite","floor":27.0,"turns":2.0},{"damage":1.0,"enemies":"Colosseum Slavers","floor":29.0,"turns":3.0},{"damage":0.0,"enemies":"Colosseum Nobs","floor":29.0,"turns":3.0},{"damage":0.0,"enemies":"Shelled Parasite and Fungi","floor":30.0,"turns":3.0},{"damage":0.0,"enemies":"3 Cultists","floor":31.0,"turns":3.0},{"damage":0.0,"enemies":"Automaton","floor":33.0,"turns":5.0},{"damage":0.0,"enemies":"3 Darklings","floor":35.0,"turns":3.0},{"damage":0.0,"enemies":"Orb Walker","floor":37.0,"turns":1.0},{"damage":0.0,"enemies":"3 Darklings","floor":41.0,"turns":3.0},{"damage":0.0,"enemies":"4 Shapes","floor":44.0,"turns":3.0},{"damage":0.0,"enemies":"Jaw Worm Horde","floor":46.0,"turns":2.0},{"damage":0.0,"enemies":"Maw","floor":47.0,"turns":3.0},{"damage":0.0,"enemies":"Transient","floor":49.0,"turns":4.0},{"damage":0.0,"enemies":"4 Shapes","floor":50.0,"turns":3.0},{"damage":0,"enemies":"Donu and Deca","floor":52,"turns":4},{"damage":1,"enemies":"Shield and Spear","floor":56,"turns":3},{"damage":0,"enemies":"The Heart","floor":57,"turns":4}],"seed_played":"-2168347732545810414","potions_obtained":[{"floor":1.0,"key":"testmod-EscapePotion"},{"floor":8.0,"key":"Swift Potion"},{"floor":10.0,"key":"SpeedPotion"},{"floor":11.0,"key":"SteroidPotion"},{"floor":27.0,"key":"Strength Potion"},{"floor":29.0,"key":"SpeedPotion"},{"floor":35.0,"key":"Elixir"},{"floor":49.0,"key":"Energy Potion"}],"is_trial":false,"path_per_floor":["M","?","?","M","$","E","?","M","T","E","M","E","?","M","R","B",null,"M","?","?","?","$","E","R","E","T","M","?","?","M","M","R","B",null,"M","$","M","T","?","R","M","PTL","PTL","M","T","M","M","$","M","M","R","B",null,"R","$","E","B",null],"character_chosen":"BLACKBEARD_CLASS","items_purchased":["blackbeard:CaptainsHat","RottenBaby","SteamSale","blackbeard:Intoxication+1","Toolbox","Bag of Marbles","DemoMod:VorpalBullet"],"campfire_rested":0,"item_purchase_floors":[5,17,22,22,36,36,48],"current_hp_per_floor":[68,68,68,68,68,68,53,50,50,45,43,25,25,27,27,46,52,54,54,54,54,54,54,54,54,54,54,54,54,54,54,54,54,47,47,47,47,47,36,36,42,42,42,46,46,47,47,47,47,47,47,47,47,47,47,54,59],"gold":72,"neow_bonus":"THREE_ENEMY_KILL","is_daily":false,"chose_seed":false,"campfire_upgraded":5,"win_rate":0.0,"timestamp":1611384821,"path_taken":["M","?","?","?","$","E","?","M","T","E","?","E","?","?","R","BOSS","M","?","?","?","$","E","R","E","T","M","?","?","?","M","R","BOSS","M","$","M","?","?","R","M","PTL","PTL","M","T","M","M","$","M","M","R","BOSS","R","$","E","BOSS"],"items_purchased_type":["Card","Relic","Relic","Card","Relic","Relic","Relic"],"build_version":"2020-12-22","purchased_purges":6,"victory":true,"max_hp_per_floor":[75,75,75,75,75,75,75,75,75,75,75,75,75,75,75,75,54,54,54,54,54,54,54,54,54,54,54,54,54,54,54,54,54,47,47,47,47,47,47,47,47,47,47,47,47,47,47,47,47,47,47,47,47,47,47,54,59],"card_choices":[{"not_picked":["blackbeard:Sharpening","blackbeard:SwordDance"],"picked":"blackbeard:BeatUp","floor":1.0},{"not_picked":["blackbeard:Revenge","blackbeard:WiseDefense","blackbeard:CaptainsCabin"],"picked":"SKIP","floor":4.0},{"not_picked":["blackbeard:Sharpening","blackbeard:PirateStrength"],"picked":"blackbeard:CloakAndCannonball","floor":6.0},{"not_picked":["blackbeard:GoldenDefense","blackbeard:Sword"],"picked":"blackbeard:PiratesWill","floor":8.0},{"not_picked":["blackbeard:AgileStrike","blackbeard:TerrorOfTheSeas"],"picked":"blackbeard:FinalBarrage","floor":10.0},{"not_picked":["blackbeard:DelayedPain","blackbeard:RearmingStrike","blackbeard:BlindAttacks"],"picked":"SKIP","floor":11.0},{"not_picked":["blackbeard:WoodenLeg","blackbeard:DelayedPain"],"picked":"blackbeard:Rum","floor":12.0},{"not_picked":["blackbeard:RearmingStrike","blackbeard:PirateHook"],"picked":"blackbeard:GoldenCannonball","floor":13.0},{"not_picked":["blackbeard:BeatUp","blackbeard:GoldenDefense","blackbeard:Fencing"],"picked":"SKIP","floor":14.0},{"not_picked":["blackbeard:BlindAttacks","blackbeard:WeaponProficiency"],"picked":"blackbeard:PiratesWill+1","floor":18.0},{"not_picked":["blackbeard:RearmingStrike","blackbeard:Eyepatch","blackbeard:Shrapnel"],"picked":"SKIP","floor":23.0},{"not_picked":["blackbeard:Scrap","blackbeard:BlindAttacks"],"picked":"blackbeard:InfiniteBarrage","floor":25.0},{"not_picked":["blackbeard:BeatUp","blackbeard:Shrapnel","blackbeard:Fencing"],"picked":"SKIP","floor":27.0},{"not_picked":["blackbeard:Upgrade","blackbeard:DeadlyArsenal+1"],"picked":"blackbeard:DoubleCannonball","floor":29.0},{"not_picked":["blackbeard:GoldenCannonball","blackbeard:DoubleBottom","blackbeard:DelayedPain"],"picked":"SKIP","floor":30.0},{"not_picked":["blackbeard:ChaoticDefense","blackbeard:GoldenCannonball"],"picked":"blackbeard:BoostMorale","floor":31.0},{"not_picked":["blackbeard:BrownPants","blackbeard:PiratesWill+1","blackbeard:FieryDefense"],"picked":"SKIP","floor":35.0},{"not_picked":["blackbeard:FieryDefense+1","blackbeard:Shrapnel+1","blackbeard:DoubleCannonball"],"picked":"SKIP","floor":37.0},{"not_picked":["blackbeard:CannonballSupply+1","blackbeard:PowderKeg"],"picked":"blackbeard:WoodenLeg","floor":39.0},{"not_picked":["blackbeard:TerrorOfTheSeas","blackbeard:GoldenDefense","blackbeard:DoubleBottom+1"],"picked":"SKIP","floor":41.0},{"not_picked":["blackbeard:DangerousBlow+1","blackbeard:BrownPants","blackbeard:Dagger"],"picked":"SKIP","floor":44.0},{"not_picked":["blackbeard:FieryDefense","blackbeard:GoldenCannonball"],"picked":"blackbeard:Toast+1","floor":46.0},{"not_picked":["blackbeard:TacticalRetreat","blackbeard:AgileStrike","blackbeard:GoldenGuillotine"],"picked":"SKIP","floor":47.0},{"not_picked":["blackbeard:CannonballSupply+1","blackbeard:DoubleBottom+1","blackbeard:Sharpening+1"],"picked":"SKIP","floor":49.0},{"not_picked":["blackbeard:InfiniteBarrage+1","blackbeard:BeatUp+1","blackbeard:Fencing"],"picked":"SKIP","floor":50.0},{"not_picked":["blackbeard:FishingNets+1","blackbeard:RearmingStrike+1","blackbeard:Sharpening+1"],"picked":"SKIP","floor":56}],"player_experience":1189409,"relics_obtained":[{"floor":6.0,"key":"Snack Pack"},{"floor":10.0,"key":"TheBean"},{"floor":12.0,"key":"GuppysHead"},{"floor":13.0,"key":"Odd Mushroom"},{"floor":23.0,"key":"Replay:Bottled Snecko"},{"floor":25.0,"key":"DemoMod:LamentConfigurum"},{"floor":26.0,"key":"PokeGo"},{"floor":29.0,"key":"testmod-HeartOfStrike"},{"floor":29.0,"key":"Replay:Bottled Steam"},{"floor":38.0,"key":"testmod-Justice"},{"floor":39.0,"key":"Replay:Kaleidoscope"},{"floor":45.0,"key":"Frozen Egg 2"},{"floor":56,"key":"Strawberry"}],"event_choices":[{"damage_healed":0.0,"max_hp_gain":0.0,"max_hp_loss":0.0,"gold_gain":0.0,"event_name":"blackbeard:GoldsmithEvent","player_choice":"Ignored","floor":2.0,"gold_loss":0.0,"damage_taken":0.0},{"damage_healed":0.0,"max_hp_gain":0.0,"max_hp_loss":0.0,"gold_gain":0.0,"event_name":"Big Fish","player_choice":"Box","floor":3.0,"gold_loss":0.0,"damage_taken":0.0,"relics_obtained":["testmod-Antiphasic"],"cards_obtained":["Regret"]},{"damage_healed":0.0,"max_hp_gain":0.0,"max_hp_loss":0.0,"gold_gain":0.0,"event_name":"Mushrooms","player_choice":"Fought Mushrooms","floor":13.0,"gold_loss":0.0,"damage_taken":0.0},{"damage_healed":0.0,"max_hp_gain":0.0,"max_hp_loss":0.0,"gold_gain":0.0,"event_name":"Ghosts","player_choice":"Ignored","floor":19.0,"gold_loss":0.0,"damage_taken":0.0},{"damage_healed":0.0,"max_hp_gain":0.0,"max_hp_loss":0.0,"gold_gain":0.0,"event_name":"Upgrade Shrine","player_choice":"Upgraded","floor":20.0,"gold_loss":0.0,"damage_taken":0.0,"cards_upgraded":["blackbeard:Rum"]},{"damage_healed":0.0,"max_hp_gain":0.0,"max_hp_loss":0.0,"gold_gain":0.0,"event_name":"Vampires","player_choice":"Ignored","floor":21.0,"gold_loss":0.0,"damage_taken":0.0},{"cards_removed":["blackbeard:PiratesWill"],"damage_healed":0.0,"max_hp_gain":0.0,"max_hp_loss":0.0,"gold_gain":0.0,"event_name":"Beggar","player_choice":"Gave Gold","floor":28.0,"gold_loss":75.0,"damage_taken":0.0},{"damage_healed":0.0,"max_hp_gain":0.0,"max_hp_loss":0.0,"gold_gain":0.0,"event_name":"Colosseum","player_choice":"Fight","floor":29.0,"gold_loss":0.0,"damage_taken":0.0},{"damage_healed":0.0,"max_hp_gain":0.0,"max_hp_loss":0.0,"gold_gain":0.0,"event_name":"Colosseum","player_choice":"Fought Nobs","floor":29.0,"gold_loss":0.0,"damage_taken":0.0}],"is_beta":false,"boss_relics":[{"not_picked":["Runic Dome","RedLine:ReiMu"],"picked":"SacredBark"},{"not_picked":[]},{"not_picked":["Runesmith:UraniumAnvil","blackbeard:SoberMinded"],"picked":"SlaversCollar"},{"not_picked":[]}],"items_purged_floors":[17,22,22,34,36,48],"is_endless":false,"potions_floor_spawned":[1,8,10,11,12,27,29,33,35,47,49,50],"ascension_level":6}}