{"host":"h26iowzi6bk5r55d","time":1611379237,"event":{"mods":["100% Spire Juice","ATMod(°¢èªMod)","Aspiration","BaseMod","ChefMod","Colored Powertips","Dota2Spire","Downfall","Energized Spire","Marisa£¨ìFÓê¡¡Ä§ÀíÉ³£©","Minty Spire (QoL Compilation)","Relic Stats","Remilia£¨ÀÙÃ×ÀòÑÇ£©","RumiaBox-Â¶Ã×æ«µÄÉñÃØºÐ×Ó","StSLib","The Administrix","The Servant 0.9.4","The Wild Card","TheVelvet","Youmu£¨»êÆÇÑýÃÎ£©","vexMod","¡¾ÒÅÎï¿¨ÅÆ¡¿REMEMod","²ÐÁôÖ®Îï"],"gold_per_floor":[114,39,39,39,39,39,74,90,160,160,170,345,357,370,370,370,370],"floor_reached":16,"language":"ZHS","playtime":555,"items_purged":["Strike_R"],"score":100,"play_id":"177ec514-1f94-4cd3-81ac-df5dc0dae9e0","local_time":"20210123132037","is_ascension_mode":false,"campfire_choices":[{"floor":6,"key":"REST"},{"data":"AT_FocusSwordFire","floor":10,"key":"SMITH"},{"data":"True Grit","floor":15,"key":"SMITH"}],"circlet_count":0,"master_deck":["Strike_R","Strike_R","Strike_R","Strike_R","Defend_R","Defend_R","Defend_R","Defend_R","Bash","Reaper","AT_FocusSwordFire+1","Intimidate","AT_ManFootWork","Seeing Red","Pommel Strike","Doubt","True Grit+1","Shrug It Off"],"relics":["Burning Blood","REME_ComplimentaryCards","AT_ATBox","REME_HourglassOfDeath","Lizard Tail","vexMod:BerryBomb"],"acts_visited":["Exordium"],"potions_floor_usage":[16,16],"damage_taken":[{"damage":5,"enemies":"Cultist","floor":1,"turns":4},{"damage":42,"enemies":"3 Sentries","floor":7,"turns":7},{"damage":13,"enemies":"Jaw Worm","floor":8,"turns":5},{"damage":0,"enemies":"2 Louse","floor":11,"turns":3},{"damage":9,"enemies":"Red Slaver","floor":13,"turns":3},{"damage":9,"enemies":"2 Fungi Beasts","floor":14,"turns":4},{"damage":63,"enemies":"Hexaghost","floor":16,"turns":12}],"seed_played":"-3548350510446075207","potions_obtained":[{"floor":8,"key":"SteroidPotion"},{"floor":14,"key":"champ:CounterPotion"}],"is_trial":false,"path_per_floor":["M","$","?","?","$","R","E","M","T","R","M","?","M","M","R","B"],"character_chosen":"IRONCLAD","items_purchased":[],"campfire_rested":1,"item_purchase_floors":[],"current_hp_per_floor":[57,57,57,45,45,69,41,40,46,46,52,52,52,52,52,43,43],"gold":370,"neow_bonus":"THREE_RARE_CARDS","is_daily":false,"chose_seed":false,"campfire_upgraded":2,"win_rate":0.0,"timestamp":1611379237,"path_taken":["M","$","?","?","?","R","E","M","T","R","M","?","M","M","R","BOSS"],"items_purchased_type":[],"build_version":"2020-12-22","purchased_purges":1,"victory":false,"max_hp_per_floor":[80,80,80,80,80,80,80,80,86,86,86,86,86,86,86,86,86],"relic_stats":{"Lizard Tail":43,"counters":[7,38],"obtain_stats":[{"Lizard Tail":7,"AT_ATBox":0,"REME_HourglassOfDeath":4,"vexMod:BerryBomb":9,"Burning Blood":0,"REME_ComplimentaryCards":0},{"Lizard Tail":2,"AT_ATBox":0,"REME_HourglassOfDeath":1,"vexMod:BerryBomb":3,"Burning Blood":0,"REME_ComplimentaryCards":0},{"Lizard Tail":11,"AT_ATBox":0,"REME_HourglassOfDeath":4,"vexMod:BerryBomb":16,"Burning Blood":0,"REME_ComplimentaryCards":0}],"Burning Blood":36},"card_choices":[{"not_picked":["Offering","Bludgeon"],"picked":"Reaper","floor":0},{"not_picked":["Wild Strike","Reckless Charge"],"picked":"Intimidate","floor":1},{"not_picked":["Rupture","Perfected Strike"],"picked":"AT_ManFootWork","floor":7},{"not_picked":["Perfected Strike","Sentinel"],"picked":"Seeing Red","floor":8},{"not_picked":["Evolve","Seeing Red"],"picked":"Pommel Strike","floor":11},{"not_picked":["Sword Boomerang","Havoc"],"picked":"True Grit","floor":13},{"not_picked":["Cleave","AT_BodySlamDance"],"picked":"Shrug It Off","floor":14}],"player_experience":446033,"relics_obtained":[{"floor":7,"key":"Lizard Tail"},{"floor":9,"key":"vexMod:BerryBomb"}],"event_choices":[{"damage_healed":0,"gold_gain":0,"player_choice":"Leave","damage_taken":0,"max_hp_gain":0,"max_hp_loss":0,"event_name":"The Cleric","floor":3,"gold_loss":0},{"damage_healed":0,"gold_gain":0,"player_choice":"Success","damage_taken":12,"relics_obtained":["REME_HourglassOfDeath"],"max_hp_gain":0,"max_hp_loss":0,"event_name":"Scrap Ooze","floor":4,"gold_loss":0},{"damage_healed":0,"gold_gain":175,"player_choice":"AGREE","damage_taken":0,"max_hp_gain":0,"max_hp_loss":0,"event_name":"Liars Game","floor":12,"gold_loss":0,"cards_obtained":["Doubt"]}],"is_beta":false,"boss_relics":[],"items_purged_floors":[2],"is_endless":false,"potions_floor_spawned":[8,14],"killed_by":"Hexaghost","ascension_level":0}}