{"host":"oq0u6q7bjztc2jwc","time":1611444352,"event":{"mods":["AchievementEnabler","BaseMod","Colored Map","Downfall","Highlight Path","Minty Spire (QoL Compilation)","Permanent Neow","StSLib","The Marked"],"gold_per_floor":[11,11,24,24,44,80,80,9,9,33,33,53,67,111,111,232,232,255,273,198,113,66,66,90,90,90,90,90,109,128,128,128],"floor_reached":31,"language":"ENG","playtime":3128,"items_purged":[],"score":247,"play_id":"ec5601aa-07d3-4c64-a3bf-5dde501751fa","local_time":"20210123182552","is_ascension_mode":false,"campfire_choices":[{"data":"theMarked:Parry","floor":7,"key":"SMITH"},{"floor":15,"key":"REST"},{"data":"theMarked:ComboAttacks","floor":23,"key":"SMITH"},{"data":"theMarked:SoldierForm","floor":25,"key":"SMITH"}],"circlet_count":0,"master_deck":["theMarked:SoldierOfQuellstein","theMarked:ParalyzingBlade","theMarked:StartUp+1","theMarked:Parry+1","theMarked:ComboAttacks+1","theMarked:SoldierForm+1","theMarked:WardOff","theMarked:SelfDefenseTraining","theMarked:TakeOffHeels","theMarked:WastefulAttack+1","theMarked:WardOff","theMarked:Standoff","theMarked:TakeCover","theMarked:Polarize","theMarked:Frustration","theMarked:BanishingStrike","theMarked:WardOff","downfall:Bewildered","theMarked:BanishingStrike"],"relics":["theMarked:ArtifactOfAir","Golden Idol","Torii","HornCleat","Boot","Pandora\u0027s Box","Matryoshka","Whetstone","Anchor","sneckomod:BabySnecko","Lantern","Bottled Tornado"],"acts_visited":["Exordium","TheCity"],"potions_floor_usage":[6,13,19,29],"damage_taken":[{"damage":0,"enemies":"2 Louse","floor":1,"turns":3},{"damage":3,"enemies":"Jaw Worm","floor":3,"turns":3},{"damage":1,"enemies":"Cultist","floor":5,"turns":4},{"damage":1,"enemies":"Lagavulin","floor":6,"turns":6},{"damage":2,"enemies":"Lots of Slimes","floor":10,"turns":8},{"damage":1,"enemies":"Exordium Thugs","floor":12,"turns":7},{"damage":1,"enemies":"3 Louse","floor":13,"turns":4},{"damage":20,"enemies":"Gremlin Nob","floor":14,"turns":5},{"damage":10,"enemies":"Hexaghost","floor":16,"turns":9},{"damage":21,"enemies":"3 Byrds","floor":18,"turns":9},{"damage":1,"enemies":"Chosen","floor":19,"turns":7},{"damage":10,"enemies":"Snake Plant","floor":24,"turns":6},{"damage":2,"enemies":"Sentry and Sphere","floor":29,"turns":6},{"damage":25,"enemies":"Cultist and Chosen","floor":30,"turns":5},{"damage":13,"enemies":"Gremlin Leader","floor":31,"turns":3}],"seed_played":"-6387873409354356590","potions_obtained":[{"floor":5,"key":"champ:CounterPotion"},{"floor":12,"key":"Guardian:BlockOnCardUsePotion"},{"floor":16,"key":"Weak Potion"},{"floor":19,"key":"Energy Potion"}],"is_trial":false,"path_per_floor":["M","?","M","?","M","E","R","$","T","M","$","M","M","E","R","B",null,"M","M","?","?","$","R","M","R","T","?","T","M","M","E"],"character_chosen":"THE_DEFAULT","items_purchased":["theMarked:ComboAttacks","theMarked:WardOff"],"campfire_rested":1,"item_purchase_floors":[8,22],"current_hp_per_floor":[70,53,50,50,49,48,48,48,48,46,46,45,44,24,45,35,70,49,48,48,48,48,48,38,38,38,38,38,36,11,0,0],"gold":128,"neow_bonus":"REMOVE_TWO","is_daily":false,"chose_seed":false,"campfire_upgraded":3,"win_rate":0.0,"timestamp":1611444352,"path_taken":["M","?","M","?","?","E","R","$","T","M","$","M","M","E","R","BOSS","M","?","?","?","$","R","M","R","T","?","?","M","?","E"],"items_purchased_type":["Card","Card"],"build_version":"2020-12-22","purchased_purges":0,"victory":false,"max_hp_per_floor":[70,70,70,70,70,70,70,70,70,70,70,70,70,70,70,70,70,70,70,70,70,70,70,70,70,70,70,70,70,70,70,70],"card_choices":[{"not_picked":["theMarked:WastefulDefense","theMarked:WastefulAttack"],"picked":"theMarked:ParalyzingBlade","floor":1},{"not_picked":["theMarked:Aftermath","theMarked:Static","theMarked:TakeCover"],"picked":"SKIP","floor":3},{"not_picked":["theMarked:WastefulDefense","theMarked:Opportunist"],"picked":"theMarked:StartUp","floor":5},{"not_picked":["theMarked:TwofoldDefense","theMarked:LightningStrikesTwice"],"picked":"theMarked:Parry","floor":6},{"not_picked":["theMarked:Standoff","theMarked:Indomitable"],"picked":"theMarked:SoldierForm","floor":10},{"not_picked":["theMarked:TunnelVision","theMarked:ChainLightning"],"picked":"theMarked:Improvise","floor":12},{"not_picked":["theMarked:WastefulAttack","theMarked:Generate"],"picked":"theMarked:WardOff","floor":13},{"not_picked":["theMarked:Aftermath","theMarked:Parkour"],"picked":"theMarked:SelfDefenseTraining","floor":14},{"not_picked":["theMarked:Levitate","theMarked:TurnInvisible"],"picked":"theMarked:TakeOffHeels","floor":16},{"not_picked":["theMarked:DeterminationOfTheMarked+1","theMarked:ChainLightning"],"picked":"theMarked:BanishingStrike","floor":18},{"not_picked":["theMarked:Improvise","theMarked:ChainLightning","theMarked:WastefulDefense"],"picked":"SKIP","floor":19},{"not_picked":["theMarked:WastefulAttack","theMarked:GodGivenPower","theMarked:ResourceFulStrike"],"picked":"SKIP","floor":24},{"not_picked":["theMarked:ContemptForTheProud+1","theMarked:Overthink"],"picked":"theMarked:BanishingStrike","floor":29},{"not_picked":["theMarked:WastefulAttack","theMarked:TurnInvisible","theMarked:EnhanceMovement"],"picked":"SKIP","floor":30}],"player_experience":547574,"relics_obtained":[{"floor":6,"key":"Torii"},{"floor":9,"key":"HornCleat"},{"floor":14,"key":"Boot"},{"floor":26,"key":"Whetstone"},{"floor":26,"key":"Anchor"},{"floor":28,"key":"Lantern"},{"floor":28,"key":"Bottled Tornado"}],"event_choices":[{"damage_healed":0,"gold_gain":0,"player_choice":"Take Damage","damage_taken":17,"relics_obtained":["Golden Idol"],"max_hp_gain":0,"max_hp_loss":0,"event_name":"Golden Idol","floor":2,"gold_loss":0},{"cards_removed":["theMarked:Strike"],"damage_healed":0,"gold_gain":0,"player_choice":"Offered Basic","damage_taken":0,"max_hp_gain":0,"max_hp_loss":0,"event_name":"Bonfire Elementals","floor":4,"gold_loss":0},{"cards_removed":["theMarked:Improvise"],"damage_healed":0,"gold_gain":0,"player_choice":"Gave Gold","damage_taken":0,"max_hp_gain":0,"max_hp_loss":0,"event_name":"Beggar","floor":20,"gold_loss":75},{"damage_healed":0,"gold_gain":0,"player_choice":"Obtained Relic","damage_taken":0,"relics_obtained":["Matryoshka"],"max_hp_gain":0,"max_hp_loss":0,"event_name":"Addict","floor":21,"gold_loss":85}],"is_beta":false,"boss_relics":[{"not_picked":["Runic Pyramid","Astrolabe"],"picked":"Pandora\u0027s Box"}],"items_purged_floors":[],"is_endless":false,"potions_floor_spawned":[5,12,16,19],"killed_by":"Gremlin Leader","ascension_level":0}}