{"host":"kh1j1cf337zr4nij","time":1611394939,"event":{"mods":["2.2 Compatiblity","AchievementEnabler","Act Like it!","Aspiration","BaseMod","Beaked The Cultist","Bestiary","CCEM","Colored Map","Colored Powertips","Conspire","Downfall","Energized Spire","Fireblade Mod","Friendly Minions","FruityMod","GifTheSpireLib","Glutton Mod","Halation","Hermit","Highlight Path","Hubris","Jedi Mod","JesterMod","Mad Scientist","Marisa????????","Melee Mod","Minty Spire (QoL Compilation)","Quick Restart","Random Character Button","Relic Stats","Shade Mod","Slumbering Mod","Spikes Relics","StSLib","Stuff the Spire","SuperFastMode","Synergy Search","The Blackbeard","The Clintock","The Construct","The Cursed","The Disciple","The Druid","The Forsaken","The Hierophant","The Judge","The Juggle","The Mystic","The Necromancer","The Runesmith","The Servant 0.9.4","The Spell Scribe","The Valiant","TheFirefly","Trackpad","vexMod"],"gold_per_floor":[99,49,63,73,91,125,125,143,178,190,190,215,215,234,246,343,343,343,356,370,370,381,399,444,469,469,469],"floor_reached":26,"language":"ENG","playtime":2182,"items_purged":[],"score":252,"play_id":"fbde52ec-91b4-454c-943b-b5f9587847d5","local_time":"20210123044219","is_ascension_mode":false,"campfire_choices":[{"data":"MadScienceMod:HideBehindJunk","floor":1,"key":"SMITH"},{"data":"MadScienceMod:Weaponize","floor":11,"key":"SMITH"},{"data":"MadScienceMod:RecyclingStation","floor":13,"key":"SMITH"},{"data":"MadScienceMod:GatherParts","floor":18,"key":"SMITH"}],"circlet_count":0,"master_deck":["MadScienceMod:Strike_MadScience","MadScienceMod:Strike_MadScience","MadScienceMod:Strike_MadScience","MadScienceMod:Strike_MadScience","MadScienceMod:Defend_MadScience","MadScienceMod:Defend_MadScience","MadScienceMod:Defend_MadScience","MadScienceMod:Defend_MadScience","MadScienceMod:PoweredStrike","MadScienceMod:HideBehindJunk+1","MadScienceMod:GatherParts+1","MadScienceMod:RecyclingStation+1","MadScienceMod:Strafe","MadScienceMod:BoxOfScraps","MadScienceMod:OilDrum","MadScienceMod:MindControlBeam","MadScienceMod:Inflate","MadScienceMod:Weaponize+1","Dramatic Entrance+1","MadScienceMod:MakeOrBreak","Flash of Steel+1","MadScienceMod:NowOrNever","hubris:EnhanceAbility+1","MadScienceMod:FlameCannon+1","MadScienceMod:FragmentationGrenade+1","MadScienceMod:BandageBot+1"],"relics":["MadScienceMod:FuelTank","Meat on the Bone","CCEMRelics:GrindingGear","trackpad:Mousetrap","CCEMRelics:FestiveHat","jedi:battlestandard","hubris:Icosahedron","jedi:heavyjacket"],"acts_visited":["Exordium","TheCity"],"potions_floor_usage":[8,8,16,16,23,23,25],"damage_taken":[{"damage":0,"enemies":"downfall:FleeingMerchant","floor":2,"turns":4},{"damage":3,"enemies":"Cultist","floor":3,"turns":5},{"damage":0,"enemies":"conspire:RoseBush","floor":4,"turns":3},{"damage":0,"enemies":"2 Louse","floor":5,"turns":3},{"damage":6,"enemies":"3 Sentries","floor":6,"turns":11},{"damage":12,"enemies":"Exordium Thugs","floor":8,"turns":6},{"damage":4,"enemies":"Lagavulin","floor":9,"turns":11},{"damage":0,"enemies":"Large Slime","floor":10,"turns":7},{"damage":26,"enemies":"Gremlin Nob","floor":12,"turns":5},{"damage":11,"enemies":"Lots of Slimes","floor":14,"turns":4},{"damage":0,"enemies":"3 Louse","floor":15,"turns":1},{"damage":37,"enemies":"SI_SHIV_ARCHETYPE","floor":16,"turns":7},{"damage":0,"enemies":"Spheric Guardian","floor":19,"turns":2},{"damage":0,"enemies":"3 Cultists","floor":20,"turns":5},{"damage":0,"enemies":"Snake Plant","floor":22,"turns":4},{"damage":1,"enemies":"Shelled Parasite and Fungi","floor":23,"turns":6},{"damage":28,"enemies":"Slavers","floor":25,"turns":5},{"damage":65,"enemies":"Cultist and Chosen","floor":26,"turns":7}],"seed_played":"-2985531565560408745","potions_obtained":[{"floor":3,"key":"MadScienceMod:TrinketPotion"},{"floor":4,"key":"Swift Potion"},{"floor":9,"key":"hexamod:SoulburnPotion"},{"floor":15,"key":"ColorlessPotion"},{"floor":16,"key":"SkillPotion"},{"floor":19,"key":"ColorlessPotion"},{"floor":22,"key":"Explosive Potion"},{"floor":23,"key":"Fire Potion"}],"is_trial":false,"path_per_floor":["R","$","M","M","M","E","T","M","E","M","R","E","R","M","M","B",null,"R","M","M","?","M","M","T","E","M"],"character_chosen":"MAD_SCIENTIST","items_purchased":["MadScienceMod:RecyclingStation"],"campfire_rested":0,"item_purchase_floors":[2],"current_hp_per_floor":[82,82,79,79,79,73,73,61,57,57,57,43,43,44,44,26,82,82,82,82,82,82,81,81,53,0,0],"gold":469,"neow_bonus":"TEN_PERCENT_HP_BONUS","is_daily":false,"chose_seed":false,"campfire_upgraded":4,"win_rate":0.0,"timestamp":1611394939,"path_taken":["R","$","?","M","M","E","T","M","E","M","R","E","R","M","M","BOSS","R","M","?","?","?","M","T","E","M"],"items_purchased_type":["Card"],"build_version":"2020-12-22","purchased_purges":0,"victory":false,"max_hp_per_floor":[82,82,82,82,82,82,82,82,82,82,82,82,82,82,82,82,82,82,82,82,82,82,82,82,82,82,82],"relic_stats":{"counters":[18,96],"obtain_stats":[{"MadScienceMod:FuelTank":0,"trackpad:Mousetrap":9,"jedi:heavyjacket":25,"hubris:Icosahedron":21,"CCEMRelics:FestiveHat":12,"CCEMRelics:GrindingGear":7,"jedi:battlestandard":17,"Meat on the Bone":6},{"MadScienceMod:FuelTank":0,"trackpad:Mousetrap":7,"jedi:heavyjacket":17,"hubris:Icosahedron":14,"CCEMRelics:FestiveHat":9,"CCEMRelics:GrindingGear":5,"jedi:battlestandard":12,"Meat on the Bone":5},{"MadScienceMod:FuelTank":0,"trackpad:Mousetrap":43,"jedi:heavyjacket":89,"hubris:Icosahedron":74,"CCEMRelics:FestiveHat":55,"CCEMRelics:GrindingGear":26,"jedi:battlestandard":67,"Meat on the Bone":26}],"Meat on the Bone":36},"card_choices":[{"not_picked":["MadScienceMod:AutoStrike","MadScienceMod:FumeBlast"],"picked":"MadScienceMod:GatherParts","floor":2},{"not_picked":["MadScienceMod:Retarget","MadScienceMod:SoftenUp"],"picked":"MadScienceMod:Strafe","floor":3},{"not_picked":["MadScienceMod:OilDrum","MadScienceMod:AntimatterBomb"],"picked":"MadScienceMod:BoxOfScraps","floor":4},{"not_picked":["MadScienceMod:MechanicalClaw","MadScienceMod:Retarget"],"picked":"MadScienceMod:OilDrum","floor":5},{"not_picked":["MadScienceMod:ShrinkRay","MadScienceMod:LightOnFire"],"picked":"MadScienceMod:MindControlBeam","floor":6},{"not_picked":["MadScienceMod:Strafe","MadScienceMod:Refuel"],"picked":"MadScienceMod:Inflate","floor":8},{"not_picked":["MadScienceMod:GatherParts","MadScienceMod:RecyclingStation","MadScienceMod:ParticleBeam"],"picked":"SKIP","floor":9},{"not_picked":["MadScienceMod:RadioactiveSword","MadScienceMod:Strafe"],"picked":"MadScienceMod:Weaponize","floor":10},{"not_picked":["MadScienceMod:Refuel","MadScienceMod:Refine","MadScienceMod:Retarget"],"picked":"SKIP","floor":12},{"not_picked":["Feint+1","StuffTheSpire:Recharge+1"],"picked":"Dramatic Entrance+1","floor":14},{"not_picked":["MadScienceMod:ParticleBeam","MadScienceMod:GattlingGun"],"picked":"MadScienceMod:MakeOrBreak","floor":14},{"not_picked":["Mind Blast+1","vexMod:EmailVexCard+1"],"picked":"Flash of Steel+1","floor":15},{"not_picked":["MadScienceMod:ShrinkRay","MadScienceMod:EnergyBarrier"],"picked":"MadScienceMod:NowOrNever","floor":15},{"not_picked":["Flash of Steel+1","StuffTheSpire:Recharge+1"],"picked":"hubris:EnhanceAbility+1","floor":16},{"not_picked":["MadScienceMod:CaptureMomentum+1","MadScienceMod:RadioactiveSword"],"picked":"MadScienceMod:FlameCannon+1","floor":19},{"not_picked":["MadScienceMod:SelfDestruct","MadScienceMod:MindControlBeam"],"picked":"MadScienceMod:FragmentationGrenade+1","floor":20},{"not_picked":["MadScienceMod:AutoStrike+1","MadScienceMod:Sprocket"],"picked":"MadScienceMod:BandageBot+1","floor":22},{"not_picked":["MadScienceMod:Inflate","MadScienceMod:FlexibleSpear","MadScienceMod:LightOnFire"],"picked":"SKIP","floor":23},{"not_picked":["MadScienceMod:Retarget+1","MadScienceMod:Liquify","MadScienceMod:MechanicalClaw+1"],"picked":"SKIP","floor":25}],"player_experience":44405,"relics_obtained":[{"floor":6,"key":"Meat on the Bone"},{"floor":7,"key":"CCEMRelics:GrindingGear"},{"floor":9,"key":"trackpad:Mousetrap"},{"floor":12,"key":"CCEMRelics:FestiveHat"},{"floor":25,"key":"jedi:heavyjacket"}],"event_choices":[],"is_beta":false,"boss_relics":[{"not_picked":["halation:LoveArrow","construct:WeddingRing"],"picked":"jedi:battlestandard"}],"items_purged_floors":[],"is_endless":false,"potions_floor_spawned":[3,4,9,15,16,19,22,23],"killed_by":"Cultist and Chosen","ascension_level":0}}