{"host":"vh33hu3wddwn6yt6","time":1611431284,"event":{"mods":["AchievementEnabler","Act Like it!","Aspiration","BaseMod","Better Altar","Better Match","Better Note","Better Sensory Stone","Better Skull","Better Third Choice","BetterRewards","Downfall","Hermit","Hubris","Infinite Spire","Minty Spire (QoL Compilation)","Permanent Neow","Replay The Spire","Shade Mod","Shop Mod","Spicy Shops","StSLib","SuperFastMode","The Blackbeard","The Necromancer","The Runesmith","The Servant 0.9.4","TheBandit","Wandering Minibosses"],"gold_per_floor":[109,109,109,109,124,154,154,229,229,240,272,290,290,290],"floor_reached":13,"language":"DEU","playtime":244,"items_purged":[],"score":98,"play_id":"005ba1e4-cc46-4a33-8440-2fc2a37439c2","local_time":"20210123204804","is_ascension_mode":true,"campfire_choices":[{"floor":7,"key":"REST"}],"circlet_count":0,"master_deck":["Strike_S+1","Strike_S+1","Strike_S","Strike_S","Defend_S","Defend_S","Defend_S","Defend_S","KidneyShot+1","Exchange","DoubleEdge","Unruled"],"relics":["Uniform","aspiration:Nostalgia","hermit:Momento","Replay:Arrowhead","Smiling Mask","Kunai","Garlic"],"acts_visited":["Exordium"],"potions_floor_usage":[11,13],"damage_taken":[{"damage":3,"enemies":"Small Slimes","floor":1,"turns":4},{"damage":0,"enemies":"Cultist","floor":5,"turns":3},{"damage":23,"enemies":"Lagavulin","floor":6,"turns":5},{"damage":8,"enemies":"Jaw Worm","floor":10,"turns":3},{"damage":10,"enemies":"Replay:BlueRogue","floor":11,"turns":4},{"damage":0,"enemies":"Lots of Slimes","floor":12,"turns":4},{"damage":29,"enemies":"Lagavulin","floor":13,"turns":5}],"seed_played":"-6699443168589026473","potions_obtained":[{"floor":10,"key":"LiquidBronze"},{"floor":11,"key":"SpeedPotion"}],"is_trial":false,"path_per_floor":["M","?","T","?","M","E","R","?","T","M","E","M","E"],"character_chosen":"THE_SERVANT","items_purchased":[],"campfire_rested":1,"item_purchase_floors":[],"current_hp_per_floor":[62,49,49,49,49,26,45,45,45,37,27,27,0,0],"gold":290,"neow_bonus":"NOSTALGIA","is_daily":false,"chose_seed":false,"campfire_upgraded":0,"win_rate":0.0,"timestamp":1611431284,"path_taken":["M","?","?","?","M","E","R","?","T","M","E","M","E"],"items_purchased_type":[],"build_version":"2020-12-22","purchased_purges":0,"victory":false,"max_hp_per_floor":[65,65,65,65,65,65,65,65,65,65,65,65,65,65],"card_choices":[{"not_picked":["Deadline","BottledTime","Potential"],"picked":"SKIP","floor":1},{"not_picked":["Starlight","Desolation"],"picked":"DoubleEdge","floor":5},{"not_picked":["Potential","DualDimension","FastForward"],"picked":"SKIP","floor":6},{"not_picked":["Potential","Gouge"],"picked":"Unruled","floor":10},{"not_picked":["Potential","Alleviate","Barrier"],"picked":"SKIP","floor":11},{"not_picked":["Potential","Alleviate","Deadline"],"picked":"SKIP","floor":12}],"player_experience":638581,"relics_obtained":[{"floor":3,"key":"Replay:Arrowhead"},{"floor":6,"key":"Smiling Mask"},{"floor":9,"key":"Kunai"},{"floor":11,"key":"Garlic"}],"event_choices":[{"damage_healed":62,"gold_gain":0,"player_choice":"Upgrade","damage_taken":13,"max_hp_gain":0,"max_hp_loss":65,"event_name":"betterThird:BetterShining","floor":2,"gold_loss":0,"cards_upgraded":["Strike_S","Strike_S"]},{"damage_healed":0,"gold_gain":0,"player_choice":"Grow","damage_taken":0,"max_hp_gain":0,"max_hp_loss":0,"event_name":"Living Wall","floor":4,"gold_loss":0,"cards_upgraded":["KidneyShot"]},{"damage_healed":0,"gold_gain":75,"player_choice":"Gained Gold","damage_taken":0,"max_hp_gain":0,"max_hp_loss":0,"event_name":"Golden Wing","floor":8,"gold_loss":0}],"is_beta":false,"boss_relics":[],"items_purged_floors":[],"is_endless":false,"potions_floor_spawned":[10,11],"killed_by":"Lagavulin","ascension_level":1}}