{"host":"9gwavclf33b2mpxe","time":1611395253,"event":{"mods":["BaseMod","Bestiary","Block Reminder","Colored Map","Colored Powertips","Downfall","Highlight Path","Minty Spire (QoL Compilation)","Permanent Neow","Quick Restart","Relic Stats","StSLib","SuperFastMode"],"gold_per_floor":[99,99,9,184,184,198,198,212,242,262,277,301,101,134,152,257,257,157,157,175,175,185,195,195,215,225,225,240,48,48,33,52,52,52],"floor_reached":33,"language":"ENG","playtime":2926,"items_purged":["Strike_R","downfall:Bewildered"],"score":259,"play_id":"defcadfe-b1b8-40c3-9476-2143f5bbc2e0","local_time":"20210123174733","is_ascension_mode":false,"campfire_choices":[{"floor":1.0,"key":"RECALL"},{"data":"Armaments","floor":13.0,"key":"SMITH"},{"data":"Body Slam","floor":18.0,"key":"SMITH"},{"data":"Barricade","floor":27.0,"key":"SMITH"},{"data":"Entrench","floor":30.0,"key":"SMITH"}],"circlet_count":0,"master_deck":["Strike_R","Defend_R","Defend_R","Defend_R","Defend_R","Bash+1","Armaments+1","Doubt","Armaments","Pommel Strike","Ghostly Armor","Body Slam+1","Warcry","Cleave","Sword Boomerang","Warcry","Juggernaut","Barricade+1","Necronomicurse","Bloodletting","Flame Barrier","Body Slam","True Grit","Entrench+1","Spot Weakness","Rupture","Feel No Pain"],"relics":["Burning Blood","Bottled Flame","Odd Mushroom","downfall:HeartBlessingRed","downfall:HeartBlessingBlue","Guardian:PocketSentry","Empty Cage","downfall:HeartBlessingGreen","Necronomicon","sneckomod:BabySnecko","bronze:BronzeIdol"],"acts_visited":["Exordium","TheCity"],"potions_floor_usage":[33],"damage_taken":[{"damage":5.0,"enemies":"downfall:FleeingMerchant","floor":3.0,"turns":4.0},{"damage":2.0,"enemies":"2 Louse","floor":6.0,"turns":4.0},{"damage":1.0,"enemies":"Cultist","floor":8.0,"turns":6.0},{"damage":43.0,"enemies":"Lagavulin","floor":9.0,"turns":14.0},{"damage":3.0,"enemies":"Small Slimes","floor":10.0,"turns":4.0},{"damage":0.0,"enemies":"Gremlin Gang","floor":11.0,"turns":9.0},{"damage":7.0,"enemies":"The Mushroom Lair","floor":12.0,"turns":5.0},{"damage":11.0,"enemies":"3 Sentries","floor":14.0,"turns":9.0},{"damage":0.0,"enemies":"Blue Slaver","floor":15.0,"turns":4.0},{"damage":35.0,"enemies":"SI_SHIV_ARCHETYPE","floor":16.0,"turns":12.0},{"damage":22.0,"enemies":"3 Byrds","floor":20.0,"turns":7.0},{"damage":6.0,"enemies":"Sentry and Sphere","floor":22.0,"turns":4.0},{"damage":14.0,"enemies":"Snake Plant","floor":23.0,"turns":5.0},{"damage":5.0,"enemies":"Snecko","floor":25.0,"turns":6.0},{"damage":6.0,"enemies":"Chosen and Byrds","floor":26.0,"turns":6.0},{"damage":27.0,"enemies":"Centurion and Healer","floor":28.0,"turns":10.0},{"damage":2.0,"enemies":"downfall:FleeingMerchant","floor":29.0,"turns":4.0},{"damage":6.0,"enemies":"downfall:FleeingMerchant","floor":31.0,"turns":4.0},{"damage":23,"enemies":"Cultist and Chosen","floor":32,"turns":6},{"damage":57,"enemies":"IC_MUSHROOM_ARCHETYPE","floor":33,"turns":7}],"seed_played":"-5044515795141925899","potions_obtained":[{"floor":8.0,"key":"SpeedPotion"},{"floor":9.0,"key":"Fire Potion"},{"floor":11.0,"key":"Dexterity Potion"},{"floor":12.0,"key":"Weak Potion"},{"floor":14.0,"key":"Strength Potion"},{"floor":22.0,"key":"Swift Potion"},{"floor":23.0,"key":"FairyPotion"}],"is_trial":false,"path_per_floor":["R","?","$","?","?","M","T","M","E","M","M","?","R","E","M","B",null,"R","?","M","?","M","M","T","M","M","R","M","$","R","$","M","B"],"character_chosen":"IRONCLAD","items_purchased":["Spot Weakness"],"campfire_rested":0,"item_purchase_floors":[29],"current_hp_per_floor":[80,80,80,80,80,80,80,80,43,46,52,51,61,56,62,33,90,90,74,58,58,58,50,50,51,51,51,30,34,34,34,17,0,0],"gold":52,"neow_bonus":"UPGRADE_CARD","is_daily":false,"chose_seed":false,"campfire_upgraded":4,"win_rate":0.0,"timestamp":1611395253,"path_taken":["R","?","?","?","?","M","T","M","E","M","?","?","R","E","M","BOSS","R","?","M","?","M","M","T","M","?","R","M","?","R","$","M","BOSS"],"items_purchased_type":["Card"],"build_version":"2020-12-22","purchased_purges":2,"victory":false,"max_hp_per_floor":[80,80,80,80,80,80,80,80,80,80,80,80,90,90,90,90,90,90,90,90,90,90,90,90,90,90,90,90,90,90,90,90,90,90],"relic_stats":{"counters":[20,127],"Necronomicon":[7],"obtain_stats":[{"sneckomod:BabySnecko":21,"Bottled Flame":9,"downfall:HeartBlessingRed":13,"downfall:HeartBlessingBlue":13,"downfall:HeartBlessingGreen":18,"Guardian:PocketSentry":14,"Necronomicon":19,"Odd Mushroom":12,"Empty Cage":17,"Burning Blood":0,"bronze:BronzeIdol":24},{"sneckomod:BabySnecko":11,"Bottled Flame":4,"downfall:HeartBlessingRed":7,"downfall:HeartBlessingBlue":7,"downfall:HeartBlessingGreen":10,"Guardian:PocketSentry":8,"Necronomicon":10,"Odd Mushroom":7,"Empty Cage":10,"Burning Blood":0,"bronze:BronzeIdol":13},{"sneckomod:BabySnecko":77,"Bottled Flame":28,"downfall:HeartBlessingRed":46,"downfall:HeartBlessingBlue":46,"downfall:HeartBlessingGreen":70,"Guardian:PocketSentry":55,"Necronomicon":70,"Odd Mushroom":46,"Empty Cage":70,"Burning Blood":0,"bronze:BronzeIdol":86}],"Burning Blood":104},"card_choices":[{"not_picked":["Power Through","Pommel Strike"],"picked":"Armaments","floor":3.0},{"not_picked":["Feel No Pain","Warcry"],"picked":"Pommel Strike","floor":6.0},{"not_picked":["Headbutt","Whirlwind"],"picked":"Ghostly Armor","floor":8.0},{"not_picked":["Flame Barrier","Dropkick"],"picked":"Body Slam","floor":9.0},{"not_picked":["Clothesline","Flex"],"picked":"Warcry","floor":10.0},{"not_picked":["Warcry","Clash"],"picked":"Cleave","floor":11.0},{"not_picked":["Perfected Strike","Twin Strike"],"picked":"Sword Boomerang","floor":12.0},{"not_picked":["True Grit","Burning Pact"],"picked":"Warcry","floor":14.0},{"not_picked":["Headbutt","Armaments"],"picked":"Juggernaut","floor":15.0},{"not_picked":["Reaper","Corruption"],"picked":"Barricade","floor":16.0},{"not_picked":["Clash","Fire Breathing"],"picked":"Bloodletting","floor":20.0},{"not_picked":["Reckless Charge","Clash"],"picked":"Flame Barrier","floor":22.0},{"not_picked":["Heavy Blade","Burning Pact","Flex"],"picked":"SKIP","floor":23.0},{"not_picked":["Fire Breathing+1","Cleave"],"picked":"Body Slam","floor":25.0},{"not_picked":["Clash","Twin Strike"],"picked":"True Grit","floor":26.0},{"not_picked":["Iron Wave","Perfected Strike","True Grit"],"picked":"SKIP","floor":28.0},{"not_picked":["Feed","Armaments+1"],"picked":"Entrench","floor":29.0},{"not_picked":["Sword Boomerang","Dual Wield"],"picked":"Rupture","floor":31.0},{"not_picked":["Rage","Warcry"],"picked":"Feel No Pain","floor":32}],"player_experience":114673,"relics_obtained":[{"floor":9.0,"key":"Bottled Flame"},{"floor":12.0,"key":"Odd Mushroom"},{"floor":14.0,"key":"Guardian:PocketSentry"},{"floor":19.0,"key":"Necronomicon"},{"floor":24.0,"key":"bronze:BronzeIdol"}],"event_choices":[{"damage_healed":0.0,"max_hp_gain":0.0,"max_hp_loss":0.0,"gold_gain":0.0,"event_name":"NoteForYourself","player_choice":"Ignored","floor":2.0,"gold_loss":0.0,"damage_taken":0.0},{"damage_healed":0.0,"max_hp_gain":0.0,"max_hp_loss":0.0,"gold_gain":0.0,"event_name":"Mushrooms","player_choice":"Fought Mushrooms","floor":12.0,"gold_loss":0.0,"damage_taken":0.0}],"is_beta":false,"boss_relics":[{"not_picked":["Runic Dome","expansioncontent:StudyCardRelic"],"picked":"Empty Cage"}],"items_purged_floors":[3,29],"is_endless":false,"potions_floor_spawned":[8,9,11,12,14,22,23,32],"killed_by":"IC_MUSHROOM_ARCHETYPE","ascension_level":0}}