{"host":"uv5ws9rdk87e8i5k","time":1611368385,"event":{"mods":["AchievementEnabler","BaseMod","Colored Map","Minty Spire (QoL Compilation)","StSLib","SuperFastMode"],"gold_per_floor":[118,137,147,159,175,207,207,240,240,240,271,271,287,297,297,393,393,393,393,393,393,88,88,88,88,88,88,88,88,0,0,0,0,0,0,0,0,0,0,0,0,0,0,0,0,0,0,0,0,0],"floor_reached":51,"language":"ENG","playtime":1397,"items_purged":["Decay"],"score":1184,"play_id":"5c12563d-8b0f-4e1c-afe9-ceef2c4199fd","local_time":"20210122201945","is_ascension_mode":true,"campfire_choices":[{"data":"Venomology","floor":7.0,"key":"SMITH"},{"data":"Blade Dance","floor":15.0,"key":"SMITH"},{"data":"Adrenaline","floor":24.0,"key":"SMITH"},{"data":"1","floor":27.0,"key":"LIFT"},{"data":"2","floor":29.0,"key":"LIFT"},{"data":"3","floor":32,"key":"LIFT"},{"data":"Night Terror","floor":40,"key":"SMITH"},{"data":"Accuracy","floor":42,"key":"SMITH"},{"data":"Accuracy","floor":46,"key":"SMITH"},{"floor":49,"key":"REST"}],"circlet_count":0,"master_deck":["Strike_G","Strike_G","Strike_G","Strike_G","Strike_G","Defend_G","Defend_G","Defend_G","Defend_G","Defend_G","Survivor","Neutralize","Swift Strike","Cloak And Dagger","Accuracy+1","Choke","Blade Dance+1","Finisher","Venomology+1","Prepared","Escape Plan","Adrenaline+1","Acrobatics+1","Backflip","Backstab","Accuracy+1","Escape Plan","PiercingWail","Choke","Prepared","Backstab","Prepared","Night Terror+1","Acrobatics+1","Blade Dance+1","Blade Dance","Cloak And Dagger+1","Normality","Cloak And Dagger+1","Footwork+1","Backstab+1","Parasite"],"relics":["Ring of the Snake","Happy Flower","Bag of Marbles","Kunai","MealTicket","Ectoplasm","Pocketwatch","Girya","Potion Belt","Strawberry","Cursed Key","PreservedInsect","The Courier","Mango"],"acts_visited":["Exordium","TheCity","TheBeyond"],"potions_floor_usage":[31,33,39,45,48,50,50,50,50,50],"damage_taken":[{"damage":0.0,"enemies":"2 Louse","floor":1.0,"turns":3.0},{"damage":0.0,"enemies":"Jaw Worm","floor":2.0,"turns":4.0},{"damage":0.0,"enemies":"Cultist","floor":3.0,"turns":4.0},{"damage":17.0,"enemies":"Exordium Thugs","floor":4.0,"turns":5.0},{"damage":0.0,"enemies":"3 Louse","floor":5.0,"turns":2.0},{"damage":0.0,"enemies":"3 Sentries","floor":6.0,"turns":5.0},{"damage":12.0,"enemies":"Lagavulin","floor":8.0,"turns":5.0},{"damage":2.0,"enemies":"3 Sentries","floor":11.0,"turns":5.0},{"damage":0.0,"enemies":"Looter","floor":13.0,"turns":1.0},{"damage":1.0,"enemies":"Blue Slaver","floor":14.0,"turns":3.0},{"damage":16.0,"enemies":"Hexaghost","floor":16.0,"turns":6.0},{"damage":0.0,"enemies":"Spheric Guardian","floor":18.0,"turns":3.0},{"damage":0.0,"enemies":"3 Byrds","floor":21.0,"turns":3.0},{"damage":7.0,"enemies":"Book of Stabbing","floor":23.0,"turns":5.0},{"damage":0.0,"enemies":"Gremlin Leader","floor":25.0,"turns":3.0},{"damage":0.0,"enemies":"Shelled Parasite and Fungi","floor":28.0,"turns":1.0},{"damage":0,"enemies":"Book of Stabbing","floor":31,"turns":1},{"damage":5,"enemies":"Champ","floor":33,"turns":7},{"damage":0,"enemies":"3 Darklings","floor":35,"turns":2},{"damage":30,"enemies":"3 Shapes","floor":37,"turns":1},{"damage":1,"enemies":"Transient","floor":38,"turns":5},{"damage":0,"enemies":"Writhing Mass","floor":39,"turns":1},{"damage":0,"enemies":"Giant Head","floor":41,"turns":1},{"damage":0,"enemies":"4 Shapes","floor":44,"turns":1},{"damage":0,"enemies":"2 Orb Walkers","floor":45,"turns":2},{"damage":3,"enemies":"Transient","floor":47,"turns":5},{"damage":11,"enemies":"Writhing Mass","floor":48,"turns":3},{"damage":28,"enemies":"Donu and Deca","floor":50,"turns":5}],"seed_played":"-3865169768906273856","potions_obtained":[{"floor":1.0,"key":"Poison Potion"},{"floor":4.0,"key":"BlessingOfTheForge"},{"floor":6.0,"key":"Fire Potion"},{"floor":8.0,"key":"PowerPotion"},{"floor":16.0,"key":"Fire Potion"},{"floor":31,"key":"LiquidBronze"},{"floor":33,"key":"Swift Potion"},{"floor":35,"key":"PowerPotion"},{"floor":37,"key":"GamblersBrew"}],"is_trial":false,"path_per_floor":["M","M","M","M","M","E","R","E","T","?","E","?","M","M","R","B",null,"M","?","?","M","$","E","R","E","T","R","M","R","$","E","R","B",null,"M","?","M","M","M","R","E","R","T","M","?","R","M","M","R","B",null],"character_chosen":"THE_SILENT","items_purchased":["Backstab","Accuracy","Escape Plan","PiercingWail","Backstab","SteroidPotion"],"campfire_rested":1,"item_purchase_floors":[22,22,22,22,30,30],"current_hp_per_floor":[63,63,63,46,46,46,46,34,34,57,55,55,55,54,54,38,62,62,62,62,62,70,63,63,63,63,63,63,63,70,77,77,72,76,76,73,43,42,42,42,42,42,42,42,56,56,53,42,68,40],"gold":0,"neow_bonus":"RANDOM_COLORLESS","is_daily":false,"chose_seed":false,"campfire_upgraded":6,"win_rate":0.0,"timestamp":1611368385,"path_taken":["M","M","M","M","M","E","R","E","T","?","E","?","?","M","R","BOSS","M","?","?","?","$","E","R","E","T","R","M","R","?","E","R","BOSS","M","?","M","M","M","R","E","R","T","M","?","R","M","M","R","BOSS"],"items_purchased_type":["Card","Card","Card","Card","Card","Potion"],"build_version":"2020-12-22","purchased_purges":1,"victory":true,"max_hp_per_floor":[70,70,70,70,70,70,70,70,70,70,70,70,70,70,70,70,70,70,70,70,70,70,70,70,70,70,70,70,70,70,77,77,77,77,77,73,73,73,73,73,73,73,73,73,87,87,87,87,87,87],"card_choices":[{"not_picked":["Trip","Dark Shackles"],"picked":"Swift Strike","floor":0.0},{"not_picked":["Underhanded Strike","Masterful Stab"],"picked":"Cloak And Dagger","floor":1.0},{"not_picked":["Sucker Punch","Deflect"],"picked":"Accuracy","floor":2.0},{"not_picked":["Expertise","Tactician"],"picked":"Choke","floor":3.0},{"not_picked":["Poisoned Stab","All Out Attack"],"picked":"Blade Dance","floor":4.0},{"not_picked":["Underhanded Strike","Poisoned Stab"],"picked":"Finisher","floor":5.0},{"not_picked":["Dash","PiercingWail"],"picked":"Venomology","floor":6.0},{"not_picked":["Bouncing Flask","Slice","Poisoned Stab"],"picked":"SKIP","floor":8.0},{"not_picked":["Endless Agony","Sucker Punch","Deflect"],"picked":"SKIP","floor":11.0},{"not_picked":["Dagger Throw","Catalyst"],"picked":"Prepared","floor":13.0},{"not_picked":["PiercingWail","Quick Slash"],"picked":"Escape Plan","floor":14.0},{"not_picked":["Glass Knife","Wraith Form v2"],"picked":"Adrenaline","floor":16.0},{"not_picked":["Dagger Throw","Heel Hook"],"picked":"Acrobatics+1","floor":18.0},{"not_picked":["Outmaneuver","Dagger Throw+1"],"picked":"Backflip","floor":21.0},{"not_picked":["Flechettes","Die Die Die"],"picked":"Choke","floor":23.0},{"not_picked":["Expertise+1","Skewer+1"],"picked":"Prepared","floor":25.0},{"not_picked":["Backflip","Outmaneuver","Tactician"],"picked":"SKIP","floor":28.0},{"not_picked":["Skewer","Flying Knee+1"],"picked":"Prepared","floor":31},{"not_picked":["Unload","Doppelganger"],"picked":"Night Terror","floor":33},{"not_picked":["Tactician","Deflect+1"],"picked":"Acrobatics+1","floor":35},{"not_picked":["Flying Knee+1","Riddle With Holes+1"],"picked":"Blade Dance+1","floor":37},{"not_picked":["Slice","Reflex+1"],"picked":"Blade Dance","floor":38},{"not_picked":["PiercingWail+1","Acrobatics+1","Heel Hook+1"],"picked":"SKIP","floor":39},{"not_picked":["Catalyst","Bane+1"],"picked":"Cloak And Dagger+1","floor":41},{"not_picked":["Finisher+1","Bane+1"],"picked":"Cloak And Dagger+1","floor":44},{"not_picked":["Sucker Punch+1","Acrobatics"],"picked":"Footwork+1","floor":45},{"not_picked":["Grand Finale","Reflex"],"picked":"Backstab+1","floor":47},{"not_picked":["Sucker Punch+1","Crippling Poison+1","Tactician+1"],"picked":"SKIP","floor":48}],"player_experience":167515,"relics_obtained":[{"floor":6.0,"key":"Happy Flower"},{"floor":8.0,"key":"Bag of Marbles"},{"floor":9.0,"key":"Kunai"},{"floor":11.0,"key":"MealTicket"},{"floor":23.0,"key":"Pocketwatch"},{"floor":25.0,"key":"Girya"},{"floor":26.0,"key":"Potion Belt"},{"floor":31,"key":"Strawberry"},{"floor":41,"key":"PreservedInsect"},{"floor":43,"key":"The Courier"},{"floor":45,"key":"Mango"}],"event_choices":[{"damage_healed":23.0,"max_hp_gain":0.0,"max_hp_loss":0.0,"gold_gain":0.0,"event_name":"Big Fish","player_choice":"Banana","floor":10.0,"gold_loss":0.0,"damage_taken":0.0},{"damage_healed":0.0,"max_hp_gain":0.0,"max_hp_loss":0.0,"gold_gain":0.0,"event_name":"Golden Idol","player_choice":"Ignored","floor":12.0,"gold_loss":0.0,"damage_taken":0.0},{"damage_healed":0.0,"max_hp_gain":0.0,"max_hp_loss":0.0,"gold_gain":0.0,"event_name":"Vampires","player_choice":"Ignored","floor":19.0,"gold_loss":0.0,"damage_taken":0.0},{"damage_healed":0.0,"max_hp_gain":0.0,"max_hp_loss":0.0,"gold_gain":0.0,"event_name":"Wheel of Change","player_choice":"Cursed","floor":20.0,"gold_loss":0.0,"damage_taken":0.0,"cards_obtained":["Decay"]},{"damage_healed":0,"gold_gain":0,"player_choice":"Max HP","damage_taken":0,"max_hp_gain":0,"max_hp_loss":4,"event_name":"Winding Halls","floor":36,"gold_loss":0},{"damage_healed":0,"gold_gain":0,"player_choice":"Fight","damage_taken":0,"max_hp_gain":0,"max_hp_loss":0,"event_name":"Mysterious Sphere","floor":45,"gold_loss":0}],"is_beta":false,"boss_relics":[{"not_picked":["Astrolabe","Runic Pyramid"],"picked":"Ectoplasm"},{"not_picked":["HoveringKite","Empty Cage"],"picked":"Cursed Key"}],"items_purged_floors":[22],"is_endless":false,"potions_floor_spawned":[1,4,6,8,13,16,21,31,33,35,37,38,47,48],"ascension_level":6}}