{"host":"gafwejejal4v72m6","time":1611383249,"event":{"mods":["Aspiration","BaseMod","BetterRewards","Clockwork Mod","Conspire","Hermit","Hubris","Minty Spire (QoL Compilation)","Rare Cards Sparkle","Shop Mod","StSLib","The Necromancer"],"gold_per_floor":[115,92,92,111,111,61,61,84,108,108,122,157,177,192,192,313,313,338,338,338,357,377,377,377,377,377],"floor_reached":25,"language":"RUS","playtime":1247,"items_purged":[],"score":228,"play_id":"5472b63e-740a-43ba-bca8-4cabdac240c1","local_time":"20210123132729","is_ascension_mode":false,"campfire_choices":[{"data":"Armaments","floor":10.0,"key":"SMITH"},{"floor":15.0,"key":"REST"},{"data":"Feed","floor":23.0,"key":"SMITH"}],"circlet_count":0,"master_deck":["Defend_R","Defend_R","Defend_R","Bash","Flex","Pommel Strike","Armaments+1","Dark Embrace","Inflame","Disarm","Barricade","Whirlwind","Reaper","Clothesline+1","Cleave+1","Blood for Blood+1","Shrug It Off","Bite","Bite","Bite","Bite","Bite","Feed+1","Anger+1"],"relics":["Burning Blood","Gambling Chip","Golden Idol","Regal Pillow","Anchor","Astrolabe","Bottled Lightning","MealTicket"],"acts_visited":[],"potions_floor_usage":[25,25],"damage_taken":[{"damage":1.0,"enemies":"Cultist","floor":1.0,"turns":3.0},{"damage":6.0,"enemies":"Jaw Worm","floor":4.0,"turns":4.0},{"damage":2.0,"enemies":"Small Slimes","floor":8.0,"turns":3.0},{"damage":10.0,"enemies":"3 Louse","floor":11.0,"turns":5.0},{"damage":29.0,"enemies":"Gremlin Nob","floor":12.0,"turns":5.0},{"damage":3.0,"enemies":"Looter","floor":13.0,"turns":3.0},{"damage":0.0,"enemies":"Blue Slaver","floor":14.0,"turns":4.0},{"damage":65.0,"enemies":"Hexaghost","floor":16.0,"turns":16.0},{"damage":38.0,"enemies":"Shell Parasite","floor":18.0,"turns":8.0},{"damage":8.0,"enemies":"Chosen","floor":21.0,"turns":6.0},{"damage":27.0,"enemies":"Snake Plant","floor":22.0,"turns":6.0},{"damage":50,"enemies":"Gremlin Leader","floor":25,"turns":5}],"seed_played":"-7125839334790705708","potions_obtained":[{"floor":13.0,"key":"LiquidMemories"},{"floor":16.0,"key":"SpeedPotion"},{"floor":21.0,"key":"EssenceOfSteel"}],"is_trial":false,"path_per_floor":["M","$","?","M","?","?","$","M","T","R","M","E","M","M","R","B",null,"M","?","T","M","M","R","T","E"],"character_chosen":"IRONCLAD","items_purchased":["Pommel Strike"],"campfire_rested":1,"item_purchase_floors":[2],"current_hp_per_floor":[72,72,72,72,54,54,54,58,58,58,54,31,34,40,72,13,72,40,40,40,50,40,40,40,0,0],"gold":377,"neow_bonus":"ONE_RARE_RELIC","is_daily":false,"chose_seed":false,"campfire_upgraded":2,"win_rate":0.0,"timestamp":1611383249,"path_taken":["M","?","?","M","?","?","?","M","T","R","?","E","M","M","R","BOSS","M","?","?","M","M","R","?","E"],"items_purchased_type":["Card"],"build_version":"2020-12-22","purchased_purges":0,"victory":false,"max_hp_per_floor":[72,72,72,72,72,72,72,72,72,72,72,72,72,72,72,72,72,72,50,50,50,50,50,50,50,50],"card_choices":[{"not_picked":["Headbutt","Combust"],"picked":"Flex","floor":1.0},{"not_picked":["Twin Strike","True Grit"],"picked":"Armaments","floor":4.0},{"not_picked":["Body Slam","Twin Strike"],"picked":"Dark Embrace","floor":8.0},{"not_picked":["Bloodletting","Carnage"],"picked":"Inflame","floor":11.0},{"not_picked":["Power Through","Shrug It Off"],"picked":"Disarm","floor":12.0},{"not_picked":["Headbutt","Clash"],"picked":"Barricade","floor":13.0},{"not_picked":["Body Slam","Flex"],"picked":"Whirlwind","floor":14.0},{"not_picked":["Barricade","Fiend Fire"],"picked":"Reaper","floor":16.0},{"not_picked":["Headbutt","Warcry"],"picked":"Shrug It Off","floor":18.0},{"not_picked":["Warcry","Perfected Strike"],"picked":"Feed","floor":21.0},{"not_picked":["Fire Breathing","Thunderclap"],"picked":"Anger+1","floor":22.0}],"player_experience":84382,"relics_obtained":[{"floor":9.0,"key":"Regal Pillow"},{"floor":12.0,"key":"Anchor"},{"floor":20.0,"key":"Bottled Lightning"},{"floor":24.0,"key":"MealTicket"}],"event_choices":[{"damage_healed":0.0,"max_hp_gain":0.0,"max_hp_loss":0.0,"gold_gain":0.0,"event_name":"Liars Game","player_choice":"Ignored","floor":3.0,"gold_loss":0.0,"damage_taken":0.0},{"damage_healed":0.0,"max_hp_gain":0.0,"max_hp_loss":0.0,"gold_gain":0.0,"event_name":"Golden Idol","player_choice":"Take Damage","floor":5.0,"gold_loss":0.0,"damage_taken":18.0,"relics_obtained":["Golden Idol"]},{"cards_removed":["Strike_R"],"damage_healed":0.0,"max_hp_gain":0.0,"max_hp_loss":0.0,"gold_gain":0.0,"event_name":"The Cleric","player_choice":"Card Removal","floor":6.0,"gold_loss":50.0,"damage_taken":0.0},{"damage_healed":0.0,"max_hp_gain":0.0,"max_hp_loss":22.0,"gold_gain":0.0,"event_name":"Vampires","player_choice":"Became a vampire","floor":19.0,"gold_loss":0.0,"damage_taken":0.0,"cards_obtained":["Bite","Bite","Bite","Bite","Bite"]}],"is_beta":false,"boss_relics":[{"not_picked":["Fusion Hammer","Runic Dome"],"picked":"Astrolabe"}],"items_purged_floors":[],"is_endless":false,"potions_floor_spawned":[13,16,21],"killed_by":"Gremlin Leader","ascension_level":0}}