{"host":"yuhibl5o0ay6idau","time":1611365230,"event":{"mods":["Act Like it!","Aspiration","BaseMod","Better Altar","Better Match","Better Note","Better Sensory Stone","Better Skull","Better Third Choice","CCEM","Colored Map","Colored Powertips","Conspire","DeckTracker","GifTheSpireLib","Highlight Path","Jedi Mod","Minty Spire (QoL Compilation)","Permanent Neow","Quick Restart","Random Character Button","Replay The Spire","StSLib","Stuff the Spire","SuperFastMode","vexMod"],"gold_per_floor":[118,131,148,161,161,194,194,205,232,157,188,91,91,124,124,227,227,242,258,268,121,132,157,157,157,157,5,59,89,128,49,67,86,86,185,185,203,216,226,243,118,130,148,148,148,162,162,12,79,90,90,90],"floor_reached":53,"language":"ENG","playtime":8145,"items_purged":["Bash","Strike_R","Strike_R","Strike_R"],"score":1026,"play_id":"670958b4-b380-44ae-8656-bf2f4cad4a51","local_time":"20210122172710","is_ascension_mode":true,"campfire_choices":[{"data":"True Grit","floor":7,"key":"SMITH"},{"data":"conspire:Banana","floor":13,"key":"SMITH"},{"data":"Metallicize","floor":15,"key":"SMITH"},{"data":"Juggernaut","floor":24,"key":"SMITH"},{"data":"Iron Wave","floor":34,"key":"SMITH"},{"data":"Pot Of Greed","floor":47,"key":"SMITH"},{"floor":51,"key":"REST"}],"circlet_count":0,"master_deck":["Strike_R","Strike_R","Defend_R","Defend_R","Defend_R","Defend_R","Iron Wave+1","conspire:ExplosiveBarrier","True Grit+1","StuffTheSpire:Slingshot","Pot Of Greed+1","Pot Of Greed+1","Metallicize+1","conspire:Banana+1","Juggernaut+1","Shrug It Off","StuffTheSpire:RockThrow","Shrug It Off","ReplayTheSpireMod:Stacked","Specialist","Replay:Undeath\u0027s Touch+1","Body Slam+1","Iron Wave","Pot Of Greed+1","Power Through+1","Second Wind+1"],"relics":["Burning Blood","aspiration:Nostalgia","Replay:M_SmolderingBlood","Charon\u0027s Ashes","Replay:Rubber Ducky","Grinning Jar","Replay:Accelerometer","vexMod:TanglingVine","War Paint","vexMod:BarristanHead","Omamori","MawBank","MealTicket","Ring of Chaos","ReplayTheSpireMod:Ninjato"],"acts_visited":["Exordium","TheCity","TheBeyond"],"potions_floor_usage":[6,11,16,20,22,35,42,52,52],"damage_taken":[{"damage":18,"enemies":"Small Slimes","floor":1,"turns":5},{"damage":1,"enemies":"Cultist","floor":2,"turns":4},{"damage":3,"enemies":"Jaw Worm","floor":3,"turns":4},{"damage":9,"enemies":"Exordium Wildlife","floor":4,"turns":7},{"damage":19,"enemies":"3 Sentries","floor":6,"turns":14},{"damage":0,"enemies":"Gremlin Gang","floor":8,"turns":6},{"damage":23,"enemies":"Gremlin Nob","floor":11,"turns":4},{"damage":0,"enemies":"Replay:BlueRogue","floor":14,"turns":9},{"damage":22,"enemies":"The Guardian","floor":16,"turns":13},{"damage":0,"enemies":"conspire:FuzzyDice","floor":18,"turns":6},{"damage":0,"enemies":"Chosen","floor":19,"turns":4},{"damage":36,"enemies":"Snake Plant","floor":20,"turns":7},{"damage":15,"enemies":"Shelled Parasite and Fungi","floor":22,"turns":6},{"damage":0,"enemies":"conspire:Head Lice","floor":23,"turns":9},{"damage":31,"enemies":"Gremlin Leader","floor":29,"turns":7},{"damage":2,"enemies":"conspire:HollyBat","floor":32,"turns":5},{"damage":0,"enemies":"3 Cultists","floor":33,"turns":4},{"damage":1,"enemies":"Champ","floor":35,"turns":9},{"damage":0,"enemies":"Orb Walker","floor":37,"turns":3},{"damage":35,"enemies":"3 Darklings","floor":38,"turns":6},{"damage":1,"enemies":"4 Shapes","floor":39,"turns":4},{"damage":10,"enemies":"Sphere and 2 Shapes","floor":40,"turns":5},{"damage":38,"enemies":"Writhing Mass","floor":42,"turns":9},{"damage":0,"enemies":"Maw","floor":43,"turns":7},{"damage":0,"enemies":"Transient","floor":46,"turns":5},{"damage":6,"enemies":"Jaw Worm Horde","floor":50,"turns":5},{"damage":37,"enemies":"Donu and Deca","floor":52,"turns":8}],"seed_played":"6914448559688720095","potions_obtained":[{"floor":1,"key":"Swift Potion"},{"floor":2,"key":"AttackPotion"},{"floor":4,"key":"SkillPotion"},{"floor":8,"key":"Energy Potion"},{"floor":14,"key":"FairyPotion"},{"floor":18,"key":"Elixir"},{"floor":19,"key":"Regen Potion"},{"floor":22,"key":"BloodPotion"},{"floor":32,"key":"PowerPotion"},{"floor":37,"key":"jedi:wingpotion"},{"floor":42,"key":"BlessingOfTheForge"},{"floor":43,"key":"Energy Potion"},{"floor":49,"key":"LiquidBronze"},{"floor":49,"key":"Swift Potion"}],"is_trial":false,"path_per_floor":["M","M","M","M","?","E","R","M","T","$","E","$","R","E","R","B",null,"M","M","M","$","M","E","R","PTL","PTL","$","T","E","T","$","M","M","R","B",null,"M","M","M","M","$","M","M","?","T","M","R","$","?","M","R_BF","B",null],"character_chosen":"IRONCLAD","items_purchased":["conspire:Banana","StuffTheSpire:RockThrow","vexMod:BarristanHead","Specialist"],"campfire_rested":1,"item_purchase_floors":[12,21,27,31],"current_hp_per_floor":[60,65,68,65,57,44,44,50,50,50,33,33,33,41,41,27,70,78,86,58,58,65,73,73,73,73,73,73,50,50,65,71,79,79,86,98,104,77,82,80,95,86,94,94,94,102,102,114,86,88,116,87],"gold":90,"neow_bonus":"NOSTALGIA","is_daily":false,"chose_seed":false,"campfire_upgraded":6,"win_rate":0.0,"timestamp":1611365230,"path_taken":["M","M","M","M","?","E","R","M","T","$","E","$","R","E","R","BOSS","M","M","?","$","M","E","R","PTL","PTL","?","T","E","?","$","?","M","R","BOSS","M","M","M","?","$","M","M","?","T","M","R","$","?","M","R_BF","BOSS"],"items_purchased_type":["Card","Card","Relic","Card"],"build_version":"2020-12-22","purchased_purges":4,"victory":true,"max_hp_per_floor":[80,80,80,80,80,80,80,80,80,80,80,80,80,82,82,84,84,86,88,90,90,92,94,94,94,94,94,94,96,96,96,98,100,100,102,102,104,106,106,108,108,110,112,112,112,114,114,114,114,116,116,118],"card_choices":[{"not_picked":["Sever Soul","ReachHeaven","Heavy Blade"],"picked":"SKIP","floor":1},{"not_picked":["Pommel Strike","Bloodletting"],"picked":"Iron Wave","floor":2},{"not_picked":["Life Link","Halt"],"picked":"conspire:ExplosiveBarrier","floor":3},{"not_picked":["Havoc","Warcry"],"picked":"True Grit","floor":4},{"not_picked":["ReplayTheSpireMod:Strike From Hell","StuffTheSpire:Resist"],"picked":"StuffTheSpire:Slingshot","floor":6},{"not_picked":["EmptyFist","StuffTheSpire:Pyroclast","jedi:suffering"],"picked":"SKIP","floor":8},{"not_picked":["ReplayTheSpireMod:Corrosion Curse","Crescendo"],"picked":"Metallicize","floor":11},{"not_picked":["Run Through","Replay:Undeath\u0027s Touch","Abandon"],"picked":"SKIP","floor":14},{"not_picked":["conspire:Purge","conspire:HitWhereItHurts"],"picked":"Juggernaut","floor":16},{"not_picked":["Whirlwind","Clash","Anger"],"picked":"SKIP","floor":18},{"not_picked":["Twin Strike","Headbutt+1","jedi:fear"],"picked":"SKIP","floor":19},{"not_picked":["Bloodletting","True Grit"],"picked":"Shrug It Off","floor":20},{"not_picked":["Cleave","Perfected Strike+1","Thunderclap+1"],"picked":"SKIP","floor":22},{"not_picked":["Run Through","Havoc"],"picked":"Shrug It Off","floor":23},{"not_picked":["Bloodletting","Combust"],"picked":"ReplayTheSpireMod:Stacked","floor":29},{"not_picked":["jedi:fear+1","Armaments","Replay:Undeath\u0027s Touch"],"picked":"SKIP","floor":32},{"not_picked":["Twin Strike+1","Bludgeon","Replay:Undeath\u0027s Touch"],"picked":"SKIP","floor":33},{"not_picked":["Heavy Blade","True Grit"],"picked":"Replay:Undeath\u0027s Touch+1","floor":37},{"not_picked":["Flex","StuffTheSpire:Slingshot"],"picked":"Body Slam+1","floor":38},{"not_picked":["Iron Wave","Seeing Red+1","Thunderclap"],"picked":"SKIP","floor":39},{"not_picked":["Headbutt","Clothesline+1"],"picked":"Iron Wave","floor":40},{"not_picked":["Whirlwind+1","StuffTheSpire:Incineration+1"],"picked":"Power Through+1","floor":42},{"not_picked":["ReplayTheSpireMod:Muscle Training","StuffTheSpire:RockThrow+1","Corruption"],"picked":"SKIP","floor":43},{"not_picked":["Seeing Red+1","StuffTheSpire:RagingBull"],"picked":"Second Wind+1","floor":46},{"not_picked":["Clothesline","Clash+1","Havoc+1"],"picked":"SKIP","floor":50}],"player_experience":456230,"relics_obtained":[{"floor":6,"key":"Charon\u0027s Ashes"},{"floor":9,"key":"Replay:Rubber Ducky"},{"floor":11,"key":"Grinning Jar"},{"floor":14,"key":"Replay:Accelerometer"},{"floor":23,"key":"War Paint"},{"floor":28,"key":"Omamori"},{"floor":29,"key":"MawBank"},{"floor":30,"key":"MealTicket"},{"floor":45,"key":"ReplayTheSpireMod:Ninjato"}],"event_choices":[{"damage_healed":0,"gold_gain":0,"player_choice":"Damaged","damage_taken":8,"max_hp_gain":0,"max_hp_loss":0,"event_name":"Wheel of Change","floor":5,"gold_loss":0},{"damage_healed":0,"gold_gain":0,"player_choice":"Leave","damage_taken":0,"max_hp_gain":0,"max_hp_loss":0,"event_name":"conspire:Investor","floor":44,"gold_loss":0}],"is_beta":false,"boss_relics":[{"not_picked":["SacredBark","aspiration:FutureDiary"],"picked":"vexMod:TanglingVine"},{"not_picked":["aspiration:WatcherSkillbook","Calling Bell"],"picked":"Ring of Chaos"}],"items_purged_floors":[10,21,41,48],"is_endless":false,"potions_floor_spawned":[1,2,4,8,14,18,19,22,32,37,38,42,43],"ascension_level":7}}