{"host":"gbop6m4qugddaz18","time":1611383757,"event":{"mods":["2.2 Compatiblity","BaseMod","Better Third Choice","Block Reminder","Downfall","GifTheSpireLib","Highlight Path","Minty Spire (QoL Compilation)","Replay The Spire","StSLib"],"gold_per_floor":[119,131,131,131,2,27,44,74,74,74,92,126,145,159,159,262,262,279,279,206,121,134,163,175,185,238,264,264,264,21,21,58,86,86,182,182,200,215,86,96,148,180,3,30,55,73,101,101,130,149,149,149],"floor_reached":53,"language":"ENG","playtime":4443,"items_purged":["Regret"],"score":1050,"play_id":"aca198d8-fea1-4be7-a068-db4335cfaac7","local_time":"20210123013557","is_ascension_mode":true,"campfire_choices":[{"data":"Accuracy","floor":10,"key":"SMITH"},{"data":"Pain","floor":15,"key":"PURGE"},{"floor":31,"key":"REST"},{"data":"After Image","floor":34,"key":"SMITH"},{"floor":51,"key":"REST"}],"circlet_count":0,"master_deck":["Strike_G","Strike_G","Strike_G","Strike_G","Defend_G","Defend_G","Defend_G","Defend_G","Defend_G","Survivor","Neutralize+1","Cloak And Dagger","Deadly Poison","Accuracy+1","Hidden Blade","Deflect","Flying Knee","Hidden Blade","Backstab","Hidden Blade","Bouncing Flask","Deflect","After Image+1","Blade Dance","Fluid Movement","Blade Dance","Cloak And Dagger","Outmaneuver","Slice+1","Slice+1","Deflect","Heel Hook","Accuracy","Slice","Dodge and Roll","Blade Dance","Burst","Blade Dance+1","ReplayTheSpireMod:Shiv Toss+1","Accuracy","Blade Dance","Sucker Punch","Eviscerate","Blade Dance","Noxious Fumes","Backstab","Endless Agony","Fluid Movement","Accuracy+1","Hidden Blade","ReplayTheSpireMod:Scrap Shanks+1","Dagger Throw+1","Escape Plan"],"relics":["Ring of the Snake","NeowsBlessing","Bronze Scales","WarpedTongs","HornCleat","hexamod:BolsterEngine","Ninja Scroll","Shuriken","Meat on the Bone","Vajra","Juzu Bracelet","Strawberry","Whetstone","ReplayTheSpireMod:CursedCoin","Regal Pillow","SlaversCollar","Pondfish Scales","Paper Crane","ReplayTheSpireMod:Ninjato","Guardian:PocketSentry","Counterbalance"],"acts_visited":["Exordium","TheCity","TheBeyond"],"potions_floor_usage":[23,32,32,44,52,52],"damage_taken":[{"damage":0,"enemies":"Small Slimes","floor":1,"turns":1},{"damage":0,"enemies":"Cultist","floor":2,"turns":1},{"damage":0,"enemies":"Lagavulin","floor":6,"turns":1},{"damage":0,"enemies":"2 Louse","floor":7,"turns":2},{"damage":12,"enemies":"3 Sentries","floor":8,"turns":7},{"damage":3,"enemies":"Blue Slaver","floor":11,"turns":4},{"damage":1,"enemies":"Lagavulin","floor":12,"turns":5},{"damage":4,"enemies":"2 Fungi Beasts","floor":13,"turns":4},{"damage":4,"enemies":"Large Slime","floor":14,"turns":4},{"damage":6,"enemies":"Hexaghost","floor":16,"turns":6},{"damage":4,"enemies":"Spheric Guardian","floor":18,"turns":4},{"damage":7,"enemies":"Shell Parasite","floor":22,"turns":5},{"damage":52,"enemies":"Slavers","floor":23,"turns":6},{"damage":11,"enemies":"Chosen and Byrds","floor":24,"turns":5},{"damage":15,"enemies":"Shelled Parasite and Fungi","floor":25,"turns":4},{"damage":8,"enemies":"Replay:Snechameleon","floor":27,"turns":4},{"damage":0,"enemies":"Cultist and Chosen","floor":32,"turns":5},{"damage":2,"enemies":"Book of Stabbing","floor":33,"turns":2},{"damage":29,"enemies":"Champ","floor":35,"turns":11},{"damage":0,"enemies":"Orb Walker","floor":37,"turns":4},{"damage":0,"enemies":"3 Shapes","floor":38,"turns":5},{"damage":18,"enemies":"Writhing Mass","floor":40,"turns":6},{"damage":25,"enemies":"2 Orb Walkers","floor":41,"turns":5},{"damage":3,"enemies":"Giant Head","floor":42,"turns":5},{"damage":39,"enemies":"Reptomancer","floor":44,"turns":6},{"damage":0,"enemies":"Jaw Worm Horde","floor":46,"turns":4},{"damage":8,"enemies":"Nemesis","floor":47,"turns":5},{"damage":4,"enemies":"Reptomancer","floor":49,"turns":6},{"damage":23,"enemies":"Maw","floor":50,"turns":8},{"damage":27,"enemies":"Awakened One","floor":52,"turns":6}],"seed_played":"-2649529187903134293","potions_obtained":[{"floor":1,"key":"champ:CounterPotion"},{"floor":2,"key":"SteroidPotion"},{"floor":7,"key":"SpeedPotion"},{"floor":8,"key":"Death Potion"},{"floor":23,"key":"sneckomod:MuddlingPotion"},{"floor":24,"key":"Guardian:BlockOnCardUsePotion"},{"floor":25,"key":"ColorlessPotion"},{"floor":35,"key":"Weak Potion"},{"floor":40,"key":"Venom Potion"},{"floor":41,"key":"LiquidBronze"},{"floor":46,"key":"FearPotion"}],"is_trial":false,"path_per_floor":["M","M","?","?","$","E","M","E","T","R","M","E","M","M","R","B",null,"M","?","$","?","M","E","M","M","T","E","PTL","PTL","$","R","M","E","R","B",null,"M","M","$","M","?","E","$","E","T","M","E","?","E","M","R","B",null],"character_chosen":"THE_SILENT","items_purchased":["Accuracy","Hidden Blade","Blade Dance","Cloak And Dagger","Accuracy","Whetstone","ReplayTheSpireMod:CursedCoin","Slice","Dodge and Roll","Accuracy","Blade Dance","Sucker Punch","Backstab","Endless Agony","Fluid Movement"],"campfire_rested":2,"item_purchase_floors":[5,5,20,20,30,30,30,30,30,39,39,39,43,43,43],"current_hp_per_floor":[70,70,52,52,52,52,52,40,40,40,37,36,32,28,28,22,70,66,66,66,66,59,19,20,17,17,28,28,28,28,51,51,49,49,32,77,77,77,77,59,46,43,43,16,16,28,32,32,40,29,67,40],"gold":149,"neow_bonus":"THREE_ENEMY_KILL","is_daily":false,"chose_seed":false,"campfire_upgraded":2,"win_rate":0.0,"timestamp":1611383757,"path_taken":["M","M","?","?","$","E","M","E","T","R","M","E","M","M","R","BOSS","M","?","$","?","M","E","M","M","T","E","PTL","PTL","$","R","M","E","R","BOSS","M","M","$","M","?","E","$","E","T","M","E","?","E","M","R","BOSS"],"items_purchased_type":["Card","Card","Card","Card","Card","Relic","Relic","Card","Card","Card","Card","Card","Card","Card","Card"],"build_version":"2020-12-22","purchased_purges":1,"victory":true,"max_hp_per_floor":[70,70,70,70,70,70,70,70,70,70,70,70,70,70,70,70,70,70,70,70,70,70,70,70,70,70,77,77,77,77,77,77,77,77,77,77,77,77,77,77,77,77,77,77,77,77,77,77,77,77,77,77],"card_choices":[{"not_picked":["Caltrops","Concentrate"],"picked":"Cloak And Dagger","floor":1},{"not_picked":["Setup","PiercingWail"],"picked":"Deadly Poison","floor":2},{"not_picked":["Sneak Up","Dodge and Roll"],"picked":"Deflect","floor":6},{"not_picked":["Reflex","Tactician"],"picked":"Flying Knee","floor":7},{"not_picked":["Replay:Poison Smokescreen","Slice"],"picked":"Hidden Blade","floor":8},{"not_picked":["Expertise","Outmaneuver"],"picked":"Backstab","floor":11},{"not_picked":["Backflip","Well Laid Plans"],"picked":"Hidden Blade","floor":12},{"not_picked":["Skewer","Concentrate"],"picked":"Bouncing Flask","floor":13},{"not_picked":["ReplayTheSpireMod:The Works","Sucker Punch"],"picked":"Deflect","floor":14},{"not_picked":["Replay:Bag of Tricks","Adrenaline"],"picked":"After Image","floor":16},{"not_picked":["Caltrops","Noxious Fumes"],"picked":"Blade Dance","floor":18},{"not_picked":["Eviscerate","Quick Slash"],"picked":"Outmaneuver","floor":22},{"not_picked":["Tactician+1","Acrobatics"],"picked":"Slice+1","floor":23},{"not_picked":["Bane+1","Poisoned Stab"],"picked":"Slice","floor":24},{"not_picked":["Outmaneuver+1","Calculated Gamble+1"],"picked":"Deflect","floor":25},{"not_picked":["Dagger Spray","ReplayTheSpireMod:Tripwire"],"picked":"Heel Hook","floor":27},{"not_picked":["Acrobatics","Cloak And Dagger"],"picked":"Blade Dance","floor":32},{"not_picked":["ReplayTheSpireMod:Necrosis","ReplayTheSpireMod:Tripwire","Underhanded Strike"],"picked":"SKIP","floor":33},{"not_picked":["Night Terror","Unload"],"picked":"Burst","floor":35},{"not_picked":["Bane+1","Noxious Fumes"],"picked":"Blade Dance+1","floor":37},{"not_picked":["Bouncing Flask","Poisoned Stab+1"],"picked":"ReplayTheSpireMod:Shiv Toss+1","floor":38},{"not_picked":["Setup+1","PiercingWail"],"picked":"Eviscerate","floor":40},{"not_picked":["PiercingWail+1","All Out Attack"],"picked":"Blade Dance","floor":41},{"not_picked":["Hidden Blade+1","Calculated Gamble+1"],"picked":"Noxious Fumes","floor":42},{"not_picked":["Malaise","Endless Agony"],"picked":"Accuracy+1","floor":44},{"not_picked":["Toxin Wave+1","Acrobatics+1"],"picked":"Hidden Blade","floor":46},{"not_picked":["Quick Slash","Terror"],"picked":"ReplayTheSpireMod:Scrap Shanks+1","floor":47},{"not_picked":["Leg Sweep+1","Toxin Wave"],"picked":"Dagger Throw+1","floor":49},{"not_picked":["PiercingWail","Distraction+1"],"picked":"Escape Plan","floor":50}],"player_experience":593601,"relics_obtained":[{"floor":6,"key":"HornCleat"},{"floor":8,"key":"hexamod:BolsterEngine"},{"floor":9,"key":"Ninja Scroll"},{"floor":12,"key":"Shuriken"},{"floor":23,"key":"Vajra"},{"floor":26,"key":"Juzu Bracelet"},{"floor":27,"key":"Strawberry"},{"floor":33,"key":"Regal Pillow"},{"floor":41,"key":"Pondfish Scales"},{"floor":42,"key":"Paper Crane"},{"floor":44,"key":"ReplayTheSpireMod:Ninjato"},{"floor":47,"key":"Guardian:PocketSentry"},{"floor":49,"key":"Counterbalance"}],"event_choices":[{"damage_healed":0,"gold_gain":0,"player_choice":"Relic ","damage_taken":18,"max_hp_gain":0,"max_hp_loss":0,"event_name":"betterThird:BetterScrap","floor":3,"gold_loss":0,"cards_obtained":["Dual Wield"]},{"damage_healed":0,"gold_gain":0,"player_choice":"Rummage","damage_taken":0,"relics_obtained":["WarpedTongs"],"max_hp_gain":0,"max_hp_loss":0,"event_name":"Accursed Blacksmith","floor":4,"gold_loss":0,"cards_obtained":["Pain"]},{"damage_healed":0,"gold_gain":0,"player_choice":"Read","damage_taken":0,"max_hp_gain":0,"max_hp_loss":0,"event_name":"The Library","floor":19,"gold_loss":0,"cards_obtained":["Fluid Movement"]},{"damage_healed":0,"gold_gain":0,"player_choice":"Obtained Relic","damage_taken":0,"relics_obtained":["Meat on the Bone"],"max_hp_gain":0,"max_hp_loss":0,"event_name":"Addict","floor":21,"gold_loss":85},{"damage_healed":0,"gold_gain":0,"player_choice":"Fight","damage_taken":0,"max_hp_gain":0,"max_hp_loss":0,"event_name":"Mysterious Sphere","floor":41,"gold_loss":0},{"cards_removed":["Strike_G"],"damage_healed":0,"gold_gain":0,"player_choice":"Removed Attack","damage_taken":0,"max_hp_gain":0,"max_hp_loss":0,"event_name":"Falling","floor":48,"gold_loss":0}],"is_beta":false,"boss_relics":[{"not_picked":["Empty Cage","Velvet Choker","ReplayTheSpireMod:DimensionalGlitch"]},{"not_picked":["Snecko Scales","Replay:Wanted Poster"],"picked":"SlaversCollar"}],"items_purged_floors":[30],"is_endless":false,"potions_floor_spawned":[1,2,7,8,23,24,25,35,40,41,46,47,49],"ascension_level":1}}