{"host":"k7udt7atmcuzf6l0","time":1611394739,"event":{"mods":["AchievementEnabler","BaseMod","Colored Map","Colored Powertips","Highlight Path","Minty Spire (QoL Compilation)","Quick Restart","Rare Cards Sparkle","StSLib","UnlockEverythingMod"],"gold_per_floor":[117,15,190,190,203,203,239,263,340,373,30,45,64,82,82,205,205,224,20,34,34,34,34],"floor_reached":22,"language":"ZHS","playtime":543,"items_purged":["Doubt"],"score":219,"play_id":"b811dccc-747b-49d0-ab6c-ec14f72e737f","local_time":"20210123173859","is_ascension_mode":false,"campfire_choices":[{"data":"Body Slam","floor":6,"key":"SMITH"},{"data":"Armaments","floor":15,"key":"SMITH"}],"circlet_count":0,"master_deck":["Strike_R","Strike_R","Strike_R","Strike_R","Strike_R","Defend_R","Defend_R","Defend_R","Defend_R","Bash","Warcry","Inflame","Body Slam+1","Twin Strike","Headbutt","Armaments+1","Clash","Limit Break+1","Flex+1","Corruption","Infernal Blade+1","Flex+1","Shrug It Off+1"],"relics":["Black Blood","NeowsBlessing","Golden Idol","Unceasing Top","Vajra","InkBottle","Peace Pipe","Toxic Egg 2","HandDrill"],"acts_visited":["Exordium","TheCity"],"potions_floor_usage":[10,14,14,18],"damage_taken":[{"damage":0,"enemies":"Cultist","floor":1,"turns":1},{"damage":0,"enemies":"2 Louse","floor":5,"turns":1},{"damage":0,"enemies":"Lagavulin","floor":7,"turns":1},{"damage":8,"enemies":"Gremlin Nob","floor":10,"turns":3},{"damage":1,"enemies":"Jaw Worm","floor":12,"turns":2},{"damage":16,"enemies":"Large Slime","floor":13,"turns":3},{"damage":0,"enemies":"Exordium Thugs","floor":14,"turns":3},{"damage":53,"enemies":"The Guardian","floor":16,"turns":7},{"damage":10,"enemies":"Shell Parasite","floor":18,"turns":3},{"damage":20,"enemies":"2 Thieves","floor":20,"turns":3},{"damage":68,"enemies":"Chosen and Byrds","floor":22,"turns":6}],"seed_played":"-6842908153572878536","potions_obtained":[{"floor":5,"key":"SkillPotion"},{"floor":10,"key":"Weak Potion"},{"floor":12,"key":"Explosive Potion"},{"floor":13,"key":"Ancient Potion"},{"floor":16,"key":"Swift Potion"}],"is_trial":false,"path_per_floor":["M","$","?","?","M","R","E","T","T","E","$","M","M","M","R","B",null,"M","$","M","?","M"],"character_chosen":"IRONCLAD","items_purchased":["Inflame","Body Slam","Toxic Egg 2","Clash","HandDrill","Flex+1"],"campfire_rested":0,"item_purchase_floors":[2,2,11,11,19,19],"current_hp_per_floor":[80,80,80,60,66,66,72,72,72,70,70,75,65,71,71,24,80,80,80,72,57,0,0],"gold":34,"neow_bonus":"THREE_ENEMY_KILL","is_daily":false,"chose_seed":false,"campfire_upgraded":2,"win_rate":0.0,"timestamp":1611394739,"path_taken":["M","$","?","?","M","R","E","?","T","E","$","M","M","M","R","BOSS","M","$","M","?","M"],"items_purchased_type":["Card","Card","Relic","Card","Relic","Card"],"build_version":"2020-12-22","purchased_purges":1,"victory":false,"max_hp_per_floor":[80,80,80,80,80,80,80,80,80,80,80,80,80,80,80,80,80,80,80,80,85,85,85],"card_choices":[{"not_picked":["Iron Wave","Uppercut"],"picked":"Warcry","floor":1},{"not_picked":["Body Slam","Rupture"],"picked":"Twin Strike","floor":5},{"not_picked":["Sword Boomerang","Rupture"],"picked":"Headbutt","floor":7},{"not_picked":["Rage","Bloodletting"],"picked":"Armaments","floor":10},{"not_picked":["Perfected Strike","Havoc+1"],"picked":"Limit Break+1","floor":12},{"not_picked":["Clash","Wild Strike"],"picked":"Flex+1","floor":13},{"not_picked":["Heavy Blade","Twin Strike","Sever Soul"],"picked":"SKIP","floor":14},{"not_picked":["Demon Form","Brutality"],"picked":"Corruption","floor":16},{"not_picked":["Bloodletting+1","Rampage"],"picked":"Infernal Blade+1","floor":18},{"not_picked":["Clash","Inflame"],"picked":"Shrug It Off+1","floor":20}],"player_experience":111242,"relics_obtained":[{"floor":7,"key":"Unceasing Top"},{"floor":8,"key":"Vajra"},{"floor":9,"key":"InkBottle"},{"floor":10,"key":"Peace Pipe"}],"event_choices":[{"damage_healed":0,"gold_gain":175,"player_choice":"AGREE","damage_taken":0,"max_hp_gain":0,"max_hp_loss":0,"event_name":"Liars Game","floor":3,"gold_loss":0,"cards_obtained":["Doubt"]},{"damage_healed":0,"gold_gain":0,"player_choice":"Take Damage","damage_taken":20,"relics_obtained":["Golden Idol"],"max_hp_gain":0,"max_hp_loss":0,"event_name":"Golden Idol","floor":4,"gold_loss":0},{"damage_healed":0,"gold_gain":0,"player_choice":"Shed Blood","damage_taken":20,"max_hp_gain":5,"max_hp_loss":0,"event_name":"Forgotten Altar","floor":21,"gold_loss":0}],"is_beta":false,"boss_relics":[{"not_picked":["Fusion Hammer","Calling Bell"],"picked":"Black Blood"}],"items_purged_floors":[11],"is_endless":false,"potions_floor_spawned":[5,10,12,13,16],"killed_by":"Chosen and Byrds","ascension_level":0}}