{"host":"6p0attdrtjqaih7v","time":1611438603,"event":{"mods":["2.2 Compatiblity","AchievementEnabler","Bard","BaseMod","Better Skull","Better Third Choice","Colored Powertips","Hermit","Highlight Path","Jorbs\u0027s Wanderer Trilogy","Key Reminder","Minty Spire (QoL Compilation)","Permanent Neow","Quick Restart","Random Character Button","Relic Stats","Replay The Spire","Robot Space Explorer","StSLib"],"gold_per_floor":[117,13,13,27,47,79,79,111,111,111,122,122,155,230,230,308,308,328,346,346,356,2,28,28,45,45,45,45,62,62,62],"floor_reached":30,"language":"ENG","playtime":1256,"items_purged":["Strike_R"],"score":536,"play_id":"ce8eebdc-113c-4a33-9122-7af8b144f407","local_time":"20210123165003","is_ascension_mode":true,"campfire_choices":[{"data":"Wild Strike","floor":7,"key":"SMITH"},{"data":"Metallicize","floor":10,"key":"SMITH"},{"data":"Battle Trance","floor":12,"key":"SMITH"},{"floor":15,"key":"REST"},{"floor":24,"key":"REST"},{"data":"Entrench","floor":27,"key":"SMITH"}],"circlet_count":0,"master_deck":["AscendersBane","Strike_R","Strike_R","Defend_R","Defend_R","Defend_R","Defend_R","Bash+1","Battle Trance+1","Wild Strike+1","Carnage","Metallicize+1","Bludgeon+1","Headbutt","Ghostly Armor","Feed+1","Combust","Flex+1","Barricade+1","Entrench+1","Feel No Pain+1","Uppercut","Dark Embrace+1","Seeing Red","Twin Strike"],"relics":["Burning Blood","Golden Egg","Letter Opener","Mirror","Paper Frog","Sozu","Gremlin Horn","Blood Vial","Mercury Hourglass"],"acts_visited":["Exordium","TheCity"],"potions_floor_usage":[6,13,16,16],"damage_taken":[{"damage":13,"enemies":"Small Slimes","floor":1,"turns":5},{"damage":5,"enemies":"2 Louse","floor":4,"turns":3},{"damage":1,"enemies":"Cultist","floor":5,"turns":3},{"damage":9,"enemies":"Replay:BlueRogue","floor":6,"turns":6},{"damage":29,"enemies":"Lagavulin","floor":8,"turns":4},{"damage":5,"enemies":"Blue Slaver","floor":11,"turns":4},{"damage":12,"enemies":"3 Sentries","floor":13,"turns":6},{"damage":23,"enemies":"The Guardian","floor":16,"turns":12},{"damage":3,"enemies":"Chosen","floor":18,"turns":3},{"damage":22,"enemies":"2 Thieves","floor":19,"turns":4},{"damage":4,"enemies":"Cultist and Chosen","floor":21,"turns":5},{"damage":51,"enemies":"Slavers","floor":23,"turns":7},{"damage":15,"enemies":"Centurion and Healer","floor":25,"turns":6},{"damage":24,"enemies":"Shelled Parasite and Fungi","floor":29,"turns":8},{"damage":29,"enemies":"Snake Plant","floor":30,"turns":2}],"seed_played":"2057777272793767912","potions_obtained":[{"floor":4,"key":"FearPotion"},{"floor":5,"key":"Milkshake"},{"floor":11,"key":"Explosive Potion"},{"floor":13,"key":"Flashbang"}],"is_trial":false,"path_per_floor":["M","$","?","M","M","E","R","E","T","R","M","R","E","?","R","B",null,"M","M","?","M","$","E","R","M","T","R","?","M","M"],"character_chosen":"IRONCLAD","items_purchased":["Wild Strike","Feel No Pain","Gremlin Horn"],"campfire_rested":2,"item_purchase_floors":[2,22,22],"current_hp_per_floor":[61,61,54,55,60,57,57,34,34,34,35,35,29,18,40,23,62,65,53,53,59,59,14,38,35,35,35,35,23,0,0],"gold":62,"neow_bonus":"UPGRADE_CARD","is_daily":false,"chose_seed":false,"campfire_upgraded":4,"win_rate":0.0,"timestamp":1611438603,"path_taken":["M","$","?","M","M","E","R","E","T","R","M","R","E","?","R","BOSS","M","M","?","M","$","E","R","?","T","R","?","M","M"],"items_purchased_type":["Card","Card","Relic"],"build_version":"2020-12-22","purchased_purges":1,"victory":false,"max_hp_per_floor":[75,75,75,75,75,75,75,75,75,75,75,75,75,75,75,75,75,75,79,79,83,83,83,83,87,87,87,87,91,91,91],"relic_stats":{"Sozu":2,"Blood Vial":6,"Gremlin Horn":[3,4],"counters":[15,78],"Letter Opener":[55],"obtain_stats":[{"Sozu":17,"Blood Vial":23,"Golden Egg":6,"Gremlin Horn":22,"Letter Opener":8,"Mirror":9,"Burning Blood":0,"Paper Frog":13,"Mercury Hourglass":26},{"Sozu":8,"Blood Vial":12,"Golden Egg":4,"Gremlin Horn":11,"Letter Opener":5,"Mirror":5,"Burning Blood":0,"Paper Frog":7,"Mercury Hourglass":13},{"Sozu":43,"Blood Vial":62,"Golden Egg":17,"Gremlin Horn":55,"Letter Opener":21,"Mirror":21,"Burning Blood":0,"Paper Frog":31,"Mercury Hourglass":68}],"Burning Blood":84,"Mercury Hourglass":[18]},"card_choices":[{"not_picked":["Headbutt","Iron Wave"],"picked":"Battle Trance","floor":1},{"not_picked":["Thunderclap","Heavy Blade"],"picked":"Carnage","floor":4},{"not_picked":["Shrug It Off","Cleave"],"picked":"Metallicize","floor":5},{"not_picked":["Uppercut","Replay:Undeath\u0027s Touch"],"picked":"Bludgeon","floor":6},{"not_picked":["Flex","Armaments"],"picked":"Headbutt","floor":8},{"not_picked":["Clash","ReplayTheSpireMod:Strike From Hell"],"picked":"Ghostly Armor","floor":11},{"not_picked":["ReplayTheSpireMod:Strike From Hell","Cleave","Sever Soul"],"picked":"SKIP","floor":13},{"not_picked":["Corruption","Barricade"],"picked":"Feed","floor":16},{"not_picked":["Pommel Strike","Sever Soul"],"picked":"Combust","floor":18},{"not_picked":["Iron Wave+1","Battle Trance"],"picked":"Flex+1","floor":19},{"not_picked":["Dark Embrace","Bloodletting"],"picked":"Entrench","floor":21},{"not_picked":["Blood for Blood","Armaments"],"picked":"Uppercut","floor":23},{"not_picked":["Flame Barrier","Armaments"],"picked":"Dark Embrace+1","floor":25},{"not_picked":["Clash","Rage"],"picked":"Twin Strike","floor":29}],"player_experience":926336,"relics_obtained":[{"floor":6,"key":"Golden Egg"},{"floor":8,"key":"Letter Opener"},{"floor":9,"key":"Mirror"},{"floor":13,"key":"Paper Frog"},{"floor":23,"key":"Blood Vial"},{"floor":26,"key":"Mercury Hourglass"}],"event_choices":[{"cards_removed":["Strike_R"],"damage_healed":0,"gold_gain":0,"player_choice":"Card Removal","damage_taken":7,"max_hp_gain":0,"max_hp_loss":0,"event_name":"Golden Wing","floor":3,"gold_loss":0},{"damage_healed":0,"gold_gain":75,"player_choice":"Gather Gold","damage_taken":11,"max_hp_gain":0,"max_hp_loss":0,"event_name":"World of Goop","floor":14,"gold_loss":0},{"damage_healed":0,"gold_gain":0,"cards_transformed":["Strike_R"],"player_choice":"Transformed","damage_taken":0,"max_hp_gain":0,"max_hp_loss":0,"event_name":"Transmorgrifier","floor":20,"gold_loss":0,"cards_obtained":["Barricade"]},{"damage_healed":0,"gold_gain":0,"player_choice":"Read","damage_taken":0,"max_hp_gain":0,"max_hp_loss":0,"event_name":"The Library","floor":28,"gold_loss":0,"cards_obtained":["Seeing Red"]}],"is_beta":false,"boss_relics":[{"not_picked":["Kintsugi","Runic Dome"],"picked":"Sozu"}],"items_purged_floors":[2],"is_endless":false,"potions_floor_spawned":[4,5,11,13,21,29],"killed_by":"Snake Plant","ascension_level":20}}