{"host":"j4g6ia6asvpyu2b0","time":1611445153,"event":{"mods":["BaseMod","Colored Map","Minty Spire (QoL Compilation)","Permanent Neow","Quick Restart","Relic Stats","StSLib","Unceasing Turn Reminder"],"gold_per_floor":[114,114,134,149,159,159,188,188,263,298,298,113,113,133,133,207,207,218,268,268,284,294,294,322,322,348,375,391,30,130,164,164,236,236,254,274,274,293,140,167,167,200,200,200,212,237,178,214,214,214],"floor_reached":51,"language":"ENG","playtime":1487,"items_purged":["Strike_B","Defend_B"],"score":1607,"play_id":"538e3229-0b59-4f2e-958d-95e5880f4fd0","local_time":"20210123163913","is_ascension_mode":true,"campfire_choices":[{"data":"Consume","floor":6.0,"key":"SMITH"},{"data":"Loop","floor":8.0,"key":"SMITH"},{"data":"Capacitor","floor":15.0,"key":"SMITH"},{"data":"Storm","floor":23,"key":"SMITH"},{"data":"Storm","floor":25,"key":"SMITH"},{"data":"Capacitor","floor":32,"key":"SMITH"},{"data":"Biased Cognition","floor":41,"key":"SMITH"},{"data":"Loop","floor":44,"key":"SMITH"},{"data":"Storm","floor":49,"key":"SMITH"}],"circlet_count":0,"master_deck":["AscendersBane","Defend_B","Defend_B","Defend_B","Zap","Dualcast","Streamline","Consume+1","Ball Lightning","Coolheaded","Loop+1","Storm+1","Capacitor+1","Coolheaded","Ball Lightning","Echo Form","FTL","Biased Cognition+1","Chill+1","Storm+1","Electrodynamics","Rainbow","Loop+1","Capacitor+1","Glacier","Meteor Strike","Compile Driver","Core Surge","Sweeping Beam+1","Echo Form","Conserve Battery","Cold Snap","Finesse","Mayhem","Finesse","Coolheaded+1","Storm+1","Body Slam+1","Impatience","After Image"],"relics":["Coffee Dripper","Turnip","Mummified Hand","DataDisk","Eternal Feather","Nuclear Battery","Meat on the Bone","Smiling Mask","Membership Card","Bottled Lightning","Prayer Wheel","Pear","TungstenRod","Philosopher\u0027s Stone","PrismaticShard","Blue Candle","Nunchaku","Pantograph","Calipers","Anchor","CeramicFish"],"acts_visited":["Exordium","TheCity","TheBeyond"],"potions_floor_usage":[16,16,21,21,24,27,31],"damage_taken":[{"damage":1.0,"enemies":"Cultist","floor":1.0,"turns":4.0},{"damage":2.0,"enemies":"Jaw Worm","floor":3.0,"turns":3.0},{"damage":8.0,"enemies":"2 Louse","floor":4.0,"turns":3.0},{"damage":12.0,"enemies":"Looter","floor":5.0,"turns":3.0},{"damage":10.0,"enemies":"Lagavulin","floor":7.0,"turns":5.0},{"damage":18.0,"enemies":"Gremlin Nob","floor":10.0,"turns":3.0},{"damage":9.0,"enemies":"3 Louse","floor":14.0,"turns":3.0},{"damage":5,"enemies":"The Guardian","floor":16,"turns":7},{"damage":1,"enemies":"Chosen","floor":18,"turns":4},{"damage":17,"enemies":"2 Thieves","floor":21,"turns":4},{"damage":3,"enemies":"Centurion and Healer","floor":22,"turns":5},{"damage":16,"enemies":"Slavers","floor":24,"turns":3},{"damage":1,"enemies":"Book of Stabbing","floor":27,"turns":3},{"damage":0,"enemies":"3 Cultists","floor":28,"turns":2},{"damage":0,"enemies":"Colosseum Slavers","floor":30,"turns":2},{"damage":16,"enemies":"Colosseum Nobs","floor":30,"turns":3},{"damage":0,"enemies":"Gremlin Leader","floor":31,"turns":3},{"damage":18,"enemies":"Collector","floor":33,"turns":4},{"damage":5,"enemies":"Orb Walker","floor":35,"turns":3},{"damage":2,"enemies":"3 Darklings","floor":36,"turns":4},{"damage":8,"enemies":"Transient","floor":38,"turns":5},{"damage":12,"enemies":"Nemesis","floor":40,"turns":3},{"damage":0,"enemies":"Giant Head","floor":42,"turns":4},{"damage":22,"enemies":"Spire Growth","floor":45,"turns":4},{"damage":17,"enemies":"Mind Bloom Boss Battle","floor":46,"turns":4},{"damage":0,"enemies":"Reptomancer","floor":48,"turns":3},{"damage":42,"enemies":"Time Eater","floor":50,"turns":6}],"seed_played":"6623197863735464766","potions_obtained":[{"floor":3.0,"key":"FearPotion"},{"floor":4.0,"key":"GamblersBrew"},{"floor":7.0,"key":"FearPotion"},{"floor":10.0,"key":"Swift Potion"},{"floor":16,"key":"EntropicBrew"},{"floor":21,"key":"ColorlessPotion"},{"floor":28,"key":"Fire Potion"},{"floor":33,"key":"CultistPotion"},{"floor":35,"key":"LiquidMemories"},{"floor":46,"key":"FocusPotion"}],"is_trial":false,"path_per_floor":["M","?","M","M","M","R","E","R","T","E","$","$","T","M","R","B",null,"M","?","?","M","M","R","E","R","T","E","M","$","?","E","R","B",null,"M","M","?","M","$","E","R","E","T","R","M","?","?","E","R","B",null],"character_chosen":"DEFECT","items_purchased":["Capacitor","Coolheaded","Membership Card","Capacitor","Glacier","Bottled Lightning","Storm","PrismaticShard"],"campfire_rested":0,"item_purchase_floors":[12,12,29,29,29,29,39,39],"current_hp_per_floor":[63,63,61,53,41,41,31,31,31,13,13,13,13,4,13,8,55,54,54,54,49,46,58,42,54,54,53,53,53,47,47,62,44,72,67,65,56,48,48,48,69,69,69,81,59,64,64,64,81,51],"gold":214,"neow_bonus":"BOSS_RELIC","is_daily":false,"chose_seed":false,"campfire_upgraded":9,"win_rate":0.0,"timestamp":1611445153,"path_taken":["M","?","M","?","M","R","E","R","T","E","?","$","?","M","R","BOSS","M","?","?","M","M","R","E","R","T","E","M","$","?","E","R","BOSS","M","M","?","M","$","E","R","E","T","R","M","?","?","E","R","BOSS"],"items_purchased_type":["Card","Card","Relic","Card","Card","Relic","Card","Relic"],"build_version":"2020-12-22","purchased_purges":2,"victory":true,"max_hp_per_floor":[71,71,71,71,71,71,71,71,71,71,71,71,71,71,71,71,71,71,71,71,71,71,71,71,71,71,71,71,71,81,81,81,81,81,81,81,81,81,81,81,81,81,81,81,81,81,81,81,81,81],"relic_stats":{"counters":[27,95],"Blue Candle":[0],"CeramicFish":9,"Eternal Feather":98,"Smiling Mask":0,"Nunchaku":[1],"Mummified Hand":[161],"Pantograph":22,"Prayer Wheel":4,"Turnip":[2],"obtain_stats":[{"Pear":30,"Calipers":46,"Blue Candle":40,"CeramicFish":48,"Eternal Feather":13,"Smiling Mask":27,"PrismaticShard":39,"Nuclear Battery":17,"DataDisk":10,"Nunchaku":42,"Anchor":47,"Mummified Hand":9,"Pantograph":43,"Prayer Wheel":30,"Philosopher\u0027s Stone":34,"Turnip":7,"Coffee Dripper":0,"Membership Card":29,"Bottled Lightning":29,"Cracked Core":0,"TungstenRod":31,"Meat on the Bone":24},{"Pear":16,"Calipers":25,"Blue Candle":22,"CeramicFish":26,"Eternal Feather":6,"Smiling Mask":13,"PrismaticShard":21,"Nuclear Battery":8,"DataDisk":6,"Nunchaku":23,"Anchor":25,"Mummified Hand":5,"Pantograph":23,"Prayer Wheel":16,"Philosopher\u0027s Stone":18,"Turnip":5,"Coffee Dripper":0,"Membership Card":14,"Bottled Lightning":14,"Cracked Core":0,"TungstenRod":17,"Meat on the Bone":12},{"Pear":55,"Calipers":87,"Blue Candle":75,"CeramicFish":89,"Eternal Feather":21,"Smiling Mask":48,"PrismaticShard":72,"Nuclear Battery":30,"DataDisk":21,"Nunchaku":79,"Anchor":87,"Mummified Hand":18,"Pantograph":79,"Prayer Wheel":55,"Philosopher\u0027s Stone":62,"Turnip":18,"Coffee Dripper":0,"Membership Card":50,"Bottled Lightning":50,"Cracked Core":0,"TungstenRod":58,"Meat on the Bone":45}],"TungstenRod":16,"Meat on the Bone":24},"card_choices":[{"not_picked":["Conserve Battery","BootSequence"],"picked":"Streamline","floor":1.0},{"not_picked":["Rebound","Heatsinks"],"picked":"Consume","floor":3.0},{"not_picked":["Tempest","Consume"],"picked":"Ball Lightning","floor":4.0},{"not_picked":["Go for the Eyes","Compile Driver"],"picked":"Coolheaded","floor":5.0},{"not_picked":["BootSequence","Reprogram"],"picked":"Loop","floor":7.0},{"not_picked":["Doom and Gloom","Steam"],"picked":"Storm","floor":10.0},{"not_picked":["Coolheaded","Redo"],"picked":"Ball Lightning","floor":14.0},{"not_picked":["Machine Learning","Core Surge"],"picked":"Echo Form","floor":16},{"not_picked":["Gash+1","Steam","Beam Cell"],"picked":"SKIP","floor":18},{"not_picked":["FTL","Stack+1"],"picked":"Chill+1","floor":21},{"not_picked":["FTL","Glacier"],"picked":"Storm","floor":22},{"not_picked":["Rebound","Loop"],"picked":"Electrodynamics","floor":24},{"not_picked":["Hologram","Gash"],"picked":"Rainbow","floor":27},{"not_picked":["Fusion","Sweeping Beam"],"picked":"Loop","floor":28},{"not_picked":["Steam","Beam Cell"],"picked":"Meteor Strike","floor":30},{"not_picked":["Hello World","Go for the Eyes"],"picked":"Compile Driver","floor":31},{"not_picked":["Machine Learning","Buffer"],"picked":"Core Surge","floor":33},{"not_picked":["Stack","Streamline"],"picked":"Sweeping Beam+1","floor":35},{"not_picked":["Leap","Turbo"],"picked":"Echo Form","floor":35},{"not_picked":["Steam","Genetic Algorithm"],"picked":"Conserve Battery","floor":36},{"not_picked":["Stack+1","Reprogram"],"picked":"Cold Snap","floor":36},{"not_picked":["Forethought","Mind Blast"],"picked":"Finesse","floor":37},{"not_picked":["Forethought","Deep Breath"],"picked":"Mayhem","floor":37},{"not_picked":["Impatience","Dark Shackles"],"picked":"Finesse","floor":37},{"not_picked":["Compile Driver","Chaos"],"picked":"Coolheaded+1","floor":38},{"not_picked":["Force Field","Conserve Battery","Chill"],"picked":"SKIP","floor":38},{"not_picked":["Blade Dance","ReachHeaven"],"picked":"Body Slam+1","floor":40},{"not_picked":["TalkToTheHand","ClearTheMind"],"picked":"Impatience","floor":42},{"not_picked":["Armaments","Streamline","Iron Wave"],"picked":"SKIP","floor":45},{"not_picked":["Stack","Prostrate","Reflex"],"picked":"SKIP","floor":45},{"not_picked":["Iron Wave","Beam Cell"],"picked":"After Image","floor":48}],"player_experience":965141,"relics_obtained":[{"floor":7.0,"key":"Turnip"},{"floor":9.0,"key":"Mummified Hand"},{"floor":10.0,"key":"DataDisk"},{"floor":13.0,"key":"Eternal Feather"},{"floor":24,"key":"Meat on the Bone"},{"floor":27,"key":"Smiling Mask"},{"floor":30,"key":"Prayer Wheel"},{"floor":30,"key":"Pear"},{"floor":31,"key":"TungstenRod"},{"floor":40,"key":"Blue Candle"},{"floor":42,"key":"Nunchaku"},{"floor":43,"key":"Pantograph"},{"floor":46,"key":"Calipers"},{"floor":48,"key":"CeramicFish"}],"event_choices":[{"cards_removed":["Strike_B"],"damage_healed":0.0,"max_hp_gain":0.0,"max_hp_loss":0.0,"gold_gain":0.0,"event_name":"Purifier","player_choice":"Purged","floor":2.0,"gold_loss":0.0,"damage_taken":0.0},{"damage_healed":0,"gold_gain":50,"player_choice":"Stole From Cult","damage_taken":0,"max_hp_gain":0,"max_hp_loss":0,"event_name":"Nest","floor":19,"gold_loss":0},{"damage_healed":0,"gold_gain":0,"cards_transformed":["Strike_B","Strike_B"],"player_choice":"Became Test Subject","damage_taken":0,"max_hp_gain":0,"max_hp_loss":0,"event_name":"Drug Dealer","floor":20,"gold_loss":0,"cards_obtained":["FTL","Biased Cognition"]},{"damage_healed":0,"gold_gain":0,"player_choice":"Fight","damage_taken":0,"max_hp_gain":0,"max_hp_loss":0,"event_name":"Colosseum","floor":30,"gold_loss":0},{"damage_healed":0,"gold_gain":0,"player_choice":"Fought Nobs","damage_taken":0,"max_hp_gain":0,"max_hp_loss":0,"event_name":"Colosseum","floor":30,"gold_loss":0},{"damage_healed":0,"gold_gain":0,"player_choice":"Memory 3","damage_taken":10,"max_hp_gain":0,"max_hp_loss":0,"event_name":"SensoryStone","floor":37,"gold_loss":0},{"damage_healed":0,"gold_gain":0,"player_choice":"Fight","damage_taken":0,"max_hp_gain":0,"max_hp_loss":0,"event_name":"MindBloom","floor":46,"gold_loss":0},{"damage_healed":0,"gold_gain":0,"player_choice":"Paid Gold","damage_taken":0,"relics_obtained":["Anchor"],"max_hp_gain":0,"max_hp_loss":0,"event_name":"WeMeetAgain","floor":47,"gold_loss":59}],"is_beta":false,"boss_relics":[{"not_picked":["Runic Dome","SlaversCollar"],"picked":"Nuclear Battery"},{"not_picked":["Empty Cage","Tiny House"],"picked":"Philosopher\u0027s Stone"}],"items_purged_floors":[12,39],"is_endless":false,"potions_floor_spawned":[3,4,7,10,16,21,28,33,35,45,46,48],"ascension_level":16}}