{"host":"ooe12lh8pgcirntb","time":1611387387,"event":{"mods":["AchievementEnabler","Act Like it!","Bard","BaseMod","Beaked The Cultist","ChefMod","Colored Map","Colored Powertips","Minty Spire (QoL Compilation)","StSLib","The Animator","The Blackbeard","The Bug Knight","The Construct","The Cursed","The Disciple","The Hierophant","The Problem Sleuth","TheVacant"],"gold_per_floor":[140,140,157,157,157,183,183,216,228,240,284,296,328,375,387,399,399],"floor_reached":16,"language":"ENG","playtime":2180,"items_purged":[],"score":116,"play_id":"b8f5536d-0da6-45a3-85e6-f68f9c312f39","local_time":"20210123023627","is_ascension_mode":true,"campfire_choices":[{"floor":10,"key":"REST"},{"data":"animator:GoblinSlayer","floor":12,"key":"SMITH"},{"floor":15,"key":"REST"}],"circlet_count":0,"master_deck":["animator:Strike_GoblinSlayer","animator:Defend_GoblinSlayer","animator:Strike","animator:Strike","animator:Strike","animator:Defend","animator:Defend","animator:Defend","animator:LizardPriest","animator:DwarfShaman","animator:GoblinSlayer+1","animator:HiiragiShinya","animator:ElricEdward","animator:Witch","animator:Spearman+1","animator:Wiz+1","animator:Entoma+2","animator:Priestess+1","animator:CowGirl+1","animator:Darkness"],"relics":["animator:LivingPicture","animator:TheMissingPiece","Prayer Wheel","Molten Egg 2","MawBank","Toxic Egg 2"],"acts_visited":["Exordium"],"potions_floor_usage":[16,16],"damage_taken":[{"damage":0,"enemies":"Small Slimes","floor":1,"turns":3},{"damage":0,"enemies":"Cultist","floor":3,"turns":5},{"damage":23,"enemies":"Lagavulin","floor":6,"turns":7},{"damage":5,"enemies":"3 Sentries","floor":8,"turns":7},{"damage":8,"enemies":"Jaw Worm","floor":11,"turns":4},{"damage":6,"enemies":"Looter","floor":13,"turns":3},{"damage":0,"enemies":"3 Louse","floor":14,"turns":4},{"damage":55,"enemies":"The Guardian","floor":16,"turns":11}],"seed_played":"6903260068833389742","potions_obtained":[{"floor":1,"key":"SmokeBomb"},{"floor":14,"key":"SneckoOil"}],"is_trial":false,"path_per_floor":["M","?","M","?","?","E","?","E","T","R","M","R","M","M","R","B"],"character_chosen":"THE_ANIMATOR","items_purchased":[],"campfire_rested":2,"item_purchase_floors":[],"current_hp_per_floor":[48,48,48,48,48,26,26,21,21,41,33,33,28,30,51,0,0],"gold":399,"neow_bonus":"THREE_RARE_CARDS","is_daily":false,"chose_seed":false,"campfire_upgraded":1,"win_rate":0.0,"timestamp":1611387387,"path_taken":["M","?","?","?","?","E","?","E","T","R","?","R","M","?","R","BOSS"],"items_purchased_type":[],"build_version":"2020-12-22","purchased_purges":0,"victory":false,"max_hp_per_floor":[66,66,66,66,66,67,67,67,67,67,67,67,68,70,70,70,70],"card_choices":[{"not_picked":["animator:Father","animator:Hans"],"picked":"animator:GoblinSlayer","floor":0},{"not_picked":["animator:MaesHughes","animator:ElricAlphonse"],"picked":"animator:HiiragiShinya","floor":1},{"not_picked":["animator:Mitsurugi","animator:DwarfShaman"],"picked":"animator:ElricEdward","floor":3},{"not_picked":["animator:Sloth","animator:Chung"],"picked":"animator:Witch","floor":6},{"not_picked":["animator:Ain+1","animator:Pride+1"],"picked":"animator:Spearman+1","floor":11},{"not_picked":["animator:Shinoa+1","animator:Shigure+1"],"picked":"animator:Wiz+1","floor":11},{"not_picked":["animator:Cocytus+1","animator:KrulTepes+1"],"picked":"animator:Entoma+1","floor":13},{"not_picked":["animator:Kazuma+1","animator:Sloth+1"],"picked":"animator:Priestess+1","floor":13},{"not_picked":["animator:Wiz+1","animator:Shinoa+1"],"picked":"animator:CowGirl+1","floor":14},{"not_picked":["animator:Kazuma+1","animator:Shigure+1"],"picked":"animator:Darkness","floor":14}],"player_experience":618885,"relics_obtained":[{"floor":6,"key":"Prayer Wheel"},{"floor":8,"key":"MawBank"},{"floor":9,"key":"Toxic Egg 2"}],"event_choices":[{"damage_healed":0,"gold_gain":0,"player_choice":"Bought 0 Potions","damage_taken":0,"max_hp_gain":0,"max_hp_loss":0,"event_name":"The Woman in Blue","floor":2,"gold_loss":0},{"damage_healed":0,"gold_gain":0,"player_choice":"Leave","damage_taken":0,"max_hp_gain":0,"max_hp_loss":0,"event_name":"The Cleric","floor":4,"gold_loss":0},{"damage_healed":0,"gold_gain":0,"player_choice":"Ignored","damage_taken":0,"max_hp_gain":0,"max_hp_loss":0,"event_name":"Golden Wing","floor":5,"gold_loss":0},{"damage_healed":0,"gold_gain":0,"player_choice":"Gave Potion","damage_taken":0,"relics_obtained":["Molten Egg 2"],"max_hp_gain":0,"max_hp_loss":0,"event_name":"WeMeetAgain","floor":7,"gold_loss":0}],"is_beta":false,"boss_relics":[],"items_purged_floors":[],"is_endless":false,"potions_floor_spawned":[1,14],"killed_by":"The Guardian","ascension_level":1}}