{"host":"srk2drlvga69hbot","time":1611422356,"event":{"mods":["BaseMod","Bestiary","Block Reminder","Colored Map","Colored Powertips","Dark Map","DeckTracker","Highlight Path","Minty Spire (QoL Compilation)","Quick Restart","Rare Cards Sparkle","Relic Stats","SuperFastMode","Unceasing Turn Reminder"],"gold_per_floor":[110,110,110,129,54,54,80,80,80,100,100,112,112,12,12,107,107,126,140,140,15,25,57,57,57,111,111,111,127,162,174,174,276,276,294,294,48,61,77,77,112,112,135,167,213,213,226,136,136,136,136],"floor_reached":50,"language":"ZHS","playtime":3731,"items_purged":["Defend_G","Defend_G","Defend_G","Defend_G"],"score":674,"play_id":"fcd8a527-ff01-45be-bbe6-1eea916e51da","local_time":"20210124011916","is_ascension_mode":true,"campfire_choices":[{"data":"Terror","floor":6.0,"key":"SMITH"},{"data":"Prepared","floor":8.0,"key":"SMITH"},{"data":"Neutralize","floor":13.0,"key":"SMITH"},{"data":"Acrobatics","floor":15.0,"key":"SMITH"},{"data":"Underhanded Strike","floor":24.0,"key":"SMITH"},{"data":"Reflex","floor":27,"key":"SMITH"},{"floor":32,"key":"REST"},{"floor":40,"key":"REST"},{"floor":42,"key":"REST"},{"floor":46,"key":"REST"},{"floor":49,"key":"RECALL"}],"circlet_count":0,"master_deck":["Strike_G+1","Strike_G","Strike_G+1","Defend_G+1","Survivor","Neutralize+1","Underhanded Strike+1","Terror+1","Prepared+1","Reflex+1","Acrobatics+1","Deflect+1","Envenom+1","Finesse","Escape Plan"],"relics":["Ring of the Snake","Orichalcum","Gambling Chip","Strawberry","HoveringKite","Nloth\u0027s Gift","Matryoshka","Whetstone","Dream Catcher","Ninja Scroll","Busted Crown","Happy Flower","Blood Vial","Incense Burner","FossilizedHelix"],"acts_visited":["Exordium","TheCity","TheBeyond"],"potions_floor_usage":[],"damage_taken":[{"damage":0.0,"enemies":"Cultist","floor":1.0,"turns":4.0},{"damage":0.0,"enemies":"2 Louse","floor":4.0,"turns":2.0},{"damage":26.0,"enemies":"Lagavulin","floor":7.0,"turns":6.0},{"damage":0.0,"enemies":"Jaw Worm","floor":10.0,"turns":1.0},{"damage":0.0,"enemies":"Looter","floor":12.0,"turns":1.0},{"damage":48.0,"enemies":"The Guardian","floor":16.0,"turns":8.0},{"damage":4.0,"enemies":"3 Byrds","floor":18.0,"turns":5.0},{"damage":2.0,"enemies":"2 Thieves","floor":19.0,"turns":3.0},{"damage":0.0,"enemies":"Centurion and Healer","floor":22.0,"turns":3.0},{"damage":9.0,"enemies":"Slavers","floor":23.0,"turns":6.0},{"damage":0,"enemies":"Shelled Parasite and Fungi","floor":29,"turns":1},{"damage":21,"enemies":"Gremlin Leader","floor":30,"turns":2},{"damage":11,"enemies":"Snake Plant","floor":31,"turns":2},{"damage":28,"enemies":"Collector","floor":33,"turns":4},{"damage":0,"enemies":"Orb Walker","floor":35,"turns":1},{"damage":10,"enemies":"3 Darklings","floor":38,"turns":3},{"damage":0,"enemies":"Transient","floor":39,"turns":5},{"damage":81,"enemies":"Reptomancer","floor":41,"turns":4},{"damage":0,"enemies":"Giant Head","floor":44,"turns":3},{"damage":13,"enemies":"2 Orb Walkers","floor":45,"turns":4},{"damage":0,"enemies":"4 Shapes","floor":47,"turns":2},{"damage":73,"enemies":"Time Eater","floor":50,"turns":7}],"seed_played":"5956216150221463580","potions_obtained":[{"floor":10.0,"key":"SpeedPotion"},{"floor":12.0,"key":"Regen Potion"},{"floor":16.0,"key":"LiquidBronze"},{"floor":22.0,"key":"GamblersBrew"},{"floor":31,"key":"FairyPotion"},{"floor":35,"key":"EssenceOfSteel"},{"floor":41,"key":"EssenceOfSteel"},{"floor":45,"key":"LiquidMemories"},{"floor":47,"key":"GamblersBrew"}],"is_trial":false,"path_per_floor":["M","T","?","M","$","R","E","R","T","M","?","M","R","$","R","B",null,"M","M","?","$","M","E","R","?","T","R","?","M","E","M","R","B",null,"M","?","$","M","M","R","E","R","T","E","?","R","M","?","R","B"],"character_chosen":"THE_SILENT","items_purchased":["Finesse"],"campfire_rested":4,"item_purchase_floors":[37],"current_hp_per_floor":[70,70,70,70,70,70,44,44,51,51,51,51,51,51,51,18,77,73,71,71,71,71,62,62,62,62,62,62,62,41,30,53,25,77,77,77,77,67,67,77,23,46,46,48,37,60,62,62,62,0,0],"gold":136,"neow_bonus":"RANDOM_COMMON_RELIC","is_daily":false,"chose_seed":false,"campfire_upgraded":6,"win_rate":0.0,"timestamp":1611422356,"path_taken":["M","?","?","?","$","R","E","R","T","M","?","M","R","$","R","BOSS","M","M","?","$","?","E","R","?","T","R","?","M","E","M","R","BOSS","M","?","?","M","?","R","E","R","T","E","?","R","M","?","R","BOSS"],"items_purchased_type":["Card"],"build_version":"2020-12-22","purchased_purges":4,"victory":false,"max_hp_per_floor":[70,70,70,70,70,70,70,70,77,77,77,77,77,77,77,77,77,77,77,77,77,77,77,77,77,77,77,77,77,77,77,77,77,77,77,77,77,77,77,77,77,77,77,77,77,77,77,77,77,77,77],"relic_stats":{"Blood Vial":8,"Dream Catcher":4,"Busted Crown":20,"Happy Flower":[5],"counters":[22,77],"Gambling Chip":[93],"HoveringKite":[48],"Nloth\u0027s Gift":3,"Whetstone":["Strike_G","Strike_G"],"Orichalcum":[90],"obtain_stats":[{"Happy Flower":41,"HoveringKite":17,"Incense Burner":44,"Whetstone":26,"Orichalcum":0,"Blood Vial":43,"Anchor":7,"Dream Catcher":26,"Matryoshka":23,"Busted Crown":34,"Ninja Scroll":30,"Gambling Chip":2,"Strawberry":9,"Nloth\u0027s Gift":20,"FossilizedHelix":45,"Ring of the Snake":0},{"Happy Flower":18,"HoveringKite":6,"Incense Burner":19,"Whetstone":10,"Orichalcum":0,"Blood Vial":18,"Anchor":3,"Dream Catcher":10,"Matryoshka":10,"Busted Crown":14,"Ninja Scroll":12,"Gambling Chip":1,"Strawberry":3,"Nloth\u0027s Gift":8,"FossilizedHelix":20,"Ring of the Snake":0},{"Happy Flower":61,"HoveringKite":22,"Incense Burner":64,"Whetstone":39,"Orichalcum":0,"Blood Vial":61,"Anchor":12,"Dream Catcher":39,"Matryoshka":39,"Busted Crown":48,"Ninja Scroll":42,"Gambling Chip":4,"Strawberry":12,"Nloth\u0027s Gift":30,"FossilizedHelix":68,"Ring of the Snake":0}],"Ring of the Snake":[44]},"card_choices":[{"not_picked":["Deflect","Accuracy"],"picked":"Underhanded Strike","floor":1.0},{"not_picked":["Expertise","Bane","Dagger Spray"],"picked":"SKIP","floor":4.0},{"not_picked":["Masterful Stab","Skewer"],"picked":"Prepared","floor":7.0},{"not_picked":["Choke","Leg Sweep"],"picked":"Reflex","floor":10.0},{"not_picked":["Prepared","Flying Knee"],"picked":"Acrobatics","floor":12.0},{"not_picked":["Blade Dance","Caltrops","Bouncing Flask"],"picked":"SKIP","floor":18.0},{"not_picked":["Prepared","Flying Knee","Dagger Throw"],"picked":"SKIP","floor":19.0},{"not_picked":["Finisher","PiercingWail+1","Dodge and Roll"],"picked":"SKIP","floor":22.0},{"not_picked":["Blade Dance","Doppelganger","Acrobatics+1"],"picked":"SKIP","floor":23.0},{"not_picked":["Sucker Punch","Deflect+1","Bullet Time"],"picked":"SKIP","floor":29},{"not_picked":["Slice+1","Night Terror","PiercingWail"],"picked":"SKIP","floor":30},{"not_picked":["Backstab+1","Blade Dance","Quick Slash"],"picked":"SKIP","floor":31},{"not_picked":["Setup","Riddle With Holes"],"picked":"Deflect+1","floor":32},{"not_picked":[],"picked":"Envenom","floor":35},{"not_picked":["Quick Slash+1"],"picked":"SKIP","floor":38},{"not_picked":["Riddle With Holes+1"],"picked":"SKIP","floor":39},{"not_picked":["Riddle With Holes+1"],"picked":"SKIP","floor":41},{"not_picked":[],"picked":"Escape Plan","floor":42},{"not_picked":["Endless Agony"],"picked":"SKIP","floor":44},{"not_picked":["Slice+1"],"picked":"SKIP","floor":47}],"player_experience":181474,"relics_obtained":[{"floor":2.0,"key":"Gambling Chip"},{"floor":7.0,"key":"Anchor"},{"floor":9.0,"key":"Strawberry"},{"floor":23.0,"key":"Matryoshka"},{"floor":26,"key":"Whetstone"},{"floor":26,"key":"Dream Catcher"},{"floor":30,"key":"Ninja Scroll"},{"floor":41,"key":"Happy Flower"},{"floor":43,"key":"Blood Vial"},{"floor":44,"key":"Incense Burner"},{"floor":45,"key":"FossilizedHelix"}],"event_choices":[{"damage_healed":0.0,"max_hp_gain":0.0,"max_hp_loss":0.0,"gold_gain":0.0,"cards_transformed":["Strike_G"],"event_name":"Transmorgrifier","player_choice":"Transformed","floor":3.0,"gold_loss":0.0,"damage_taken":0.0,"cards_obtained":["Terror"]},{"damage_healed":0.0,"max_hp_gain":0.0,"max_hp_loss":0.0,"gold_gain":0.0,"event_name":"Liars Game","player_choice":"Ignored","floor":11.0,"gold_loss":0.0,"damage_taken":0.0},{"damage_healed":0.0,"max_hp_gain":0.0,"max_hp_loss":0.0,"gold_gain":0.0,"event_name":"N\u0027loth","player_choice":"Traded Relic","floor":20.0,"relics_lost":["Anchor"],"gold_loss":0.0,"damage_taken":0.0,"relics_obtained":["Nloth\u0027s Gift"]},{"damage_healed":0,"gold_gain":0,"player_choice":"Ignored","damage_taken":0,"max_hp_gain":0,"max_hp_loss":0,"event_name":"Cursed Tome","floor":25,"gold_loss":0},{"damage_healed":0,"gold_gain":0,"player_choice":"Ignored","damage_taken":0,"max_hp_gain":0,"max_hp_loss":0,"event_name":"Vampires","floor":28,"gold_loss":0},{"damage_healed":0,"gold_gain":0,"player_choice":"Upgraded","damage_taken":0,"max_hp_gain":0,"max_hp_loss":0,"event_name":"Upgrade Shrine","floor":36,"gold_loss":0,"cards_upgraded":["Envenom"]},{"damage_healed":0,"gold_gain":0,"player_choice":"Fight","damage_taken":0,"max_hp_gain":0,"max_hp_loss":0,"event_name":"Mysterious Sphere","floor":45,"gold_loss":0},{"cards_removed":["Strike_G"],"damage_healed":0,"gold_gain":0,"player_choice":"Upgrade and Remove","damage_taken":0,"max_hp_gain":0,"max_hp_loss":0,"event_name":"Designer","floor":48,"gold_loss":90,"cards_upgraded":["Defend_G"]}],"is_beta":false,"boss_relics":[{"not_picked":["Runic Dome","Ring of the Serpent"],"picked":"HoveringKite"},{"not_picked":["Velvet Choker","Cursed Key"],"picked":"Busted Crown"}],"items_purged_floors":[5,14,21,37],"is_endless":false,"potions_floor_spawned":[10,12,16,22,31,35,41,45,47],"killed_by":"Time Eater","ascension_level":3}}