{"host":"ordk2y2ebcetabk6","time":1611387188,"event":{"mods":["AlwaysNeverKeys","Astrologer","Bard","BaseMod","Better Debug","Colored Map","Colored Powertips","Dark Map","Hermit","Highlight Path","Minty Spire (QoL Compilation)","Permanent Neow","Rare Cards Sparkle","Spire Arcade","StSLib","The Explorer","The Hydrologist"],"gold_per_floor":[119,75,75,0,75,75,85,85,131,158,195,77,93,112,112,217,217,217,217,217,217,72,72,72,22,22,22,22,22,22,22,22,22,22,22,22,22,22,22,22,22,22,22,22,22,22,22,22,22,22],"floor_reached":51,"language":"ENG","playtime":1878,"items_purged":["hydrologistmod:Strike_Hydrologist","hydrologistmod:Strike_Hydrologist"],"score":739,"play_id":"3e29c510-94b0-4041-881a-4abc5272340c","local_time":"20210123003308","is_ascension_mode":false,"campfire_choices":[{"data":"hydrologistmod:Debilitate","floor":6,"key":"SMITH"},{"data":"hydrologistmod:SoggySynthesis","floor":8,"key":"SMITH"},{"data":"hydrologistmod:GlacialStrike","floor":15,"key":"SMITH"},{"data":"hydrologistmod:SwelteringStrike","floor":23,"key":"SMITH"},{"data":"hydrologistmod:Scald","floor":28,"key":"SMITH"},{"data":"hydrologistmod:Debilitate","floor":32,"key":"SMITH"},{"data":"hydrologistmod:HotSprings","floor":40,"key":"SMITH"},{"floor":49,"key":"REST"}],"circlet_count":0,"master_deck":["hydrologistmod:FrostWhip+1","hydrologistmod:Defend_Hydrologist","hydrologistmod:Defend_Hydrologist","hydrologistmod:Defend_Hydrologist","hydrologistmod:UnstableDefend","hydrologistmod:UnstableDefend","hydrologistmod:Debilitate+1","hydrologistmod:SoggySynthesis+1","hydrologistmod:SwelteringStrike+1","hydrologistmod:Scald+1","hydrologistmod:GlacialStrike+1","hydrologistmod:Debilitate+1","hydrologistmod:SwelteringStrike+1","hydrologistmod:HotSprings+1"],"relics":["hydrologistmod:WaterPouch","Nunchaku","CeramicFish","Toy Ornithopter","Ectoplasm","Lantern","hydrologistmod:SpiritMask","Question Card","Boot","Sozu","Thread and Needle","Regal Pillow"],"acts_visited":["Exordium","TheCity","TheBeyond"],"potions_floor_usage":[18,27,33,42,50,50],"damage_taken":[{"damage":6,"enemies":"Jaw Worm","floor":1,"turns":3},{"damage":0,"enemies":"2 Louse","floor":7,"turns":2},{"damage":0,"enemies":"Cultist","floor":10,"turns":3},{"damage":6,"enemies":"Gremlin Nob","floor":11,"turns":3},{"damage":0,"enemies":"Lots of Slimes","floor":13,"turns":1},{"damage":2,"enemies":"Blue Slaver","floor":14,"turns":2},{"damage":6,"enemies":"Slime Boss","floor":16,"turns":5},{"damage":0,"enemies":"3 Byrds","floor":18,"turns":3},{"damage":0,"enemies":"Shell Parasite","floor":20,"turns":3},{"damage":1,"enemies":"Cultist and Chosen","floor":21,"turns":4},{"damage":3,"enemies":"Book of Stabbing","floor":24,"turns":3},{"damage":0,"enemies":"Slavers","floor":27,"turns":2},{"damage":14,"enemies":"Sentry and Sphere","floor":29,"turns":4},{"damage":0,"enemies":"Centurion and Healer","floor":30,"turns":2},{"damage":0,"enemies":"Shelled Parasite and Fungi","floor":31,"turns":2},{"damage":45,"enemies":"Automaton","floor":33,"turns":8},{"damage":1,"enemies":"Orb Walker","floor":35,"turns":3},{"damage":5,"enemies":"Mind Bloom Boss Battle","floor":36,"turns":4},{"damage":0,"enemies":"3 Shapes","floor":38,"turns":3},{"damage":0,"enemies":"Sphere and 2 Shapes","floor":41,"turns":2},{"damage":0,"enemies":"4 Shapes","floor":42,"turns":1},{"damage":15,"enemies":"Writhing Mass","floor":44,"turns":4},{"damage":10,"enemies":"Maw","floor":48,"turns":5},{"damage":53,"enemies":"Donu and Deca","floor":50,"turns":7}],"seed_played":"-8140224869005257925","potions_obtained":[{"floor":7,"key":"Block Potion"},{"floor":11,"key":"Explosive Potion"},{"floor":13,"key":"Explosive Potion"},{"floor":14,"key":"Strength Potion"},{"floor":21,"key":"ColorlessPotion"},{"floor":27,"key":"Explosive Potion"},{"floor":29,"key":"PowerPotion"},{"floor":33,"key":"SmokeBomb"}],"is_trial":false,"path_per_floor":["M","?","?","$","?","R","M","R","T","M","E","$","M","M","R","B",null,"M","?","M","M","$","R","E","?","T","E","R","M","M","M","R","B",null,"M","?","?","M","$","R","M","M","T","M","$","?","?","M","R","B",null],"character_chosen":"HYDROLOGIST_CLASS","items_purchased":["hydrologistmod:GlacialStrike","Lantern"],"campfire_rested":1,"item_purchase_floors":[12,22],"current_hp_per_floor":[71,71,64,64,57,57,57,57,57,57,51,51,51,49,49,43,77,77,77,77,76,76,76,73,73,73,77,77,63,63,63,63,23,77,76,71,71,71,71,71,71,76,76,61,61,61,61,51,77,24],"gold":22,"neow_bonus":"UPGRADE_CARD","is_daily":false,"chose_seed":false,"campfire_upgraded":7,"win_rate":0.0,"timestamp":1611387188,"path_taken":["M","?","?","$","?","R","?","R","T","M","E","$","?","M","R","BOSS","M","?","?","?","?","R","E","?","T","E","R","M","?","M","R","BOSS","M","?","?","M","$","R","M","?","T","M","$","?","?","M","R","BOSS"],"items_purchased_type":["Card","Relic"],"build_version":"2020-12-22","purchased_purges":2,"victory":true,"max_hp_per_floor":[77,77,77,77,77,77,77,77,77,77,77,77,77,77,77,77,77,77,77,77,77,77,77,77,77,77,77,77,77,77,77,77,77,77,77,77,77,77,77,77,77,77,77,77,77,77,77,77,77,77],"card_choices":[{"not_picked":["hydrologistmod:GhostlyMist","hydrologistmod:OccludingMist"],"picked":"hydrologistmod:Debilitate","floor":1},{"not_picked":["hydrologistmod:PureWater","hydrologistmod:Freeze"],"picked":"hydrologistmod:SoggySynthesis","floor":7},{"not_picked":["hydrologistmod:TidalWave","hydrologistmod:SoggySynthesis"],"picked":"hydrologistmod:SwelteringStrike","floor":10},{"not_picked":["hydrologistmod:Drench","hydrologistmod:DimensionalIcicles"],"picked":"hydrologistmod:Scald","floor":11},{"not_picked":["hydrologistmod:FreezeDry","hydrologistmod:Evaporation","hydrologistmod:SwelteringStrike"],"picked":"SKIP","floor":13},{"not_picked":["hydrologistmod:PurifyingSteam","hydrologistmod:DeepFreeze","hydrologistmod:Drench"],"picked":"SKIP","floor":14},{"not_picked":["hydrologistmod:Purify","hydrologistmod:Slurry"],"picked":"hydrologistmod:ScaldingGeyser","floor":16},{"not_picked":["hydrologistmod:JetPropulsion","hydrologistmod:SearingSynthesis","hydrologistmod:HighTide"],"picked":"SKIP","floor":18},{"not_picked":["hydrologistmod:Drench","hydrologistmod:GlacialSynthesis"],"picked":"hydrologistmod:Debilitate","floor":20},{"not_picked":["hydrologistmod:SearingSynthesis","hydrologistmod:Defrost"],"picked":"hydrologistmod:SwelteringStrike+1","floor":21},{"not_picked":["hydrologistmod:TidalWave+1","hydrologistmod:SoggySynthesis","hydrologistmod:CrystalSpear"],"picked":"SKIP","floor":24},{"not_picked":["hydrologistmod:SearingSynthesis","hydrologistmod:PurifyingSteam","hydrologistmod:Reservoir","hydrologistmod:Cascade"],"picked":"SKIP","floor":27},{"not_picked":["hydrologistmod:Hail","hydrologistmod:FlowingCurrents","hydrologistmod:StormFront","hydrologistmod:DimensionalIcicles"],"picked":"SKIP","floor":29},{"not_picked":["hydrologistmod:Dehydrate","hydrologistmod:FlowingCurrents","hydrologistmod:OccludingMist","hydrologistmod:SwelteringStrike"],"picked":"SKIP","floor":30},{"not_picked":["hydrologistmod:SteamPower+1","hydrologistmod:Evaporation","hydrologistmod:PressureBlast","hydrologistmod:Cascade"],"picked":"SKIP","floor":31},{"not_picked":["hydrologistmod:Upstream+1","hydrologistmod:Liquidation+1","hydrologistmod:Pneumatics","hydrologistmod:PressureBuildup"],"picked":"SKIP","floor":35},{"not_picked":["hydrologistmod:Cryogenics+1","hydrologistmod:Pneumatics+1","hydrologistmod:SearingSynthesis"],"picked":"hydrologistmod:HotSprings","floor":38},{"not_picked":["hydrologistmod:HeatBlast","hydrologistmod:SearingSynthesis","hydrologistmod:Drench+1","hydrologistmod:ScaldingGeyser"],"picked":"SKIP","floor":41},{"not_picked":["hydrologistmod:Liquidation","hydrologistmod:FrozenCapsule","hydrologistmod:DimensionalIcicles+1","hydrologistmod:PureWater+1"],"picked":"SKIP","floor":44},{"not_picked":["hydrologistmod:ViscousShell","hydrologistmod:StormFront+1","hydrologistmod:SteadyTide","hydrologistmod:SwelteringStrike"],"picked":"SKIP","floor":48}],"player_experience":1048461,"relics_obtained":[{"floor":9,"key":"CeramicFish"},{"floor":11,"key":"Toy Ornithopter"},{"floor":24,"key":"hydrologistmod:SpiritMask"},{"floor":26,"key":"Question Card"},{"floor":27,"key":"Boot"},{"floor":36,"key":"Thread and Needle"},{"floor":43,"key":"Regal Pillow"}],"event_choices":[{"cards_removed":["hydrologistmod:Strike_Hydrologist"],"damage_healed":0,"gold_gain":0,"player_choice":"Card Removal","damage_taken":0,"max_hp_gain":0,"max_hp_loss":0,"event_name":"The Cleric","floor":2,"gold_loss":50},{"damage_healed":0,"gold_gain":0,"player_choice":"Success","damage_taken":7,"relics_obtained":["Nunchaku"],"max_hp_gain":0,"max_hp_loss":0,"event_name":"Scrap Ooze","floor":3,"gold_loss":0},{"damage_healed":0,"gold_gain":75,"player_choice":"Touch","damage_taken":7,"max_hp_gain":0,"max_hp_loss":0,"event_name":"FaceTrader","floor":5,"gold_loss":0},{"cards_removed":["hydrologistmod:Hydraulics"],"damage_healed":0,"gold_gain":0,"player_choice":"Offered Basic","damage_taken":0,"max_hp_gain":0,"max_hp_loss":0,"event_name":"Bonfire Elementals","floor":19,"gold_loss":0},{"damage_healed":0,"gold_gain":0,"player_choice":"Bet on Owner","damage_taken":0,"max_hp_gain":0,"max_hp_loss":0,"event_name":"The Joust","floor":25,"gold_loss":50},{"damage_healed":0,"gold_gain":0,"player_choice":"Fight","damage_taken":0,"max_hp_gain":0,"max_hp_loss":0,"event_name":"MindBloom","floor":36,"gold_loss":0},{"damage_healed":0,"gold_gain":0,"player_choice":"0 cards matched","damage_taken":0,"max_hp_gain":0,"max_hp_loss":0,"event_name":"Match and Keep!","floor":37,"gold_loss":0,"cards_obtained":[]},{"cards_removed":["hydrologistmod:ScaldingGeyser"],"damage_healed":0,"gold_gain":0,"player_choice":"Removed Attack","damage_taken":0,"max_hp_gain":0,"max_hp_loss":0,"event_name":"Falling","floor":46,"gold_loss":0}],"is_beta":false,"boss_relics":[{"not_picked":["Runic Dome","SlaversCollar"],"picked":"Ectoplasm"},{"not_picked":["Cursed Key","Velvet Choker"],"picked":"Sozu"}],"items_purged_floors":[4,12],"is_endless":false,"potions_floor_spawned":[7,11,13,14,21,27,29,33,35,41,48],"ascension_level":0}}