{"host":"6q94iy5iz6612v89","time":1611409379,"event":{"mods":["AchievementEnabler","BaseMod","Colored Map","DeckTracker","Keyboard Shortcuts","Minty Spire (QoL Compilation)","Permanent Neow","StSLib","SuperFastMode"],"gold_per_floor":[114,126,146,71,71,71,100,100,100,112,128,147,147,174,174,174,174],"floor_reached":16,"language":"KOR","playtime":328,"items_purged":["Strike_R"],"score":224,"play_id":"5cc1d965-aecf-4d2a-a794-72090f3f6a2a","local_time":"20210123224259","is_ascension_mode":true,"campfire_choices":[{"data":"Carnage","floor":6,"key":"SMITH"},{"data":"Shrug It Off","floor":8,"key":"SMITH"},{"data":"Rampage","floor":13,"key":"SMITH"},{"data":"Strike_R","floor":15,"key":"PURGE"}],"circlet_count":0,"master_deck":["AscendersBane","Strike_R","Strike_R","Defend_R","Defend_R","Defend_R","Defend_R","Bash","Pommel Strike","Carnage+1","Shrug It Off+1","Barricade","Sword Boomerang","Rampage+1","Evolve"],"relics":["Burning Blood","Peace Pipe","Potion Belt","Turnip","Mango"],"acts_visited":["Exordium"],"potions_floor_usage":[12,14,16,16],"damage_taken":[{"damage":1,"enemies":"Cultist","floor":1,"turns":3},{"damage":5,"enemies":"2 Louse","floor":2,"turns":3},{"damage":8,"enemies":"Small Slimes","floor":3,"turns":3},{"damage":20,"enemies":"3 Sentries","floor":7,"turns":8},{"damage":1,"enemies":"Looter","floor":10,"turns":3},{"damage":10,"enemies":"3 Louse","floor":11,"turns":4},{"damage":19,"enemies":"Exordium Wildlife","floor":12,"turns":4},{"damage":20,"enemies":"Gremlin Nob","floor":14,"turns":4},{"damage":29,"enemies":"Hexaghost","floor":16,"turns":9}],"seed_played":"-7579400716931530987","potions_obtained":[{"floor":3,"key":"SkillPotion"},{"floor":7,"key":"BlessingOfTheForge"},{"floor":11,"key":"ColorlessPotion"},{"floor":14,"key":"AttackPotion"}],"is_trial":false,"path_per_floor":["M","M","M","$","?","R","E","R","T","M","M","M","R","E","R","B"],"character_chosen":"IRONCLAD","items_purchased":[],"campfire_rested":0,"item_purchase_floors":[],"current_hp_per_floor":[73,74,72,72,54,54,40,40,40,45,41,28,28,28,28,0,0],"gold":174,"neow_bonus":"REMOVE_CARD","is_daily":false,"chose_seed":false,"campfire_upgraded":3,"win_rate":0.0,"timestamp":1611409379,"path_taken":["M","M","?","$","?","R","E","R","T","M","M","M","R","E","R","BOSS"],"items_purchased_type":[],"build_version":"2020-12-22","purchased_purges":1,"victory":false,"max_hp_per_floor":[75,75,75,75,75,75,75,75,75,75,75,75,75,89,89,89,89],"card_choices":[{"not_picked":["Anger","Whirlwind"],"picked":"Pommel Strike","floor":1},{"not_picked":["Armaments","Heavy Blade"],"picked":"Carnage","floor":2},{"not_picked":["Sword Boomerang","Hemokinesis"],"picked":"Shrug It Off","floor":3},{"not_picked":["Armaments","Perfected Strike"],"picked":"Barricade","floor":7},{"not_picked":["Sword Boomerang","Havoc","Warcry"],"picked":"SKIP","floor":10},{"not_picked":["Sword Boomerang","Havoc","Warcry"],"picked":"SKIP","floor":10},{"not_picked":["Sword Boomerang","Havoc","Warcry"],"picked":"SKIP","floor":10},{"not_picked":["Havoc","Warcry"],"picked":"Sword Boomerang","floor":10},{"not_picked":["Headbutt","Rupture"],"picked":"Rampage","floor":11},{"not_picked":["Headbutt","Havoc","Warcry"],"picked":"SKIP","floor":12},{"not_picked":["Intimidate","Rupture"],"picked":"Evolve","floor":14}],"player_experience":1438999,"relics_obtained":[{"floor":7,"key":"Potion Belt"},{"floor":9,"key":"Turnip"},{"floor":14,"key":"Mango"}],"event_choices":[{"damage_healed":0,"gold_gain":0,"player_choice":"Success","damage_taken":18,"relics_obtained":["Peace Pipe"],"max_hp_gain":0,"max_hp_loss":0,"event_name":"Scrap Ooze","floor":5,"gold_loss":0}],"is_beta":false,"boss_relics":[],"items_purged_floors":[4],"is_endless":false,"potions_floor_spawned":[3,7,11,14],"killed_by":"Hexaghost","ascension_level":20}}