{"host":"Bilverbakes","time":1611445286,"event":{"mods":["2.2 Compatiblity","AchievementEnabler","BaseMod","Bestiary","Colored Map","Minty Spire (QoL Compilation)","Relic Stats","StSLib","ojb\u0027s Info Mod"],"gold_per_floor":[118,118,193,208,226,226,260,260,287,315,315,346,346,81,81,177,177,200,218,143,193,209,209,244,244,244,244,294,419,96,109,109,205,205,220,283,299,299,25,64,64,64,64,107,121,121,161,182,182,182,182,182,182,16,60,60],"floor_reached":57,"language":"ENG","playtime":4015,"items_purged":[],"score":3319,"play_id":"6c3a5f8a-6815-48bd-b94f-f27ab6ad1a80","local_time":"20210123174126","is_ascension_mode":true,"campfire_choices":[{"data":"Wraith Form v2","floor":6.0,"key":"SMITH"},{"data":"Dagger Spray","floor":8.0,"key":"SMITH"},{"floor":13.0,"key":"REST"},{"data":"Night Terror","floor":15.0,"key":"SMITH"},{"data":"Adrenaline","floor":23.0,"key":"SMITH"},{"data":"Tactician","floor":25.0,"key":"SMITH"},{"data":"Well Laid Plans","floor":32.0,"key":"SMITH"},{"data":"Reflex","floor":42.0,"key":"SMITH"},{"data":"Setup","floor":46.0,"key":"SMITH"},{"floor":49.0,"key":"RECALL"},{"data":"Acrobatics","floor":53.0,"key":"SMITH"}],"circlet_count":0,"master_deck":["AscendersBane","Strike_G","Strike_G","Defend_G","Defend_G","Survivor","Neutralize","Wraith Form v2+1","Night Terror+1","Predator","Dagger Spray+1","Skewer","Adrenaline+1","Phantasmal Killer+1","Flying Knee+1","Underhanded Strike+1","Dagger Throw","Dash+1","Dodge and Roll+1","Tactician+1","Underhanded Strike+1","Reflex+1","Well Laid Plans+1","Die Die Die+1","Setup+1","Acrobatics+1","Acrobatics+1","Riddle With Holes+1","Dagger Throw+1","Malaise","Terror","Prepared"],"relics":["Ring of the Snake","Vajra","Omamori","Pen Nib","Golden Idol","Gambling Chip","Mummified Hand","Astrolabe","Molten Egg 2","Question Card","Art of War","Tough Bandages","Kunai","Anchor","Philosopher\u0027s Stone","Mango","Shuriken","Blue Candle","Singing Bowl","StrikeDummy","OrangePellets","Bag of Marbles"],"acts_visited":["Exordium","TheCity","TheBeyond","TheEnding"],"potions_floor_usage":[],"damage_taken":[{"damage":4.0,"enemies":"Small Slimes","floor":1.0,"turns":6.0},{"damage":4.0,"enemies":"Jaw Worm","floor":4.0,"turns":6.0},{"damage":0.0,"enemies":"2 Louse","floor":5.0,"turns":2.0},{"damage":10.0,"enemies":"Gremlin Nob","floor":7.0,"turns":6.0},{"damage":12.0,"enemies":"3 Sentries","floor":10.0,"turns":7.0},{"damage":2.0,"enemies":"Gremlin Nob","floor":12.0,"turns":5.0},{"damage":18.0,"enemies":"The Guardian","floor":16.0,"turns":12.0},{"damage":0.0,"enemies":"Chosen","floor":18.0,"turns":2.0},{"damage":6.0,"enemies":"Shell Parasite","floor":19.0,"turns":5.0},{"damage":9.0,"enemies":"Shelled Parasite and Fungi","floor":22.0,"turns":4.0},{"damage":0.0,"enemies":"Gremlin Leader","floor":24.0,"turns":5.0},{"damage":1.0,"enemies":"Colosseum Slavers","floor":29.0,"turns":4.0},{"damage":0.0,"enemies":"Colosseum Nobs","floor":29.0,"turns":3.0},{"damage":1.0,"enemies":"Centurion and Healer","floor":31.0,"turns":3.0},{"damage":20.0,"enemies":"Collector","floor":33.0,"turns":8.0},{"damage":0.0,"enemies":"3 Darklings","floor":35.0,"turns":2.0},{"damage":0.0,"enemies":"2 Orb Walkers","floor":36.0,"turns":5.0},{"damage":16.0,"enemies":"3 Shapes","floor":37.0,"turns":3.0},{"damage":0.0,"enemies":"Giant Head","floor":40.0,"turns":5.0},{"damage":0.0,"enemies":"Reptomancer","floor":44.0,"turns":3.0},{"damage":0.0,"enemies":"Writhing Mass","floor":45.0,"turns":4.0},{"damage":0.0,"enemies":"Nemesis","floor":47.0,"turns":3.0},{"damage":0.0,"enemies":"3 Darklings","floor":48.0,"turns":1.0},{"damage":0.0,"enemies":"Time Eater","floor":50.0,"turns":7.0},{"damage":0.0,"enemies":"Awakened One","floor":51.0,"turns":9.0},{"damage":0.0,"enemies":"Shield and Spear","floor":55.0,"turns":8.0},{"damage":0,"enemies":"The Heart","floor":56,"turns":7}],"seed_played":"1171835275856417006","potions_obtained":[{"floor":4.0,"key":"Swift Potion"},{"floor":5.0,"key":"SpeedPotion"},{"floor":12.0,"key":"Block Potion"},{"floor":19.0,"key":"SmokeBomb"},{"floor":24.0,"key":"EntropicBrew"},{"floor":33.0,"key":"Strength Potion"},{"floor":35.0,"key":"ColorlessPotion"},{"floor":44.0,"key":"Swift Potion"},{"floor":47.0,"key":"SteroidPotion"}],"is_trial":false,"path_per_floor":["M","?","?","M","M","R","E","R","T","E","?","E","R","$","R","B",null,"M","M","?","?","M","R","E","R","T","?","?","?","$","M","R","B",null,"M","?","M","?","$","E","$","R","T","E","M","R","E","M","R","B","B",null,"R","$","E","B",null],"character_chosen":"THE_SILENT","items_purchased":["Mummified Hand","Reflex","Anchor","Well Laid Plans","Shuriken","OrangePellets"],"campfire_rested":1,"item_purchase_floors":[14,30,30,30,39,54],"current_hp_per_floor":[40,40,29,25,25,25,15,15,15,3,3,1,19,19,19,1,45,45,39,39,39,30,30,30,30,30,30,30,29,29,28,28,8,47,47,61,45,74,74,74,74,74,74,76,76,76,76,76,76,76,76,76,76,76,76,76],"gold":60,"neow_bonus":"TRANSFORM_TWO_CARDS","is_daily":false,"chose_seed":false,"campfire_upgraded":9,"win_rate":0.0,"timestamp":1611445286,"path_taken":["M","?","?","M","M","R","E","R","T","E","?","E","R","$","R","BOSS","M","M","?","?","?","R","E","R","T","?","?","?","$","M","R","BOSS","M","?","M","?","$","E","$","R","T","E","M","R","E","M","R","BOSS","BOSS","R","$","E","BOSS"],"items_purchased_type":["Relic","Card","Relic","Card","Relic","Relic"],"build_version":"2020-12-18","purchased_purges":0,"victory":true,"max_hp_per_floor":[66,66,66,66,66,66,66,66,66,66,60,60,60,60,60,60,60,60,60,60,60,60,60,60,60,60,60,60,60,60,60,60,60,60,60,74,74,74,74,74,74,74,74,76,76,76,76,76,76,76,76,76,76,76,76,76],"relic_stats":{"Singing Bowl":2,"counters":[27,135],"Golden Idol":210,"Astrolabe":["Phantasmal Killer","Flying Knee","Underhanded Strike"],"Blue Candle":[0],"Pen Nib":[26],"Question Card":12,"OrangePellets":[8],"Tough Bandages":[378],"Mummified Hand":[83],"Shuriken":[31],"Gambling Chip":[85],"Art of War":[7],"Kunai":[40],"obtain_stats":[{"Singing Bowl":44,"Golden Idol":11,"Astrolabe":17,"Blue Candle":40,"Vajra":7,"Mango":36,"Pen Nib":10,"Omamori":9,"Question Card":26,"OrangePellets":54,"Tough Bandages":29,"Anchor":30,"Mummified Hand":14,"Shuriken":39,"Gambling Chip":12,"Molten Egg 2":24,"Philosopher\u0027s Stone":34,"Art of War":27,"Bag of Marbles":55,"Kunai":29,"StrikeDummy":47,"Ring of the Snake":0},{"Singing Bowl":20,"Golden Idol":5,"Astrolabe":7,"Blue Candle":19,"Vajra":4,"Mango":17,"Pen Nib":5,"Omamori":4,"Question Card":11,"OrangePellets":25,"Tough Bandages":13,"Anchor":13,"Mummified Hand":6,"Shuriken":18,"Gambling Chip":6,"Molten Egg 2":11,"Philosopher\u0027s Stone":15,"Art of War":11,"Bag of Marbles":26,"Kunai":13,"StrikeDummy":22,"Ring of the Snake":0},{"Singing Bowl":96,"Golden Idol":27,"Astrolabe":44,"Blue Candle":93,"Vajra":20,"Mango":85,"Pen Nib":27,"Omamori":20,"Question Card":60,"OrangePellets":120,"Tough Bandages":67,"Anchor":67,"Mummified Hand":32,"Shuriken":88,"Gambling Chip":32,"Molten Egg 2":60,"Philosopher\u0027s Stone":78,"Art of War":60,"Bag of Marbles":128,"Kunai":67,"StrikeDummy":103,"Ring of the Snake":0}],"Ring of the Snake":[54]},"card_choices":[{"not_picked":["Dagger Spray","Outmaneuver"],"picked":"Predator","floor":1.0},{"not_picked":["Expertise","Setup"],"picked":"Dagger Spray","floor":4.0},{"not_picked":["Dodge and Roll","PiercingWail","Underhanded Strike"],"picked":"SKIP","floor":5.0},{"not_picked":["Choke","Cloak And Dagger"],"picked":"Noxious Fumes","floor":7.0},{"not_picked":["Riddle With Holes","Dagger Spray"],"picked":"Skewer","floor":10.0},{"not_picked":["Deflect","Bane","Slice"],"picked":"SKIP","floor":12.0},{"not_picked":["Phantasmal Killer","Night Terror"],"picked":"Adrenaline","floor":16.0},{"not_picked":["Finisher","Outmaneuver"],"picked":"Dagger Throw","floor":18.0},{"not_picked":["Masterful Stab","Setup"],"picked":"Dash+1","floor":19.0},{"not_picked":["Blur","Dagger Throw"],"picked":"Dodge and Roll+1","floor":22.0},{"not_picked":["Backflip","Reflex"],"picked":"Tactician","floor":24.0},{"not_picked":["PiercingWail","Predator+1","Blur+1"],"picked":"Underhanded Strike+1","floor":29.0},{"not_picked":["Backflip","Dagger Spray+1","Dodge and Roll","Slice+1"],"picked":"SKIP","floor":31.0},{"not_picked":["Burst","Venomology","Doppelganger"],"picked":"Die Die Die+1","floor":33.0},{"not_picked":["Underhanded Strike+1","Poisoned Stab+1","Dagger Spray+1"],"picked":"Setup","floor":35.0},{"not_picked":["Catalyst","Reflex","Finisher+1"],"picked":"Acrobatics","floor":36.0},{"not_picked":["Dagger Throw+1","Concentrate+1","Endless Agony+1"],"picked":"Acrobatics+1","floor":37.0},{"not_picked":["Corpse Explosion","Well Laid Plans","Bane+1"],"picked":"Riddle With Holes+1","floor":40.0},{"not_picked":["All Out Attack+1","Catalyst","Heel Hook+1","Choke+1"],"picked":"Singing Bowl","floor":44.0},{"not_picked":["Outmaneuver","Prepared","Deadly Poison"],"picked":"Dagger Throw+1","floor":45.0},{"not_picked":["Finisher+1","Noxious Fumes","Well Laid Plans"],"picked":"Malaise","floor":47.0},{"not_picked":["Leg Sweep","Bane+1","Dagger Spray+1"],"picked":"Terror","floor":48.0},{"not_picked":["All Out Attack+1","Distraction","Quick Slash+1"],"picked":"Prepared","floor":55.0}],"player_experience":788493,"relics_obtained":[{"floor":7.0,"key":"Vajra"},{"floor":9.0,"key":"Omamori"},{"floor":10.0,"key":"Pen Nib"},{"floor":12.0,"key":"Gambling Chip"},{"floor":24.0,"key":"Molten Egg 2"},{"floor":26.0,"key":"Question Card"},{"floor":29.0,"key":"Tough Bandages"},{"floor":29.0,"key":"Kunai"},{"floor":36.0,"key":"Mango"},{"floor":40.0,"key":"Blue Candle"},{"floor":44.0,"key":"Singing Bowl"},{"floor":47.0,"key":"StrikeDummy"},{"floor":55.0,"key":"Bag of Marbles"}],"event_choices":[{"damage_healed":0.0,"max_hp_gain":0.0,"max_hp_loss":0.0,"gold_gain":0.0,"event_name":"Liars Game","player_choice":"Ignored","floor":2.0,"gold_loss":0.0,"damage_taken":0.0},{"damage_healed":0.0,"max_hp_gain":0.0,"max_hp_loss":0.0,"gold_gain":75.0,"event_name":"World of Goop","player_choice":"Gather Gold","floor":3.0,"gold_loss":0.0,"damage_taken":11.0},{"damage_healed":0.0,"max_hp_gain":0.0,"max_hp_loss":6.0,"gold_gain":0.0,"event_name":"Golden Idol","player_choice":"Lose Max HP","floor":11.0,"gold_loss":0.0,"damage_taken":0.0,"relics_obtained":["Golden Idol"]},{"cards_removed":["Defend_G"],"damage_healed":0.0,"max_hp_gain":0.0,"max_hp_loss":0.0,"gold_gain":0.0,"event_name":"Beggar","player_choice":"Gave Gold","floor":20.0,"gold_loss":75.0,"damage_taken":0.0},{"damage_healed":0.0,"max_hp_gain":0.0,"max_hp_loss":0.0,"gold_gain":100.0,"event_name":"The Joust","player_choice":"Bet on Murderer","floor":21.0,"gold_loss":50.0,"damage_taken":0.0},{"damage_healed":0.0,"max_hp_gain":0.0,"max_hp_loss":0.0,"gold_gain":0.0,"event_name":"The Mausoleum","player_choice":"Opened","floor":27.0,"gold_loss":0.0,"damage_taken":0.0,"relics_obtained":["Art of War"],"cards_obtained":["Writhe"]},{"damage_healed":0.0,"max_hp_gain":0.0,"max_hp_loss":0.0,"gold_gain":50.0,"event_name":"Nest","player_choice":"Stole From Cult","floor":28.0,"gold_loss":0.0,"damage_taken":0.0},{"damage_healed":0.0,"max_hp_gain":0.0,"max_hp_loss":0.0,"gold_gain":0.0,"event_name":"Colosseum","player_choice":"Fight","floor":29.0,"gold_loss":0.0,"damage_taken":0.0},{"damage_healed":0.0,"max_hp_gain":0.0,"max_hp_loss":0.0,"gold_gain":0.0,"event_name":"Colosseum","player_choice":"Fought Nobs","floor":29.0,"gold_loss":0.0,"damage_taken":0.0},{"damage_healed":0.0,"max_hp_gain":0.0,"max_hp_loss":0.0,"gold_gain":0.0,"event_name":"Mysterious Sphere","player_choice":"Fight","floor":36.0,"gold_loss":0.0,"damage_taken":0.0},{"cards_removed":["Noxious Fumes"],"damage_healed":29.0,"max_hp_gain":0.0,"max_hp_loss":0.0,"gold_gain":0.0,"event_name":"Bonfire Elementals","player_choice":"Offered Uncommon","floor":38.0,"gold_loss":0.0,"damage_taken":0.0}],"is_beta":true,"boss_relics":[{"not_picked":["Ring of the Serpent","SlaversCollar"],"picked":"Astrolabe"},{"not_picked":["WristBlade","Empty Cage"],"picked":"Philosopher\u0027s Stone"}],"items_purged_floors":[],"is_endless":false,"potions_floor_spawned":[4,5,12,19,24,33,35,36,44,45,47],"ascension_level":20}}