{"host":"l15sdf2mmi0nobpi","time":1611409528,"event":{"mods":["ATMod(°¢èªMod)","BaseMod","Highlight Path","Minty Spire (QoL Compilation)","Quick Restart","StSLib","¡¾¹¦ÄÜMod¡¿Neow½±Àø"],"gold_per_floor":[111,36,36,52,52,52,87,87,87,87,107,148,163,186,186,284,284,309,329,329,345,366,409,409,433,458,471,514,514,548,973,973,1069,1069,1084,1084,1108,1121,1141,1181,1201,1234,1234,1268,1268,1324,1412,1035,1035,1060,1110,1110,1110,218,306,331],"floor_reached":57,"language":"ZHS","playtime":1972,"items_purged":["Injury","Strike_R","Strike_R"],"score":3138,"play_id":"80273399-0503-42df-b95e-c6c4b963a654","local_time":"20210123214528","is_ascension_mode":true,"campfire_choices":[{"data":"AT_MachinaRedman","floor":6.0,"key":"SMITH"},{"data":"Bludgeon","floor":8.0,"key":"SMITH"},{"data":"AT_BodySlamDance","floor":15.0,"key":"SMITH"},{"data":"Feel No Pain","floor":29.0,"key":"SMITH"},{"data":"Pommel Strike","floor":32.0,"key":"SMITH"},{"floor":45.0,"key":"RECALL"},{"data":"AT_BodySlamDance","floor":49.0,"key":"SMITH"},{"data":"Evolve","floor":53.0,"key":"SMITH"}],"circlet_count":0,"master_deck":["AscendersBane","Strike_R","Strike_R","Defend_R","Defend_R+1","Defend_R+1","Defend_R","Bash","AT_MachinaRedman+1","Bludgeon+1","Pommel Strike+1","AT_BodySlamDance+1","Battle Trance","Feel No Pain+1","Corruption","AT_BodySlamDance+1","Shrug It Off","AT_BodySlamDance","AT_BodySlamDance","AT_ShrugMaster","Shockwave","Evolve+1","AT_ShrugMaster","Entrench+1","Barricade","AT_ShrugMaster","Master of Strategy"],"relics":["Burning Blood","AT_ATBox","Golden Idol","AT_DeathDance","AT_ForceNature","Eternal Feather","Snecko Eye","War Paint","Happy Flower","Akabeko","Toy Ornithopter","Old Coin","Bottled Flame","Runic Dome","Omamori","Pocketwatch","Ancient Tea Set","AT_MibuBalloonWealth","PreservedInsect","Ornamental Fan","Pantograph","Lee\u0027s Waffle","Centennial Puzzle"],"acts_visited":["Exordium","TheCity","TheBeyond","TheEnding"],"potions_floor_usage":[56,56],"damage_taken":[{"damage":0.0,"enemies":"2 Louse","floor":1.0,"turns":3.0},{"damage":8.0,"enemies":"Small Slimes","floor":4.0,"turns":2.0},{"damage":15.0,"enemies":"3 Sentries","floor":7.0,"turns":5.0},{"damage":4.0,"enemies":"Jaw Worm","floor":11.0,"turns":2.0},{"damage":0.0,"enemies":"Lagavulin","floor":12.0,"turns":4.0},{"damage":4.0,"enemies":"Large Slime","floor":13.0,"turns":2.0},{"damage":1.0,"enemies":"3 Louse","floor":14.0,"turns":1.0},{"damage":5.0,"enemies":"Hexaghost","floor":16.0,"turns":4.0},{"damage":0.0,"enemies":"Chosen","floor":18.0,"turns":3.0},{"damage":2.0,"enemies":"3 Byrds","floor":19.0,"turns":3.0},{"damage":11.0,"enemies":"Centurion and Healer","floor":21.0,"turns":3.0},{"damage":10.0,"enemies":"Shelled Parasite and Fungi","floor":22.0,"turns":3.0},{"damage":6.0,"enemies":"Book of Stabbing","floor":23.0,"turns":2.0},{"damage":8.0,"enemies":"Snake Plant","floor":25.0,"turns":2.0},{"damage":5.0,"enemies":"Chosen and Byrds","floor":27.0,"turns":4.0},{"damage":0.0,"enemies":"Slavers","floor":28.0,"turns":1.0},{"damage":14.0,"enemies":"Gremlin Leader","floor":30.0,"turns":3.0},{"damage":10.0,"enemies":"Colosseum Slavers","floor":31.0,"turns":3.0},{"damage":0.0,"enemies":"Colosseum Nobs","floor":31.0,"turns":3.0},{"damage":3.0,"enemies":"Champ","floor":33.0,"turns":2.0},{"damage":0.0,"enemies":"3 Shapes","floor":35.0,"turns":1.0},{"damage":3.0,"enemies":"3 Darklings","floor":37.0,"turns":3.0},{"damage":0.0,"enemies":"Jaw Worm Horde","floor":38.0,"turns":3.0},{"damage":5.0,"enemies":"Writhing Mass","floor":39.0,"turns":3.0},{"damage":6.0,"enemies":"Reptomancer","floor":40.0,"turns":3.0},{"damage":0.0,"enemies":"Maw","floor":41.0,"turns":2.0},{"damage":3.0,"enemies":"Nemesis","floor":42.0,"turns":3.0},{"damage":0.0,"enemies":"Reptomancer","floor":44.0,"turns":3.0},{"damage":9.0,"enemies":"Nemesis","floor":46.0,"turns":3.0},{"damage":22.0,"enemies":"Jaw Worm Horde","floor":47.0,"turns":2.0},{"damage":6.0,"enemies":"Time Eater","floor":50.0,"turns":6.0},{"damage":11.0,"enemies":"Donu and Deca","floor":51.0,"turns":5.0},{"damage":0.0,"enemies":"Shield and Spear","floor":55.0,"turns":2.0},{"damage":15,"enemies":"The Heart","floor":56,"turns":7}],"seed_played":"1540020821424324968","potions_obtained":[{"floor":1.0,"key":"PowerPotion"},{"floor":4.0,"key":"SkillPotion"},{"floor":12.0,"key":"Regen Potion"},{"floor":18.0,"key":"SkillPotion"},{"floor":23.0,"key":"BlessingOfTheForge"},{"floor":30.0,"key":"ColorlessPotion"},{"floor":31.0,"key":"GamblersBrew"},{"floor":40.0,"key":"DuplicationPotion"},{"floor":44.0,"key":"AttackPotion"}],"is_trial":false,"path_per_floor":["M","$","?","M","?","R","E","R","T","?","M","E","M","M","R","B",null,"M","M","?","M","M","E","?","M","T","M","E","R","E","?","R","B",null,"M","?","M","M","M","E","M","E","T","E","R","E","M","$","R","B","B",null,"R","$","E","B",null],"character_chosen":"IRONCLAD","items_purchased":["Ornamental Fan","AT_ShrugMaster","Pantograph","Lee\u0027s Waffle","Master of Strategy","DistilledChaos"],"campfire_rested":0,"item_purchase_floors":[48,54,54,54,54,54],"current_hp_per_floor":[74,74,48,46,51,51,42,42,42,32,34,40,42,47,56,57,74,80,80,80,75,71,71,71,69,69,70,76,80,72,74,80,80,80,80,80,80,80,80,80,80,80,80,80,80,77,61,61,76,76,71,78,80,87,87,81],"gold":331,"neow_bonus":"THREE_RARE_CARDS","is_daily":false,"chose_seed":false,"campfire_upgraded":7,"win_rate":0.0,"timestamp":1611409528,"path_taken":["M","$","?","M","?","R","E","R","T","?","M","E","M","M","R","BOSS","M","M","?","M","M","E","?","M","T","M","E","R","E","?","R","BOSS","M","?","M","M","M","E","M","E","T","E","R","E","M","$","R","BOSS","BOSS","R","$","E","BOSS"],"items_purchased_type":["Relic","Card","Relic","Relic","Card","Potion"],"build_version":"2020-12-22","purchased_purges":3,"victory":true,"max_hp_per_floor":[75,75,75,75,80,80,80,80,80,80,80,80,80,80,80,80,80,80,80,80,80,80,80,80,80,80,80,80,80,80,80,80,80,80,80,80,80,80,80,80,80,80,80,80,80,80,80,80,80,80,80,80,80,87,87,87],"card_choices":[{"not_picked":["Impervious","Berserk"],"picked":"Bludgeon","floor":0.0},{"not_picked":["Metallicize","Headbutt"],"picked":"Pommel Strike","floor":1.0},{"not_picked":["Anger","Twin Strike"],"picked":"AT_BodySlamDance","floor":4.0},{"not_picked":["Warcry","Thunderclap","Seeing Red"],"picked":"SKIP","floor":7.0},{"not_picked":["Ghostly Armor","Iron Wave"],"picked":"Battle Trance","floor":11.0},{"not_picked":["Ghostly Armor","AT_IchimonjiDouble"],"picked":"Feel No Pain","floor":12.0},{"not_picked":["Sword Boomerang","Body Slam","Whirlwind"],"picked":"SKIP","floor":13.0},{"not_picked":["Flame Barrier","Dual Wield","Carnage"],"picked":"SKIP","floor":14.0},{"not_picked":["Flame Barrier","Dual Wield","Carnage"],"picked":"SKIP","floor":14.0},{"not_picked":["Exhume","Feed"],"picked":"Corruption","floor":16.0},{"not_picked":["Sword Boomerang","Pummel"],"picked":"AT_BodySlamDance","floor":18.0},{"not_picked":["Wild Strike+1","Intimidate","Cleave"],"picked":"SKIP","floor":19.0},{"not_picked":["Anger","Entrench"],"picked":"Shrug It Off","floor":21.0},{"not_picked":["Cleave","Clash","Clothesline"],"picked":"SKIP","floor":22.0},{"not_picked":["Limit Break","Intimidate"],"picked":"AT_BodySlamDance","floor":23.0},{"not_picked":["AT_IchimonjiDouble","AT_BodySlamDance"],"picked":"AT_ShrugMaster","floor":25.0},{"not_picked":["Heavy Blade","Body Slam","Carnage"],"picked":"SKIP","floor":27.0},{"not_picked":["Inflame","Ghostly Armor"],"picked":"Shockwave","floor":28.0},{"not_picked":["Warcry","Thunderclap","Headbutt"],"picked":"SKIP","floor":30.0},{"not_picked":["Carnage","Perfected Strike"],"picked":"Evolve","floor":31.0},{"not_picked":["Rupture+1","Blood for Blood"],"picked":"AT_ShrugMaster","floor":35.0},{"not_picked":["Twin Strike","Iron Wave","Armaments"],"picked":"SKIP","floor":37.0},{"not_picked":["Flex","Iron Wave+1","True Grit"],"picked":"SKIP","floor":38.0},{"not_picked":["Uppercut","Ghostly Armor","Perfected Strike"],"picked":"SKIP","floor":39.0},{"not_picked":["Sword Boomerang","Headbutt+1","Anger+1"],"picked":"SKIP","floor":40.0},{"not_picked":["Entrench+1","Rampage","Wild Strike"],"picked":"SKIP","floor":41.0},{"not_picked":["Rampage","Wild Strike"],"picked":"Entrench+1","floor":41.0},{"not_picked":["Thunderclap","Bloodletting"],"picked":"Barricade","floor":42.0},{"not_picked":["Armaments","Perfected Strike","Anger"],"picked":"SKIP","floor":44.0},{"not_picked":["Dropkick+1","Uppercut","Reckless Charge"],"picked":"SKIP","floor":46.0},{"not_picked":["Thunderclap","True Grit","Sever Soul"],"picked":"SKIP","floor":47.0},{"not_picked":["Havoc","Wild Strike+1","Bloodletting"],"picked":"SKIP","floor":55.0}],"player_experience":492109,"relics_obtained":[{"floor":7.0,"key":"AT_DeathDance"},{"floor":12.0,"key":"Eternal Feather"},{"floor":23.0,"key":"War Paint"},{"floor":26.0,"key":"Happy Flower"},{"floor":28.0,"key":"Akabeko"},{"floor":30.0,"key":"Toy Ornithopter"},{"floor":31.0,"key":"Old Coin"},{"floor":31.0,"key":"Bottled Flame"},{"floor":40.0,"key":"Omamori"},{"floor":42.0,"key":"Pocketwatch"},{"floor":43.0,"key":"Ancient Tea Set"},{"floor":44.0,"key":"AT_MibuBalloonWealth"},{"floor":46.0,"key":"PreservedInsect"},{"floor":55.0,"key":"Centennial Puzzle"}],"event_choices":[{"damage_healed":0.0,"max_hp_gain":0.0,"max_hp_loss":0.0,"gold_gain":0.0,"event_name":"Golden Idol","player_choice":"Take Damage","floor":3.0,"gold_loss":0.0,"damage_taken":26.0,"relics_obtained":["Golden Idol"]},{"damage_healed":0.0,"max_hp_gain":5.0,"max_hp_loss":0.0,"gold_gain":0.0,"event_name":"Big Fish","player_choice":"Donut","floor":5.0,"gold_loss":0.0,"damage_taken":0.0},{"damage_healed":0.0,"max_hp_gain":0.0,"max_hp_loss":0.0,"gold_gain":0.0,"event_name":"Scrap Ooze","player_choice":"Success","floor":10.0,"gold_loss":0.0,"damage_taken":18.0,"relics_obtained":["AT_ForceNature"]},{"cards_removed":["Strike_R"],"damage_healed":0.0,"max_hp_gain":0.0,"max_hp_loss":0.0,"gold_gain":0.0,"event_name":"Back to Basics","player_choice":"Elegance","floor":20.0,"gold_loss":0.0,"damage_taken":0.0},{"damage_healed":0.0,"max_hp_gain":0.0,"max_hp_loss":0.0,"gold_gain":0.0,"event_name":"The Library","player_choice":"Read","floor":24.0,"gold_loss":0.0,"damage_taken":0.0,"cards_obtained":["AT_BodySlamDance"]},{"damage_healed":0.0,"max_hp_gain":0.0,"max_hp_loss":0.0,"gold_gain":0.0,"event_name":"Colosseum","player_choice":"Fight","floor":31.0,"gold_loss":0.0,"damage_taken":0.0},{"damage_healed":0.0,"max_hp_gain":0.0,"max_hp_loss":0.0,"gold_gain":0.0,"event_name":"Colosseum","player_choice":"Fought Nobs","floor":31.0,"gold_loss":0.0,"damage_taken":0.0},{"damage_healed":0.0,"max_hp_gain":0.0,"max_hp_loss":0.0,"gold_gain":0.0,"event_name":"Tomb of Lord Red Mask","player_choice":"Ignored","floor":36.0,"gold_loss":0.0,"damage_taken":0.0}],"is_beta":false,"boss_relics":[{"not_picked":["Pandora\u0027s Box","Mark of Pain"],"picked":"Snecko Eye"},{"not_picked":["SacredBark","Sozu"],"picked":"Runic Dome"}],"items_purged_floors":[2,48,54],"is_endless":false,"potions_floor_spawned":[1,4,12,13,18,19,23,30,31,31,33,39,40,42,44,47,55],"ascension_level":20}}