{"host":"gljy4mbx9bkek1cy","time":1611409344,"event":{"mods":["BaseMod","Better Note","Colored Powertips","Minty Spire (QoL Compilation)","Quick Restart","Rare Cards Sparkle","StSLib"],"gold_per_floor":[119,135,151,151,42,42,61,95,177,177,193,211,228,243,243,348,348,365,365,15,25,39,39,39,59,138,167,167,198,198,214,214,214,214],"floor_reached":33,"language":"ENG","playtime":2490,"items_purged":["Strike_R","Bash"],"score":476,"play_id":"73c9477c-cf40-4977-9738-2bdf50113d21","local_time":"20210123144224","is_ascension_mode":true,"campfire_choices":[{"data":"Uppercut","floor":6.0,"key":"SMITH"},{"data":"Strike_R","floor":10.0,"key":"PURGE"},{"data":"Strike_R","floor":15.0,"key":"PURGE"},{"data":"Strike_R","floor":23,"key":"PURGE"},{"floor":28,"key":"REST"},{"floor":30,"key":"RECALL"},{"data":"Defend_R","floor":32,"key":"PURGE"}],"circlet_count":0,"master_deck":["AscendersBane","Defend_R","Defend_R","Defend_R","Demon Form","Searing Blow+1","Twin Strike","Uppercut+1","Sentinel","Offering","True Grit+1","Heavy Blade","Feed","Flex+1","Reaper","Armaments+1","Battle Trance+1","Feel No Pain","Swift Strike","Warcry","Rage","Dark Embrace+1","Pommel Strike","Perfected Strike+1"],"relics":["Burning Blood","Peace Pipe","Singing Bowl","Busted Crown","Ornamental Fan","Red Skull","War Paint"],"acts_visited":[],"potions_floor_usage":[18,27,29],"damage_taken":[{"damage":14.0,"enemies":"Jaw Worm","floor":1.0,"turns":3.0},{"damage":10.0,"enemies":"Small Slimes","floor":2.0,"turns":4.0},{"damage":5.0,"enemies":"Cultist","floor":3.0,"turns":4.0},{"damage":6.0,"enemies":"2 Fungi Beasts","floor":7.0,"turns":2.0},{"damage":36.0,"enemies":"Lagavulin","floor":8.0,"turns":7.0},{"damage":12.0,"enemies":"Looter","floor":11.0,"turns":3.0},{"damage":5.0,"enemies":"Blue Slaver","floor":12.0,"turns":5.0},{"damage":6.0,"enemies":"2 Fungi Beasts","floor":13.0,"turns":3.0},{"damage":9.0,"enemies":"Exordium Thugs","floor":14.0,"turns":4.0},{"damage":27.0,"enemies":"Slime Boss","floor":16.0,"turns":6.0},{"damage":1,"enemies":"Spheric Guardian","floor":18,"turns":3},{"damage":17,"enemies":"Chosen","floor":21,"turns":5},{"damage":25,"enemies":"Snecko","floor":22,"turns":6},{"damage":24,"enemies":"Chosen and Byrds","floor":25,"turns":6},{"damage":44,"enemies":"Slavers","floor":27,"turns":9},{"damage":17,"enemies":"Book of Stabbing","floor":29,"turns":6},{"damage":23,"enemies":"Centurion and Healer","floor":31,"turns":6},{"damage":78,"enemies":"Champ","floor":33,"turns":7}],"seed_played":"717053350959913961","potions_obtained":[{"floor":1.0,"key":"Explosive Potion"},{"floor":12.0,"key":"ColorlessPotion"},{"floor":13.0,"key":"Strength Potion"},{"floor":14.0,"key":"SteroidPotion"},{"floor":16.0,"key":"AttackPotion"},{"floor":18,"key":"Dexterity Potion"},{"floor":27,"key":"Dexterity Potion"}],"is_trial":false,"path_per_floor":["M","M","M","?","$","R","M","E","T","R","M","M","M","M","R","B",null,"M","?","$","M","M","R","?","M","T","E","R","E","R","M","R","B"],"character_chosen":"IRONCLAD","items_purchased":["Sentinel","Battle Trance","Feel No Pain","Swift Strike","Warcry"],"campfire_rested":1,"item_purchase_floors":[5,20,20,20,20],"current_hp_per_floor":[64,60,61,61,61,61,61,31,31,31,25,26,31,28,28,7,66,74,74,74,63,53,53,53,38,38,22,50,39,39,41,41,0,0],"gold":214,"neow_bonus":"ONE_RANDOM_RARE_CARD","is_daily":false,"chose_seed":false,"campfire_upgraded":1,"win_rate":0.0,"timestamp":1611409344,"path_taken":["M","M","M","?","$","R","M","E","T","R","M","M","M","M","R","BOSS","M","?","$","M","?","R","?","M","T","E","R","E","R","M","R","BOSS"],"items_purchased_type":["Card","Card","Card","Card","Card"],"build_version":"2020-12-22","purchased_purges":2,"victory":false,"max_hp_per_floor":[80,80,80,80,80,80,80,80,80,80,80,80,85,85,85,85,85,85,85,85,85,87,87,87,90,90,95,95,95,95,98,98,98,98],"card_choices":[{"not_picked":["Perfected Strike","Havoc"],"picked":"Searing Blow","floor":1.0},{"not_picked":["Sword Boomerang","Armaments"],"picked":"Twin Strike","floor":2.0},{"not_picked":["Metallicize","Armaments"],"picked":"Uppercut","floor":3.0},{"not_picked":["Body Slam","Iron Wave"],"picked":"Offering","floor":7.0},{"not_picked":["Wild Strike","Clash"],"picked":"True Grit","floor":8.0},{"not_picked":["Headbutt","Wild Strike"],"picked":"Heavy Blade","floor":11.0},{"not_picked":["Rampage","Headbutt"],"picked":"Feed","floor":12.0},{"not_picked":["Headbutt","Blood for Blood","Wild Strike"],"picked":"Singing Bowl","floor":13.0},{"not_picked":["Evolve","Warcry"],"picked":"Flex","floor":14.0},{"not_picked":["Barricade","Feed"],"picked":"Reaper","floor":16.0},{"not_picked":[],"picked":"Armaments+1","floor":18},{"not_picked":[],"picked":"Rage","floor":21},{"not_picked":["Shrug It Off"],"picked":"Singing Bowl","floor":22},{"not_picked":[],"picked":"Dark Embrace+1","floor":25},{"not_picked":["Clash"],"picked":"Singing Bowl","floor":27},{"not_picked":[],"picked":"Pommel Strike","floor":29},{"not_picked":[],"picked":"Perfected Strike+1","floor":31}],"player_experience":1399307,"relics_obtained":[{"floor":8.0,"key":"Peace Pipe"},{"floor":9.0,"key":"Singing Bowl"},{"floor":26,"key":"Ornamental Fan"},{"floor":27,"key":"Red Skull"},{"floor":29,"key":"War Paint"}],"event_choices":[{"damage_healed":0.0,"max_hp_gain":0.0,"max_hp_loss":0.0,"gold_gain":0.0,"event_name":"Living Wall","player_choice":"Grow","floor":4.0,"gold_loss":0.0,"damage_taken":0.0,"cards_upgraded":["Searing Blow"]},{"damage_healed":0,"gold_gain":0,"player_choice":"Forge","damage_taken":0,"max_hp_gain":0,"max_hp_loss":0,"event_name":"Accursed Blacksmith","floor":19,"gold_loss":0,"cards_upgraded":["True Grit"]},{"cards_removed":["Strike_R"],"damage_healed":0,"gold_gain":0,"player_choice":"Purged","damage_taken":0,"max_hp_gain":0,"max_hp_loss":0,"event_name":"Purifier","floor":24,"gold_loss":0}],"is_beta":false,"boss_relics":[{"not_picked":["Runic Cube","Philosopher\u0027s Stone"],"picked":"Busted Crown"}],"items_purged_floors":[5,20],"is_endless":false,"potions_floor_spawned":[1,12,13,14,16,18,27],"killed_by":"Champ","ascension_level":11}}