{"host":"w4b7hmige5bnqipq","time":1611406069,"event":{"mods":["2.2 Compatiblity","BaseMod","Colored Map","DeckTracker","Keyboard Shortcuts","Minty Spire (QoL Compilation)","Permanent Neow","Rare Cards Sparkle","SuperFastMode","everything is the same but u backflip on backflip","slay the spire mod where everything is the same but ironclad has a cowboy hat"],"gold_per_floor":[114,132,148,148,158,158,171,171,220,245,255,255,255,284,284,284,284],"floor_reached":16,"language":"KOR","playtime":371,"items_purged":[],"score":224,"play_id":"113ef0ee-cb11-4a76-8305-14c817611b76","local_time":"20210123214749","is_ascension_mode":true,"campfire_choices":[{"data":"Pommel Strike","floor":6,"key":"SMITH"},{"data":"Body Slam","floor":8,"key":"SMITH"},{"floor":12,"key":"REST"},{"data":"Power Through","floor":15,"key":"SMITH"}],"circlet_count":0,"master_deck":["AscendersBane","Strike_R","Strike_R","Strike_R","Strike_R","Strike_R","Defend_R","Defend_R","Defend_R","Defend_R","Bash","Double Tap","Pommel Strike+1","Shrug It Off","Body Slam+1","Rage","Burning Pact","Power Through+1","Dark Embrace"],"relics":["Burning Blood","Eternal Feather","Regal Pillow","Lantern"],"acts_visited":["Exordium"],"potions_floor_usage":[10,10],"damage_taken":[{"damage":1,"enemies":"Cultist","floor":1,"turns":3},{"damage":14,"enemies":"Jaw Worm","floor":2,"turns":3},{"damage":1,"enemies":"Small Slimes","floor":3,"turns":5},{"damage":21,"enemies":"Blue Slaver","floor":5,"turns":4},{"damage":2,"enemies":"2 Fungi Beasts","floor":7,"turns":4},{"damage":50,"enemies":"3 Sentries","floor":10,"turns":13},{"damage":7,"enemies":"3 Louse","floor":11,"turns":4},{"damage":32,"enemies":"Gremlin Nob","floor":14,"turns":4},{"damage":46,"enemies":"Hexaghost","floor":16,"turns":9}],"seed_played":"-8115618610530826177","potions_obtained":[{"floor":3,"key":"Block Potion"},{"floor":7,"key":"BloodPotion"}],"is_trial":false,"path_per_floor":["M","M","M","?","M","R","M","R","T","E","M","R","?","E","R","B"],"character_chosen":"IRONCLAD","items_purchased":[],"campfire_rested":1,"item_purchase_floors":[],"current_hp_per_floor":[73,65,70,35,20,29,33,42,42,13,12,58,58,32,41,0,0],"gold":284,"neow_bonus":"ONE_RANDOM_RARE_CARD","is_daily":false,"chose_seed":false,"campfire_upgraded":3,"win_rate":0.0,"timestamp":1611406069,"path_taken":["M","M","M","?","M","R","M","R","T","E","M","R","?","E","R","BOSS"],"items_purchased_type":[],"build_version":"2020-12-22","purchased_purges":0,"victory":false,"max_hp_per_floor":[75,75,75,75,75,75,75,75,75,75,75,75,75,75,75,75,75],"card_choices":[{"not_picked":["Infernal Blade","Entrench"],"picked":"Pommel Strike","floor":1},{"not_picked":["Clash","Twin Strike"],"picked":"Shrug It Off","floor":2},{"not_picked":["Clothesline","Headbutt"],"picked":"Body Slam","floor":3},{"not_picked":["Headbutt","Perfected Strike","Pommel Strike"],"picked":"SKIP","floor":5},{"not_picked":["Warcry","Clothesline"],"picked":"Rage","floor":7},{"not_picked":["Sword Boomerang","Demon Form"],"picked":"Burning Pact","floor":10},{"not_picked":["Twin Strike","Burning Pact"],"picked":"Power Through","floor":11},{"not_picked":["Pommel Strike","Havoc"],"picked":"Dark Embrace","floor":14}],"player_experience":576351,"relics_obtained":[{"floor":10,"key":"Regal Pillow"},{"floor":14,"key":"Lantern"}],"event_choices":[{"damage_healed":0,"gold_gain":0,"player_choice":"Success","damage_taken":35,"relics_obtained":["Eternal Feather"],"max_hp_gain":0,"max_hp_loss":0,"event_name":"Scrap Ooze","floor":4,"gold_loss":0},{"damage_healed":0,"gold_gain":0,"player_choice":"Ignored","damage_taken":0,"max_hp_gain":0,"max_hp_loss":0,"event_name":"Liars Game","floor":13,"gold_loss":0}],"is_beta":false,"boss_relics":[],"items_purged_floors":[],"is_endless":false,"potions_floor_spawned":[3,7],"killed_by":"Hexaghost","ascension_level":20}}