{"host":"dhyczjm99amxd3qx","time":1611441550,"event":{"mods":["BaseMod","Colored Map","Googly Eyes","Highlight Path","Minty Spire (QoL Compilation)","Quick Restart","StSLib"],"gold_per_floor":[119,136,116,131,148,180,194,194,194],"floor_reached":8,"language":"ENG","playtime":433,"items_purged":[],"score":96,"play_id":"89a31a25-f6d6-44d5-a45e-94a57c2455d6","local_time":"20210123173910","is_ascension_mode":true,"campfire_choices":[],"circlet_count":0,"master_deck":["AscendersBane","Strike_G","Strike_G","Strike_G","Strike_G","Strike_G","Defend_G","Defend_G","Defend_G","Defend_G","Defend_G","Survivor","Neutralize","Footwork","Prepared","Blade Dance","Poisoned Stab"],"relics":["Ring of the Snake","Potion Belt"],"acts_visited":["Exordium"],"potions_floor_usage":[7],"damage_taken":[{"damage":5.0,"enemies":"Cultist","floor":1.0,"turns":5.0},{"damage":0.0,"enemies":"Small Slimes","floor":2.0,"turns":5.0},{"damage":0.0,"enemies":"2 Louse","floor":4.0,"turns":3.0},{"damage":9.0,"enemies":"Exordium Thugs","floor":5.0,"turns":5.0},{"damage":27.0,"enemies":"Lagavulin","floor":6.0,"turns":11.0},{"damage":2,"enemies":"Looter","floor":7,"turns":3},{"damage":0,"enemies":"Gremlin Nob","floor":8,"turns":2}],"seed_played":"7991597020959457370","potions_obtained":[{"floor":1.0,"key":"Energy Potion"},{"floor":3.0,"key":"SneckoOil"},{"floor":4.0,"key":"Block Potion"},{"floor":6.0,"key":"Energy Potion"}],"is_trial":false,"path_per_floor":["M","M","?","M","M","E","M","E"],"character_chosen":"THE_SILENT","items_purchased":[],"campfire_rested":0,"item_purchase_floors":[],"current_hp_per_floor":[65,65,65,65,56,29,27,27,27],"gold":194,"neow_bonus":"TEN_PERCENT_HP_BONUS","is_daily":false,"chose_seed":false,"campfire_upgraded":0,"win_rate":0.0,"timestamp":1611441550,"path_taken":["M","?","?","M","?","E","M","E"],"items_purchased_type":[],"build_version":"2020-12-22","purchased_purges":0,"victory":false,"max_hp_per_floor":[77,77,77,77,77,77,77,77,77],"card_choices":[{"not_picked":["Well Laid Plans","Tactician"],"picked":"Footwork","floor":1.0},{"not_picked":["Acrobatics","Dodge and Roll"],"picked":"Prepared","floor":2.0},{"not_picked":["Backstab","Sucker Punch"],"picked":"Blade Dance","floor":4.0},{"not_picked":["Setup","Dagger Throw"],"picked":"Poisoned Stab","floor":5.0},{"not_picked":["Dodge and Roll","Burst","Deadly Poison"],"picked":"SKIP","floor":6.0},{"not_picked":["Backstab","Skewer","Reflex"],"picked":"SKIP","floor":7}],"player_experience":362065,"relics_obtained":[{"floor":6.0,"key":"Potion Belt"}],"event_choices":[{"damage_healed":0.0,"max_hp_gain":0.0,"max_hp_loss":0.0,"gold_gain":0.0,"event_name":"The Woman in Blue","player_choice":"Bought 1 Potion","floor":3.0,"gold_loss":0.0,"damage_taken":0.0}],"is_beta":false,"boss_relics":[],"items_purged_floors":[],"is_endless":false,"potions_floor_spawned":[1,4,6],"killed_by":"Gremlin Nob","ascension_level":12}}