{"host":"9viy3memdfgcf4vy","time":1611436217,"event":{"mods":["BaseMod","Colored Map","Downfall","Minty Spire (QoL Compilation)","StSLib"],"gold_per_floor":[99,114,130,130,130,130,130,46,146,146,182,224,124,34,47,147,147,147,161,174,174,192,77,77,111,262,315,327,227,256,274,291,390,390,390,402,441,441,441,441,464,464,294,326,345,359,371,405,305,305,305,330,99,99,99,99,99,99],"floor_reached":56,"language":"ENG","playtime":8281,"items_purged":["downfall:Malfunctioning","Decay","Injury"],"score":1205,"play_id":"b91387ba-38ab-4455-bc3e-8eac9bd9f131","local_time":"20210123231017","is_ascension_mode":true,"campfire_choices":[{"data":"Slimebound:Split","floor":1,"key":"SMITH"},{"floor":6,"key":"RECALL"},{"floor":13,"key":"REST"},{"data":"Slimebound:MassFeed","floor":18,"key":"SMITH"},{"data":"Slimebound:FormOfPuddle","floor":29,"key":"SMITH"},{"data":"Slimebound:GrowthPunch","floor":35,"key":"SMITH"},{"floor":40,"key":"DIG"},{"floor":42,"key":"DIG"},{"floor":49,"key":"DIG"},{"floor":54,"key":"REST"}],"circlet_count":0,"master_deck":["Slimebound:Strike_Slimebound","Slimebound:Defend_Slimebound","Slimebound:Defend_Slimebound","Slimebound:Defend_Slimebound+1","Slimebound:Split+1","Slimebound:CorrosiveSpit+1","HandOfGreed","Slimebound:SlimeBarrage+1","Slimebound:SplitLeeching+1","Slimebound:SplitSpecialist","Slimebound:WasteNot+1","Slimebound:RejuvenatingLick","Slimebound:SamplingLick","Slimebound:SplitMire","Slimebound:SplitBruiser","Slimebound:SlimeSpikes","Slimebound:MassFeed+1","Slimebound:Schlurp","Slimebound:SlimeBarrage+1","Slimebound:MassFeed+1","Slimebound:FormOfPuddle+1","Slimebound:ServeAndProtect+1","Slimebound:GoopSpray","Slimebound:FormOfPuddle","Slimebound:SamplingLick+1","Slimebound:GrowthPunch+1","Slimebound:SplitMire","Slimebound:SplitLeeching+1","Slimebound:SplitSpecialist","expansioncontent:AwakenDeath"],"relics":["Slimebound:AbsorbEndCombat","Mercury Hourglass","Orichalcum","downfall:HeartBlessingRed","Busted Crown","Dream Catcher","Pen Nib","Shovel","downfall:HeartBlessingBlue","Slimebound:MaxSlimesRelic","Cursed Key","Ornamental Fan","Boot","Regal Pillow","Eternal Feather","Centennial Puzzle","downfall:HeartBlessingGreen","Blue Candle","Bronze Scales","Happy Flower"],"acts_visited":["Exordium","TheCity","TheBeyond","TheEnding"],"potions_floor_usage":[12,26,27,33,33,36,44,48,56],"damage_taken":[{"damage":5,"enemies":"2 Louse","floor":2,"turns":3},{"damage":9,"enemies":"Small Slimes","floor":3,"turns":3},{"damage":0,"enemies":"downfall:FleeingMerchant","floor":8,"turns":4},{"damage":29,"enemies":"downfall:Heads","floor":9,"turns":5},{"damage":0,"enemies":"Jaw Worm","floor":11,"turns":2},{"damage":8,"enemies":"Exordium Thugs","floor":12,"turns":4},{"damage":0,"enemies":"downfall:FleeingMerchant","floor":14,"turns":4},{"damage":17,"enemies":"Lots of Slimes","floor":15,"turns":3},{"damage":4,"enemies":"IC_STATUS_ARCHETYPE","floor":16,"turns":7},{"damage":0,"enemies":"Chosen","floor":19,"turns":4},{"damage":5,"enemies":"Spheric Guardian","floor":20,"turns":5},{"damage":19,"enemies":"Centurion and Healer","floor":22,"turns":5},{"damage":3,"enemies":"downfall:FleeingMerchant","floor":23,"turns":4},{"damage":0,"enemies":"Gremlin Leader","floor":25,"turns":5},{"damage":5,"enemies":"downfall:FleeingMerchant","floor":26,"turns":4},{"damage":16,"enemies":"Slavers","floor":27,"turns":4},{"damage":9,"enemies":"Snake Plant","floor":28,"turns":4},{"damage":20,"enemies":"Book of Stabbing","floor":30,"turns":4},{"damage":2,"enemies":"Snecko","floor":31,"turns":7},{"damage":19,"enemies":"Shelled Parasite and Fungi","floor":32,"turns":5},{"damage":46,"enemies":"DF_ARCHETYPE_CLAW","floor":33,"turns":8},{"damage":9,"enemies":"3 Darklings","floor":36,"turns":5},{"damage":0,"enemies":"Orb Walker","floor":37,"turns":4},{"damage":19,"enemies":"Reptomancer","floor":44,"turns":6},{"damage":0,"enemies":"Jaw Worm Horde","floor":45,"turns":5},{"damage":2,"enemies":"Sphere and 2 Shapes","floor":46,"turns":5},{"damage":4,"enemies":"Writhing Mass","floor":47,"turns":6},{"damage":3,"enemies":"Nemesis","floor":48,"turns":7},{"damage":14,"enemies":"SI_POISON_ARCHETYPE","floor":50,"turns":10},{"damage":183,"enemies":"downfall:CharBossMerchant","floor":52,"turns":10},{"damage":41,"enemies":"downfall:NeowBoss","floor":55,"turns":19},{"damage":136,"enemies":"downfall:NeowBossFinal","floor":56,"turns":14}],"seed_played":"162992089395703742","potions_obtained":[{"floor":11,"key":"BlessingOfTheForge"},{"floor":12,"key":"Guardian:BlockOnCardUsePotion"},{"floor":16,"key":"Fire Potion"},{"floor":25,"key":"Weak Potion"},{"floor":27,"key":"Dexterity Potion"},{"floor":28,"key":"SpeedPotion"},{"floor":30,"key":"AttackPotion"},{"floor":31,"key":"LiquidBronze"},{"floor":33,"key":"FairyPotion"},{"floor":36,"key":"Fruit Juice"},{"floor":37,"key":"AttackPotion"},{"floor":46,"key":"AttackPotion"}],"is_trial":false,"path_per_floor":["R","M","M","?","?","R","T","$","?","?","M","M","R","$","M","B",null,"R","M","M","?","M","$","T","E","$","E","M","R","E","M","M","B",null,"R","M","M","?","?","R","T","R","$","E","M","M","M","E","R","B",null,"E","$","R","B","B"],"character_chosen":"SLIMEBOUND","items_purchased":["Slimebound:SplitSpecialist","Slimebound:FormOfPuddle","Pen Nib","Slimebound:SplitMire","Happy Flower","expansioncontent:AwakenDeath"],"campfire_rested":2,"item_purchase_floors":[8,26,26,43,53,53],"current_hp_per_floor":[44,41,36,29,29,29,29,35,6,6,8,6,25,33,18,22,54,54,56,57,57,54,55,55,67,68,64,61,71,63,71,62,28,93,93,101,103,103,95,95,95,95,95,88,104,114,122,131,146,140,149,45,45,123,90,0,0,0],"gold":99,"neow_bonus":"RANDOM_COLORLESS_2","is_daily":false,"chose_seed":false,"campfire_upgraded":4,"win_rate":0.0,"timestamp":1611436217,"path_taken":["R","M","M","?","?","R","T","$","?","?","?","M","R","$","M","BOSS","R","M","M","?","?","$","T","E","$","E","M","R","E","M","M","BOSS","R","M","M","?","?","R","T","R","$","E","M","M","M","E","R","BOSS","E","$","R","BOSS","BOSS"],"items_purchased_type":["Card","Card","Relic","Card","Relic","Card"],"build_version":"2020-12-22","purchased_purges":3,"victory":false,"max_hp_per_floor":[65,65,65,65,65,65,65,65,65,65,65,65,65,65,65,65,65,65,65,69,69,77,77,77,81,81,89,89,99,103,107,111,115,115,115,124,124,124,124,124,124,124,124,128,136,144,148,152,152,152,152,152,152,152,152,152,152,152],"card_choices":[{"not_picked":["Secret Technique","Master of Strategy"],"picked":"HandOfGreed","floor":0},{"not_picked":["Slimebound:ItLooksTasty","Slimebound:Prepare","Slimebound:LeechEnergy"],"picked":"SKIP","floor":2},{"not_picked":["Slimebound:SlimeTap","Slimebound:FinishingTackle"],"picked":"Slimebound:SlimeBarrage","floor":3},{"not_picked":["Slimebound:SlimeSpikes","Slimebound:Schlurp"],"picked":"Slimebound:SplitLeeching","floor":8},{"not_picked":["Slimebound:FinishingTackle","Slimebound:TongueLash"],"picked":"Slimebound:RejuvenatingLick","floor":9},{"not_picked":["Slimebound:FinishingTackle","Slimebound:SelfFormingGoo"],"picked":"Slimebound:SamplingLick","floor":11},{"not_picked":["Slimebound:Prepare","Slimebound:ServeAndProtect"],"picked":"Slimebound:SplitMire","floor":12},{"not_picked":["Slimebound:SamplingLick","Slimebound:LeechEnergy"],"picked":"Slimebound:SplitBruiser","floor":14},{"not_picked":["Slimebound:GoopTackle","Slimebound:ItLooksTasty"],"picked":"Slimebound:SlimeSpikes","floor":15},{"not_picked":["Slimebound:DouseInSlime","Slimebound:WasteNot"],"picked":"Slimebound:MassFeed","floor":16},{"not_picked":[],"picked":"Slimebound:Schlurp","floor":19},{"not_picked":["Slimebound:TongueLash"],"picked":"SKIP","floor":20},{"not_picked":[],"picked":"Slimebound:FormOfPuddle","floor":22},{"not_picked":["Slimebound:Dissolve"],"picked":"SKIP","floor":23},{"not_picked":[],"picked":"Slimebound:ServeAndProtect+1","floor":25},{"not_picked":[],"picked":"Slimebound:GoopSpray","floor":26},{"not_picked":[],"picked":"Slimebound:SamplingLick+1","floor":27},{"not_picked":["Slimebound:ItLooksTasty"],"picked":"SKIP","floor":28},{"not_picked":["Slimebound:LeechEnergy"],"picked":"SKIP","floor":30},{"not_picked":["Slimebound:SamplingLick"],"picked":"SKIP","floor":31},{"not_picked":[],"picked":"Slimebound:GrowthPunch","floor":32},{"not_picked":["Slimebound:ComboTackle"],"picked":"SKIP","floor":36},{"not_picked":["Slimebound:SlimeSpikes"],"picked":"SKIP","floor":37},{"not_picked":[],"picked":"Slimebound:SplitLeeching+1","floor":44},{"not_picked":["Slimebound:SamplingLick"],"picked":"SKIP","floor":45},{"not_picked":["Slimebound:GoopTackle"],"picked":"SKIP","floor":46},{"not_picked":["Slimebound:ComboTackle+1"],"picked":"SKIP","floor":47},{"not_picked":[],"picked":"Slimebound:SplitSpecialist","floor":48},{"not_picked":["Slimebound:LeechingTouch+1"],"picked":"SKIP","floor":52}],"player_experience":372026,"relics_obtained":[{"floor":7,"key":"Orichalcum"},{"floor":25,"key":"Dream Catcher"},{"floor":27,"key":"Shovel"},{"floor":30,"key":"Slimebound:MaxSlimesRelic"},{"floor":40,"key":"Ornamental Fan"},{"floor":41,"key":"Boot"},{"floor":42,"key":"Regal Pillow"},{"floor":44,"key":"Eternal Feather"},{"floor":48,"key":"Centennial Puzzle"},{"floor":49,"key":"Blue Candle"},{"floor":52,"key":"Bronze Scales"}],"event_choices":[{"damage_healed":0,"gold_gain":0,"player_choice":"Success","damage_taken":7,"relics_obtained":["Mercury Hourglass"],"max_hp_gain":0,"max_hp_loss":0,"event_name":"Scrap Ooze","floor":4,"gold_loss":0}],"is_beta":false,"boss_relics":[{"not_picked":["Calling Bell","Runic Pyramid"],"picked":"Busted Crown"},{"not_picked":["Tiny House","bronze:MakeshiftBattery"],"picked":"Cursed Key"}],"items_purged_floors":[14,23,43],"is_endless":false,"potions_floor_spawned":[11,12,16,25,27,28,30,31,33,36,37,46],"killed_by":"downfall:NeowBossFinal","ascension_level":8}}