{"host":"0cm5wy4nhuju7tij","time":1611379061,"event":{"mods":["100% Spire Juice","2.2 Compatiblity","AchievementEnabler","Aspiration","BaseMod","Better Third Choice","BetterRewards","CCEM","CapriCore","Colored Powertips","Curses Come First","Custom Start","Displayed Cursed Tome","Downfall","Energized Spire","Evolution","Filter the Spire","Highlight Path","Jess\u0027s Bottle","Minty Spire (QoL Compilation)","Permanent Neow","Poor People Problems","Relic Stats","Shop Mod","Spicy Shops","StSLib","The Cursed","The Dragonkin","The Juggle"],"gold_per_floor":[116,135,135,135,150,184,195,195,195,195,226,66,85,120,120,221,221,237,257,257,356,374,374,9,29,29,29,55,55,65,100,100,202,202,216,229,249,249,249,249,263,295,295,330,341,43,93,112,112,112,112],"floor_reached":50,"language":"ENG","playtime":3788,"items_purged":[],"score":712,"play_id":"cb06b46f-d6fa-4753-9f41-4ffb125b1932","local_time":"20210123001741","is_ascension_mode":false,"campfire_choices":[{"data":"theDragonkin:DivinePrayer","floor":10.0,"key":"SMITH"},{"data":"theDragonkin:CrusaderForm","floor":15.0,"key":"SMITH"},{"data":"theDragonkin:CrusaderForm","floor":23.0,"key":"SMITH"},{"data":"theDragonkin:GoldenFlames","floor":27.0,"key":"SMITH"},{"data":"theDragonkin:HolyWordBarrier","floor":32.0,"key":"SMITH"},{"data":"theDragonkin:TwinBreath","floor":40.0,"key":"SMITH"},{"floor":49.0,"key":"DIG"}],"circlet_count":0,"master_deck":["theDragonkin:EmberSwipe","theDragonkin:EmberSwipe+1","theDragonkin:HolySmite+1","theDragonkin:BlazingBreath","theDragonkin:DeepBreath","theDragonkin:EmberSwipe+1","theDragonkin:DivinePrayer+1","theDragonkin:MiasmicBreath","theDragonkin:Cauterize","theDragonkin:LightArmor","theDragonkin:TwinBreath+1","theDragonkin:HammerOfWrath","theDragonkin:HolyWordBarrier+1","theDragonkin:FlameWard","theDragonkin:CrusaderForm+1","theDragonkin:MagnussCorona","theDragonkin:CrusaderForm+1","theDragonkin:Cauterize+1","theDragonkin:DivineJolt+1","theDragonkin:HolyWordBarrier","theDragonkin:GoldenFlames+1","theDragonkin:AcidRain+1","theDragonkin:HolyWordBarrier+1","theDragonkin:VoiceofOrder+1","theDragonkin:SandBreath+1","theDragonkin:AkatirnsDecree+1","theDragonkin:Smaugs_Smog+1","theDragonkin:Detox+1","theDragonkin:PrismaticBreath+1","theDragonkin:GoldenFlames+1","theDragonkin:Flashpoint+1","theDragonkin:DivineBreath+1","theDragonkin:HolyWordBarrier+1","theDragonkin:HallowedGround+1","theDragonkin:MoltenBreath+1","theDragonkin:EnduringAgony","theDragonkin:AcidArmor","theDragonkin:HolyShock+1","theDragonkin:EnduringAgony","theDragonkin:Ravage+1"],"relics":["theDragonkin:GarnetScale","EVO:Axolotl","Boot","Pen Nib","Akabeko","TungstenRod","aspiration:FutureDiary","MutagenicStrength","Toxic Egg 2","Cauldron","aspiration:DSix","The Courier","Molten Egg 2","Pandora\u0027s Box","Bottled Lightning","aspiration:HummingbirdHeart","Shovel","Whetstone","aspiration:AnachronicSnailShell","CCEMRelics:DerglesHeadphones"],"acts_visited":["Exordium","TheCity","TheBeyond"],"potions_floor_usage":[],"damage_taken":[{"damage":6.0,"enemies":"2 Louse","floor":1.0,"turns":2.0},{"damage":8.0,"enemies":"Jaw Worm","floor":2.0,"turns":3.0},{"damage":0.0,"enemies":"Cultist","floor":5.0,"turns":3.0},{"damage":18.0,"enemies":"Gremlin Nob","floor":6.0,"turns":4.0},{"damage":12.0,"enemies":"2 Fungi Beasts","floor":7.0,"turns":3.0},{"damage":16.0,"enemies":"Lagavulin","floor":11.0,"turns":5.0},{"damage":0.0,"enemies":"Looter","floor":13.0,"turns":2.0},{"damage":10.0,"enemies":"Gremlin Nob","floor":14.0,"turns":3.0},{"damage":17.0,"enemies":"Slime Boss","floor":16.0,"turns":9.0},{"damage":0.0,"enemies":"3 Byrds","floor":18.0,"turns":3.0},{"damage":0.0,"enemies":"Spheric Guardian","floor":19.0,"turns":4.0},{"damage":0.0,"enemies":"Snake Plant","floor":22.0,"turns":2.0},{"damage":24.0,"enemies":"Snecko","floor":25.0,"turns":6.0},{"damage":36.0,"enemies":"Gremlin Leader","floor":28.0,"turns":5.0},{"damage":7.0,"enemies":"Chosen and Byrds","floor":30.0,"turns":8.0},{"damage":0.0,"enemies":"Book of Stabbing","floor":31.0,"turns":4.0},{"damage":64.0,"enemies":"Champ","floor":33.0,"turns":17.0},{"damage":0.0,"enemies":"Orb Walker","floor":35.0,"turns":4.0},{"damage":0.0,"enemies":"3 Shapes","floor":36.0,"turns":3.0},{"damage":6.0,"enemies":"Sphere and 2 Shapes","floor":37.0,"turns":8.0},{"damage":0.0,"enemies":"Transient","floor":41.0,"turns":5.0},{"damage":0.0,"enemies":"Giant Head","floor":42.0,"turns":6.0},{"damage":0.0,"enemies":"Nemesis","floor":44.0,"turns":7.0},{"damage":0.0,"enemies":"3 Darklings","floor":45.0,"turns":3.0},{"damage":0.0,"enemies":"Mind Bloom Boss Battle","floor":47.0,"turns":6.0},{"damage":0.0,"enemies":"Jaw Worm Horde","floor":48.0,"turns":7.0},{"damage":0,"enemies":"TheAcolyte","floor":50,"turns":8}],"seed_played":"-8691636874751493719","potions_obtained":[{"floor":2.0,"key":"LiquidMemories"},{"floor":6.0,"key":"theDragonkin:DragonkinUncommonPotion"},{"floor":13.0,"key":"SpeedPotion"},{"floor":16.0,"key":"Energy Potion"}],"is_trial":false,"path_per_floor":["M","M","?","?","M","E","M","?","T","R","E","$","M","E","R","B",null,"M","M","?","?","M","R","$","M","T","R","E","?","M","E","R","B",null,"M","M","M","?","?","R","M","E","T","E","M","$","?","M","R","B"],"character_chosen":"THE_DRAGONKIN","items_purchased":["theDragonkin:HammerOfWrath","theDragonkin:HolyWordBarrier","theDragonkin:FlameWard","Toxic Egg 2","Cauldron","theDragonkin:GoldenFlames","Whetstone","theDragonkin:EnduringAgony","theDragonkin:AcidArmor","theDragonkin:HolyShock+1"],"campfire_rested":0,"item_purchase_floors":[12,12,12,24,24,24,46,46,46,46],"current_hp_per_floor":[79,71,71,80,80,62,65,70,70,70,54,54,69,74,74,72,90,90,90,90,90,90,90,90,66,66,66,54,54,77,90,90,41,90,90,90,90,90,85,85,85,85,85,85,85,85,85,85,85,85,85],"gold":112,"neow_bonus":"TRANSFORM_CARD","is_daily":false,"chose_seed":false,"campfire_upgraded":6,"win_rate":0.0,"timestamp":1611379061,"path_taken":["M","M","?","?","?","E","M","?","T","R","E","$","M","E","R","BOSS","M","M","?","?","M","R","$","M","T","R","E","?","M","E","R","BOSS","M","M","M","?","?","R","M","E","T","E","M","$","?","M","R","BOSS"],"items_purchased_type":["Card","Card","Card","Relic","Relic","Card","Relic","Card","Card","Card"],"build_version":"2020-12-22","purchased_purges":0,"victory":false,"max_hp_per_floor":[85,85,85,85,85,85,85,90,90,90,90,90,90,90,90,90,90,90,90,90,90,90,90,90,90,90,90,90,90,90,90,90,90,90,90,90,90,90,85,85,85,85,85,85,85,85,85,85,85,85,85],"relic_stats":{"Shovel":1,"counters":[27,139],"Pandora\u0027s Box":["theDragonkin:Smaugs_Smog","theDragonkin:Detox","theDragonkin:PrismaticBreath","theDragonkin:GoldenFlames"],"Pen Nib":[15],"Whetstone":["theDragonkin:EmberSwipe","theDragonkin:EmberSwipe"],"Boot":[27],"obtain_stats":[{"Pen Nib":9,"The Courier":28,"aspiration:HummingbirdHeart":43,"EVO:Axolotl":0,"Whetstone":46,"Boot":6,"Akabeko":11,"CCEMRelics:DerglesHeadphones":49,"Cauldron":24,"Shovel":44,"theDragonkin:GarnetScale":0,"MutagenicStrength":20,"aspiration:AnachronicSnailShell":47,"Molten Egg 2":31,"Pandora\u0027s Box":34,"Bottled Lightning":42,"aspiration:FutureDiary":17,"Toxic Egg 2":24,"aspiration:DSix":26,"TungstenRod":14},{"Pen Nib":5,"The Courier":14,"aspiration:HummingbirdHeart":22,"EVO:Axolotl":0,"Whetstone":24,"Boot":4,"Akabeko":6,"CCEMRelics:DerglesHeadphones":26,"Cauldron":12,"Shovel":23,"theDragonkin:GarnetScale":0,"MutagenicStrength":11,"aspiration:AnachronicSnailShell":25,"Molten Egg 2":16,"Pandora\u0027s Box":17,"Bottled Lightning":22,"aspiration:FutureDiary":9,"Toxic Egg 2":12,"aspiration:DSix":13,"TungstenRod":8},{"Pen Nib":15,"The Courier":54,"aspiration:HummingbirdHeart":109,"EVO:Axolotl":0,"Whetstone":119,"Boot":12,"Akabeko":20,"CCEMRelics:DerglesHeadphones":132,"Cauldron":43,"Shovel":116,"theDragonkin:GarnetScale":0,"MutagenicStrength":41,"aspiration:AnachronicSnailShell":125,"Molten Egg 2":66,"Pandora\u0027s Box":83,"Bottled Lightning":109,"aspiration:FutureDiary":34,"Toxic Egg 2":43,"aspiration:DSix":49,"TungstenRod":25}],"TungstenRod":21},"card_choices":[{"not_picked":["theDragonkin:SlowBurn","theDragonkin:Sizzle"],"picked":"theDragonkin:EmberSwipe","floor":1.0},{"not_picked":["theDragonkin:FlameWard","theDragonkin:MiasmicBreath"],"picked":"theDragonkin:DivinePrayer","floor":2.0},{"not_picked":["theDragonkin:FlameBreath","theDragonkin:EmberSwipe"],"picked":"theDragonkin:MiasmicBreath","floor":5.0},{"not_picked":["theDragonkin:Ashfall","theDragonkin:MagmaScales"],"picked":"theDragonkin:Cauterize","floor":6.0},{"not_picked":["theDragonkin:DivineBreath","theDragonkin:FlameWard"],"picked":"theDragonkin:LightArmor","floor":7.0},{"not_picked":["theDragonkin:SlowBurn","theDragonkin:EmberSwipe"],"picked":"theDragonkin:TwinBreath","floor":11.0},{"not_picked":["theDragonkin:HolyShock","theDragonkin:Sizzle"],"picked":"theDragonkin:CrusaderForm","floor":13.0},{"not_picked":["theDragonkin:AshBreath","theDragonkin:BurnAfterReading"],"picked":"theDragonkin:MagnussCorona","floor":14.0},{"not_picked":["theDragonkin:CinderStorm","theDragonkin:AkatirnsDecree"],"picked":"theDragonkin:CrusaderForm","floor":16.0},{"not_picked":["theDragonkin:HolyWordBarrier","theDragonkin:DivinePrayer"],"picked":"theDragonkin:Cauterize+1","floor":18.0},{"not_picked":["theDragonkin:MagmaScales","theDragonkin:LightArmor"],"picked":"theDragonkin:DivineJolt+1","floor":19.0},{"not_picked":["theDragonkin:MiasmicBreath+1","theDragonkin:Sizzle"],"picked":"theDragonkin:HolyWordBarrier","floor":22.0},{"not_picked":["theDragonkin:StormFront","theDragonkin:HammerOfWrath"],"picked":"theDragonkin:AcidRain+1","floor":25.0},{"not_picked":["theDragonkin:EmberSwipe","theDragonkin:FlameBreath"],"picked":"theDragonkin:HolyWordBarrier+1","floor":28.0},{"not_picked":["theDragonkin:FlameBreath+1","theDragonkin:FlameWard+1"],"picked":"theDragonkin:VoiceofOrder+1","floor":30.0},{"not_picked":["theDragonkin:Cauterize+1","theDragonkin:PrismaticBreath+1"],"picked":"theDragonkin:SandBreath+1","floor":31.0},{"not_picked":["theDragonkin:Detox+1","theDragonkin:Smaugs_Smog+1"],"picked":"theDragonkin:AkatirnsDecree+1","floor":33.0},{"not_picked":["theDragonkin:Ashfall","theDragonkin:BurningRage+1"],"picked":"theDragonkin:Flashpoint+1","floor":35.0},{"not_picked":["theDragonkin:FlameWard+1","theDragonkin:MiasmicBreath+1"],"picked":"theDragonkin:DivineBreath+1","floor":36.0},{"not_picked":["theDragonkin:Sizzle+1","theDragonkin:Ashfall","theDragonkin:MiasmicBreath+1"],"picked":"SKIP","floor":37.0},{"not_picked":["theDragonkin:AcidBreath+1","theDragonkin:HolyBarrier+1"],"picked":"theDragonkin:HolyWordBarrier+1","floor":41.0},{"not_picked":["theDragonkin:HolyWordBarrier+1","theDragonkin:DivineFire+1"],"picked":"theDragonkin:HallowedGround+1","floor":42.0},{"not_picked":["theDragonkin:BurningRage+1","theDragonkin:Sizzle+1"],"picked":"theDragonkin:MoltenBreath+1","floor":44.0},{"not_picked":["theDragonkin:ControlledBreath+1","theDragonkin:GoldenFlames+1","theDragonkin:StormFront"],"picked":"SKIP","floor":45.0},{"not_picked":["theDragonkin:ShieldGlare+1","theDragonkin:DivineStorm+1"],"picked":"theDragonkin:EnduringAgony","floor":47.0},{"not_picked":["theDragonkin:DivineJolt+1","theDragonkin:FlameWard+1"],"picked":"theDragonkin:Ravage+1","floor":48.0}],"player_experience":243763,"relics_obtained":[{"floor":6.0,"key":"Boot"},{"floor":9.0,"key":"Pen Nib"},{"floor":11.0,"key":"Akabeko"},{"floor":14.0,"key":"TungstenRod"},{"floor":26.0,"key":"aspiration:DSix"},{"floor":28.0,"key":"The Courier"},{"floor":31.0,"key":"Molten Egg 2"},{"floor":42.0,"key":"Bottled Lightning"},{"floor":43.0,"key":"aspiration:HummingbirdHeart"},{"floor":44.0,"key":"Shovel"},{"floor":47.0,"key":"aspiration:AnachronicSnailShell"},{"floor":49.0,"key":"CCEMRelics:DerglesHeadphones"}],"event_choices":[{"damage_healed":0.0,"max_hp_gain":0.0,"max_hp_loss":0.0,"gold_gain":0.0,"event_name":"Living Wall","player_choice":"Grow","floor":3.0,"gold_loss":0.0,"damage_taken":0.0,"cards_upgraded":["theDragonkin:HolySmite"]},{"damage_healed":0.0,"max_hp_gain":5.0,"max_hp_loss":0.0,"gold_gain":0.0,"event_name":"Big Fish","player_choice":"Donut","floor":8.0,"gold_loss":0.0,"damage_taken":0.0},{"damage_healed":0.0,"max_hp_gain":0.0,"max_hp_loss":0.0,"gold_gain":0.0,"event_name":"Drug Dealer","player_choice":"Inject Mutagens","floor":20.0,"gold_loss":0.0,"damage_taken":0.0,"relics_obtained":["MutagenicStrength"]},{"damage_healed":0.0,"max_hp_gain":0.0,"max_hp_loss":0.0,"gold_gain":99.0,"event_name":"betterThird:BetterNest","player_choice":"Steal","floor":21.0,"gold_loss":0.0,"damage_taken":0.0},{"damage_healed":0.0,"max_hp_gain":0.0,"max_hp_loss":0.0,"gold_gain":0.0,"event_name":"Vampires","player_choice":"Ignored","floor":29.0,"gold_loss":0.0,"damage_taken":0.0},{"cards_removed":["theDragonkin:EmberSwipe"],"damage_healed":0.0,"max_hp_gain":0.0,"max_hp_loss":0.0,"gold_gain":0.0,"event_name":"Falling","player_choice":"Removed Attack","floor":38.0,"gold_loss":0.0,"damage_taken":0.0},{"damage_healed":0.0,"max_hp_gain":0.0,"max_hp_loss":5.0,"gold_gain":0.0,"event_name":"Winding Halls","player_choice":"Max HP","floor":39.0,"gold_loss":0.0,"damage_taken":0.0},{"damage_healed":0.0,"max_hp_gain":0.0,"max_hp_loss":0.0,"gold_gain":0.0,"event_name":"MindBloom","player_choice":"Fight","floor":47.0,"gold_loss":0.0,"damage_taken":0.0}],"is_beta":false,"boss_relics":[{"not_picked":["aspiration:WatcherSkillbook","Velvet Choker"],"picked":"aspiration:FutureDiary"},{"not_picked":["aspiration:PoetsPen_weak","Calling Bell"],"picked":"Pandora\u0027s Box"}],"items_purged_floors":[],"is_endless":false,"potions_floor_spawned":[2,6,13,16,28,30,33,35,37,42],"killed_by":"TheAcolyte","ascension_level":0}}