{"host":"qhhcmep1unj6mpf7","time":1611384041,"event":{"mods":["2.2 Compatiblity","AchievementEnabler","BaseMod","Colored Map","DeckTracker","Highlight Path","Keyboard Shortcuts","Minty Spire (QoL Compilation)","Permanent Neow","Quick Restart","Random Character Button","StSLib","SuperFastMode","everything is the same but u backflip on backflip"],"gold_per_floor":[112,127,146,170,186,186,2,12,12,12,12,12,112,33,33,33,33],"floor_reached":16,"language":"KOR","playtime":612,"items_purged":[],"score":90,"play_id":"3af9c963-098b-4591-a621-b8f77bbbc318","local_time":"20210123154041","is_ascension_mode":false,"campfire_choices":[{"data":"Halt","floor":6,"key":"SMITH"},{"data":"LessonLearned","floor":10,"key":"SMITH"},{"data":"DeusExMachina","floor":12,"key":"SMITH"},{"data":"Halt","floor":15,"key":"SMITH"}],"circlet_count":0,"master_deck":["Strike_P+1","Strike_P","Strike_P","Defend_P","Defend_P","Defend_P","Defend_P","Eruption","Vigilance","EmptyFist","ClearTheMind","Halt+1","LessonLearned+1","Halt+1","DeusExMachina+1","Study"],"relics":["PureWater","Smiling Mask"],"acts_visited":["Exordium"],"potions_floor_usage":[],"damage_taken":[{"damage":4,"enemies":"Cultist","floor":1,"turns":5},{"damage":8,"enemies":"Jaw Worm","floor":2,"turns":4},{"damage":0,"enemies":"2 Louse","floor":3,"turns":2},{"damage":34,"enemies":"Gremlin Gang","floor":5,"turns":4},{"damage":0,"enemies":"Blue Slaver","floor":8,"turns":3},{"damage":22,"enemies":"Hexaghost","floor":16,"turns":7}],"seed_played":"-5596464692732247331","potions_obtained":[{"floor":2,"key":"Strength Potion"}],"is_trial":false,"path_per_floor":["M","M","M","T","M","R","$","M","T","R","?","R","?","$","R","B"],"character_chosen":"WATCHER","items_purchased":["LessonLearned","Halt","Study"],"campfire_rested":0,"item_purchase_floors":[7,7,14],"current_hp_per_floor":[61,53,53,53,19,19,19,19,19,19,19,19,19,19,19,0,0],"gold":33,"neow_bonus":"TWENTY_PERCENT_HP_BONUS","is_daily":false,"chose_seed":false,"campfire_upgraded":4,"win_rate":0.0,"timestamp":1611384041,"path_taken":["M","M","M","?","M","R","$","M","T","R","?","R","?","$","R","BOSS"],"items_purchased_type":["Card","Card","Card"],"build_version":"2020-12-22","purchased_purges":0,"victory":false,"max_hp_per_floor":[86,86,86,86,86,86,86,86,86,86,86,86,86,86,86,86,86],"card_choices":[{"not_picked":["FlurryOfBlows","Fasting2","CrushJoints"],"picked":"SKIP","floor":1},{"not_picked":["CutThroughFate","FollowUp"],"picked":"EmptyFist","floor":2},{"not_picked":["InnerPeace","ThirdEye"],"picked":"ClearTheMind","floor":3},{"not_picked":["Judgement","CrushJoints"],"picked":"Halt","floor":5},{"not_picked":["FollowUp","BowlingBash","EmptyFist"],"picked":"SKIP","floor":8}],"player_experience":320707,"relics_obtained":[{"floor":4,"key":"Smiling Mask"}],"event_choices":[{"damage_healed":0,"gold_gain":0,"cards_transformed":["Strike_P"],"player_choice":"Change","damage_taken":0,"max_hp_gain":0,"max_hp_loss":0,"event_name":"Living Wall","floor":11,"gold_loss":0,"cards_obtained":["DeusExMachina"]},{"damage_healed":0,"gold_gain":100,"player_choice":"Gold","damage_taken":0,"max_hp_gain":0,"max_hp_loss":0,"event_name":"Wheel of Change","floor":13,"gold_loss":0}],"is_beta":false,"boss_relics":[],"items_purged_floors":[],"is_endless":false,"potions_floor_spawned":[2],"killed_by":"Hexaghost","ascension_level":0}}