{"host":"g2yp6paluzgljz05","time":1611399875,"event":{"mods":["BaseMod","Bestiary","Colored Powertips","DeckTracker","Highlight Path","Minty Spire (QoL Compilation)","Quick Restart"],"gold_per_floor":[114,289,305,149,149,149,184,199,246,274,288,306,306,319,319,414,414,429,339,356,376,112,137,137,156,156,56,69,69,69,95,95,95,95],"floor_reached":33,"language":"ENG","playtime":1749,"items_purged":["Doubt","Strike_G","Strike_G"],"score":338,"play_id":"845e6e40-3a81-4dec-8263-e4b3a533e6dd","local_time":"20210123220435","is_ascension_mode":true,"campfire_choices":[{"data":"Neutralize","floor":6,"key":"SMITH"},{"data":"Tools of the Trade","floor":15,"key":"SMITH"},{"data":"Catalyst","floor":24,"key":"SMITH"},{"floor":30,"key":"REST"},{"floor":32,"key":"REST"}],"circlet_count":0,"master_deck":["Strike_G","Strike_G+1","Defend_G","Defend_G","Defend_G","Defend_G","Defend_G+1","Survivor","Neutralize+1","Flying Knee","Dagger Throw+1","Noxious Fumes+1","Adrenaline","Bane","Bane","Tools of the Trade+1","Corpse Explosion","Catalyst+1","Bouncing Flask","Crippling Poison","Flash of Steel","Noxious Fumes"],"relics":["Ring of the Snake","NeowsBlessing","MealTicket","Whetstone","Anchor","Pear","SlaversCollar","Dream Catcher","The Courier","Peace Pipe"],"acts_visited":["Exordium","TheCity"],"potions_floor_usage":[23,33,33,33],"damage_taken":[{"damage":0,"enemies":"Small Slimes","floor":1,"turns":1},{"damage":0,"enemies":"Cultist","floor":3,"turns":1},{"damage":0,"enemies":"Lagavulin","floor":7,"turns":1},{"damage":0,"enemies":"2 Louse","floor":8,"turns":2},{"damage":12,"enemies":"3 Sentries","floor":10,"turns":5},{"damage":0,"enemies":"2 Fungi Beasts","floor":11,"turns":3},{"damage":0,"enemies":"Red Slaver","floor":12,"turns":4},{"damage":0,"enemies":"Looter","floor":14,"turns":2},{"damage":30,"enemies":"The Guardian","floor":16,"turns":9},{"damage":17,"enemies":"2 Thieves","floor":18,"turns":3},{"damage":2,"enemies":"3 Byrds","floor":20,"turns":3},{"damage":24,"enemies":"Snake Plant","floor":21,"turns":5},{"damage":12,"enemies":"Book of Stabbing","floor":23,"turns":4},{"damage":20,"enemies":"Snecko","floor":25,"turns":5},{"damage":10,"enemies":"Centurion and Healer","floor":28,"turns":4},{"damage":35,"enemies":"Gremlin Leader","floor":31,"turns":6},{"damage":56,"enemies":"Collector","floor":33,"turns":5}],"seed_played":"-5990965874206354880","potions_obtained":[{"floor":7,"key":"SpeedPotion"},{"floor":8,"key":"DistilledChaos"},{"floor":10,"key":"ColorlessPotion"},{"floor":21,"key":"Fire Potion"},{"floor":25,"key":"Block Potion"}],"is_trial":false,"path_per_floor":["M","?","M","$","?","R","E","M","T","E","M","M","?","M","R","B",null,"M","?","M","M","$","E","R","M","T","$","M","?","R","E","R","B"],"character_chosen":"THE_SILENT","items_purchased":["Noxious Fumes","Crippling Poison","Flash of Steel"],"campfire_rested":2,"item_purchase_floors":[4,22,22],"current_hp_per_floor":[70,70,70,70,70,70,70,70,70,58,58,58,61,61,61,31,80,63,63,61,37,52,40,40,20,20,35,25,25,49,14,38,0,0],"gold":95,"neow_bonus":"THREE_ENEMY_KILL","is_daily":false,"chose_seed":false,"campfire_upgraded":3,"win_rate":0.0,"timestamp":1611399875,"path_taken":["M","?","M","$","?","R","E","M","T","E","?","M","?","M","R","BOSS","M","?","M","?","?","E","R","M","T","$","M","?","R","E","R","BOSS"],"items_purchased_type":["Card","Card","Card"],"build_version":"2020-12-22","purchased_purges":3,"victory":false,"max_hp_per_floor":[70,70,70,70,70,70,70,70,70,70,70,70,80,80,80,80,80,80,80,80,80,80,80,80,80,80,80,80,80,80,80,80,80,80],"card_choices":[{"not_picked":["PiercingWail","Deflect"],"picked":"Flying Knee","floor":1},{"not_picked":["Finisher","Underhanded Strike"],"picked":"Dagger Throw","floor":3},{"not_picked":["Calculated Gamble","Predator"],"picked":"Adrenaline","floor":7},{"not_picked":["Dagger Throw","Cloak And Dagger"],"picked":"Bane","floor":8},{"not_picked":["Dagger Throw","Poisoned Stab"],"picked":"Bane","floor":10},{"not_picked":["Outmaneuver","Cloak And Dagger","Dagger Spray"],"picked":"SKIP","floor":11},{"not_picked":["All Out Attack","Dagger Throw"],"picked":"Tools of the Trade","floor":12},{"not_picked":["Dagger Spray","Backstab","Prepared"],"picked":"SKIP","floor":14},{"not_picked":["After Image","Phantasmal Killer"],"picked":"Corpse Explosion","floor":16},{"not_picked":["Skewer","Dagger Throw","Flechettes"],"picked":"SKIP","floor":18},{"not_picked":["Tactician+1","Blur"],"picked":"Catalyst","floor":20},{"not_picked":["Acrobatics","Dagger Throw+1"],"picked":"Bouncing Flask","floor":21},{"not_picked":["PiercingWail+1","Deflect","Slice+1"],"picked":"SKIP","floor":23},{"not_picked":["Dagger Throw","Endless Agony","Backstab"],"picked":"SKIP","floor":25},{"not_picked":["Quick Slash+1","Deadly Poison","Distraction"],"picked":"SKIP","floor":28},{"not_picked":["Dagger Throw","Backstab"],"picked":"Noxious Fumes","floor":30},{"not_picked":["Cloak And Dagger","Catalyst","A Thousand Cuts"],"picked":"SKIP","floor":31}],"player_experience":240517,"relics_obtained":[{"floor":7,"key":"MealTicket"},{"floor":9,"key":"Whetstone"},{"floor":10,"key":"Anchor"},{"floor":23,"key":"Dream Catcher"},{"floor":26,"key":"The Courier"},{"floor":31,"key":"Peace Pipe"}],"event_choices":[{"damage_healed":0,"gold_gain":175,"player_choice":"AGREE","damage_taken":0,"max_hp_gain":0,"max_hp_loss":0,"event_name":"Liars Game","floor":2,"gold_loss":0,"cards_obtained":["Doubt"]},{"damage_healed":0,"gold_gain":0,"player_choice":"Upgraded","damage_taken":0,"max_hp_gain":0,"max_hp_loss":0,"event_name":"Upgrade Shrine","floor":5,"gold_loss":0,"cards_upgraded":["Noxious Fumes"]},{"damage_healed":0,"gold_gain":0,"player_choice":"Success","damage_taken":7,"relics_obtained":["Pear"],"max_hp_gain":0,"max_hp_loss":0,"event_name":"Scrap Ooze","floor":13,"gold_loss":0},{"cards_removed":["Strike_G"],"damage_healed":0,"gold_gain":0,"player_choice":"Upgrade and Remove","damage_taken":0,"max_hp_gain":0,"max_hp_loss":0,"event_name":"Designer","floor":19,"gold_loss":90,"cards_upgraded":["Defend_G"]},{"damage_healed":0,"gold_gain":0,"player_choice":"Ignored","damage_taken":0,"max_hp_gain":0,"max_hp_loss":0,"event_name":"Vampires","floor":29,"gold_loss":0}],"is_beta":false,"boss_relics":[{"not_picked":["Black Star","Snecko Eye"],"picked":"SlaversCollar"}],"items_purged_floors":[4,22,27],"is_endless":false,"potions_floor_spawned":[7,8,10,11,21,25],"killed_by":"Collector","ascension_level":1}}