{"host":"fqepcc6wiujntn7y","time":1611400130,"event":{"mods":["AchievementEnabler","BaseMod","Minty Spire (QoL Compilation)","Quick Restart","Replay The Spire","StSLib","The Jungle"],"gold_per_floor":[144,186,186,222,271,362,140,140,186,186,232,232,232,320,320,632,632,691,730,730,730],"floor_reached":20,"language":"ENG","playtime":1237,"items_purged":[],"score":319,"play_id":"525592bd-8804-471c-b27b-32a90569acc3","local_time":"20210123110850","daily_mods":["Hoarder","Heirloom","Flight","Midas"],"is_ascension_mode":true,"campfire_choices":[{"floor":10,"key":"REST"},{"floor":12,"key":"REST"},{"floor":13,"key":"REST"},{"floor":15,"key":"REST"}],"circlet_count":0,"master_deck":["Strike_G","Strike_G","Defend_G","Defend_G","Defend_G","Defend_G","Defend_G","Survivor","Neutralize","Deadly Poison","Deadly Poison","Deadly Poison","Infinite Blades","Infinite Blades","Infinite Blades","Tools of the Trade","Tools of the Trade","Tools of the Trade","Poisoned Stab","Poisoned Stab","Poisoned Stab","Cloak And Dagger","Cloak And Dagger","Cloak And Dagger","Accuracy","Accuracy","Accuracy","Hidden Blade","Hidden Blade","Hidden Blade","Catalyst","Catalyst","Catalyst","Accuracy","Accuracy","Accuracy","Catalyst","Catalyst","Catalyst","Burst","Burst","Burst","Cloak And Dagger","Cloak And Dagger","Cloak And Dagger","ReplayTheSpireMod:Speed Training+1","ReplayTheSpireMod:Speed Training+1","ReplayTheSpireMod:Speed Training+1"],"relics":["Ring of the Snake","Vampiric Spirits","Golden Idol","Replay:Bottled Flurry","ClockworkSouvenir","Dream Catcher","Blood Vial","Empty Cage"],"acts_visited":["Exordium","TheCity"],"potions_floor_usage":[6,18],"damage_taken":[{"damage":0,"enemies":"Jaw Worm","floor":1,"turns":3},{"damage":7,"enemies":"2 Louse","floor":2,"turns":3},{"damage":2,"enemies":"Cultist","floor":4,"turns":4},{"damage":21,"enemies":"Lots of Slimes","floor":5,"turns":5},{"damage":21,"enemies":"Gremlin Nob","floor":6,"turns":4},{"damage":11,"enemies":"Exordium Wildlife","floor":11,"turns":3},{"damage":24,"enemies":"Lagavulin","floor":14,"turns":4},{"damage":40,"enemies":"Hexaghost","floor":16,"turns":5},{"damage":34,"enemies":"3 Byrds","floor":18,"turns":6},{"damage":4,"enemies":"Chosen","floor":19,"turns":5},{"damage":38,"enemies":"Shelled Parasite and Fungi","floor":20,"turns":5}],"seed_played":"-1836668763545693613","potions_obtained":[{"floor":1,"key":"AttackPotion"},{"floor":6,"key":"Dexterity Potion"},{"floor":11,"key":"Explosive Potion"}],"is_trial":true,"path_per_floor":["M","M","?","M","M","E","$","?","T","R","M","R","R","E","R","B",null,"M","M","M"],"character_chosen":"THE_SILENT","items_purchased":["Accuracy","ClockworkSouvenir"],"campfire_rested":4,"item_purchase_floors":[7,7],"current_hp_per_floor":[70,63,46,45,24,7,7,7,7,28,17,38,59,35,56,20,70,36,36,0,0],"gold":730,"neow_bonus":"","is_daily":false,"chose_seed":false,"campfire_upgraded":0,"win_rate":0.0,"timestamp":1611400130,"path_taken":["M","M","?","M","M","E","$","?","T","R","?","R","R","E","R","BOSS","M","M","M"],"items_purchased_type":["Card","Relic"],"build_version":"2020-12-22","purchased_purges":0,"victory":false,"max_hp_per_floor":[70,70,70,70,70,70,70,70,70,70,70,70,70,70,70,70,70,70,70,70,70],"card_choices":[{"not_picked":["Endless Agony","Blade Dance"],"picked":"Deadly Poison","floor":1},{"not_picked":["Riddle With Holes","Quick Slash"],"picked":"Infinite Blades","floor":2},{"not_picked":["Acrobatics","Escape Plan"],"picked":"Tools of the Trade","floor":4},{"not_picked":["Prepared","Underhanded Strike"],"picked":"Poisoned Stab","floor":5},{"not_picked":["Infinite Blades","Dagger Throw"],"picked":"Cloak And Dagger","floor":6},{"not_picked":["Slice","Quick Slash"],"picked":"Catalyst","floor":10},{"not_picked":["Dodge and Roll","Prepared"],"picked":"Accuracy","floor":11},{"not_picked":["Flechettes","Corpse Explosion"],"picked":"Catalyst","floor":13},{"not_picked":["Deflect","Choke"],"picked":"Burst","floor":14},{"not_picked":["Hidden Blade","Prepared"],"picked":"Cloak And Dagger","floor":18},{"not_picked":["Dagger Spray","ReplayTheSpireMod:Exploit Weakness"],"picked":"ReplayTheSpireMod:Speed Training+1","floor":19}],"player_experience":67563,"relics_obtained":[{"floor":6,"key":"Replay:Bottled Flurry"},{"floor":9,"key":"Dream Catcher"},{"floor":14,"key":"Blood Vial"}],"event_choices":[{"damage_healed":0,"gold_gain":0,"player_choice":"Take Damage","damage_taken":17,"relics_obtained":["Golden Idol"],"max_hp_gain":0,"max_hp_loss":0,"event_name":"Golden Idol","floor":3,"gold_loss":0},{"damage_healed":0,"gold_gain":0,"cards_transformed":["Strike_G"],"player_choice":"Transformed","damage_taken":0,"max_hp_gain":0,"max_hp_loss":0,"event_name":"Transmorgrifier","floor":8,"gold_loss":0,"cards_obtained":["Hidden Blade"]}],"is_beta":false,"boss_relics":[{"not_picked":["SacredBark","Replay:Fungal Core"],"picked":"Empty Cage"}],"items_purged_floors":[],"is_endless":false,"potions_floor_spawned":[1,6,11],"killed_by":"Shelled Parasite and Fungi","ascension_level":1}}