{"host":"981nlwu0905dw1bz","time":1611425195,"event":{"mods":["AchievementEnabler","BaseMod","DeckTracker","Minty Spire (QoL Compilation)","Rare Cards Sparkle","SuperFastMode"],"gold_per_floor":[112,129,204,204,47,47,81,81,81,112,112,131,131,30,30,126,126,141,241,260,260,260],"floor_reached":21,"language":"KOR","playtime":1274,"items_purged":["Strike_B"],"score":336,"play_id":"8f65792b-100a-4f20-b246-ee82e7bdde99","local_time":"20210124030635","is_ascension_mode":true,"campfire_choices":[{"data":"Sweeping Beam","floor":6.0,"key":"SMITH"},{"floor":8.0,"key":"REST"},{"data":"Gash","floor":15.0,"key":"SMITH"}],"circlet_count":0,"master_deck":["AscendersBane","Strike_B","Strike_B","Strike_B","Defend_B","Defend_B","Defend_B","Defend_B","Zap+1","Dualcast+1","Sweeping Beam+1","Conserve Battery","Auto Shields","Gash","Gash+1","Electrodynamics","Go for the Eyes+1"],"relics":["Cracked Core","NeowsBlessing","Strawberry","Regal Pillow","Bottled Flame","Bird Faced Urn","Torii","Nuclear Battery"],"acts_visited":["Exordium","TheCity"],"potions_floor_usage":[],"damage_taken":[{"damage":0.0,"enemies":"Jaw Worm","floor":1.0,"turns":1.0},{"damage":0.0,"enemies":"Cultist","floor":2.0,"turns":1.0},{"damage":0.0,"enemies":"Lagavulin","floor":7.0,"turns":1.0},{"damage":33.0,"enemies":"3 Sentries","floor":10.0,"turns":6.0},{"damage":1.0,"enemies":"Small Slimes","floor":12.0,"turns":3.0},{"damage":45.0,"enemies":"The Guardian","floor":16.0,"turns":11.0},{"damage":20.0,"enemies":"Spheric Guardian","floor":18.0,"turns":5.0},{"damage":18.0,"enemies":"Shell Parasite","floor":20.0,"turns":6.0},{"damage":0,"enemies":"Snecko","floor":21,"turns":1}],"seed_played":"-6865928329301163806","potions_obtained":[{"floor":2.0,"key":"SkillPotion"},{"floor":7.0,"key":"Block Potion"},{"floor":20.0,"key":"DuplicationPotion"}],"is_trial":false,"path_per_floor":["M","M","?","?","$","R","E","R","T","E","?","M","?","$","R","B",null,"M","?","M","M"],"character_chosen":"DEFECT","items_purchased":["Regal Pillow","Gash"],"campfire_rested":1,"item_purchase_floors":[5,14],"current_hp_per_floor":[68,68,57,46,46,46,46,82,82,49,82,81,65,65,65,20,67,49,49,33,33,33],"gold":260,"neow_bonus":"THREE_ENEMY_KILL","is_daily":false,"chose_seed":false,"campfire_upgraded":2,"win_rate":0.0,"timestamp":1611425195,"path_taken":["M","M","?","?","$","R","E","R","T","E","?","?","?","$","R","BOSS","M","?","?","M"],"items_purchased_type":["Relic","Card"],"build_version":"2020-12-22","purchased_purges":1,"victory":false,"max_hp_per_floor":[75,75,75,82,82,82,82,82,82,82,82,82,82,82,82,82,82,82,82,82,82,82],"card_choices":[{"not_picked":["Stack","Turbo","Barrage"],"picked":"SKIP","floor":1.0},{"not_picked":["Beam Cell","Storm"],"picked":"Sweeping Beam","floor":2.0},{"not_picked":["Amplify","Reprogram"],"picked":"Conserve Battery","floor":7.0},{"not_picked":["Storm","Chaos"],"picked":"Auto Shields","floor":10.0},{"not_picked":["Hologram","Consume"],"picked":"Gash","floor":12.0},{"not_picked":["Biased Cognition","Thunder Strike"],"picked":"Electrodynamics","floor":16.0},{"not_picked":["Undo","Turbo"],"picked":"Go for the Eyes+1","floor":18.0},{"not_picked":["Force Field+1","Cold Snap","Compile Driver"],"picked":"SKIP","floor":20.0}],"player_experience":557782,"relics_obtained":[{"floor":7.0,"key":"Bottled Flame"},{"floor":9.0,"key":"Bird Faced Urn"},{"floor":10.0,"key":"Torii"}],"event_choices":[{"damage_healed":0.0,"max_hp_gain":0.0,"max_hp_loss":0.0,"gold_gain":75.0,"event_name":"World of Goop","player_choice":"Gather Gold","floor":3.0,"gold_loss":0.0,"damage_taken":11.0},{"damage_healed":0.0,"max_hp_gain":0.0,"max_hp_loss":0.0,"gold_gain":0.0,"event_name":"Scrap Ooze","player_choice":"Success","floor":4.0,"gold_loss":0.0,"damage_taken":18.0,"relics_obtained":["Strawberry"]},{"damage_healed":33.0,"max_hp_gain":0.0,"max_hp_loss":0.0,"gold_gain":0.0,"event_name":"Wheel of Change","player_choice":"Full Heal","floor":11.0,"gold_loss":0.0,"damage_taken":0.0},{"damage_healed":0.0,"max_hp_gain":0.0,"max_hp_loss":0.0,"gold_gain":0.0,"event_name":"Shining Light","player_choice":"Entered Light","floor":13.0,"gold_loss":0.0,"damage_taken":16.0,"cards_upgraded":["Dualcast","Zap"]},{"damage_healed":0.0,"max_hp_gain":0.0,"max_hp_loss":0.0,"gold_gain":100.0,"event_name":"Golden Shrine","player_choice":"Pray","floor":19.0,"gold_loss":0.0,"damage_taken":0.0}],"is_beta":false,"boss_relics":[{"not_picked":["Fusion Hammer","Runic Dome"],"picked":"Nuclear Battery"}],"items_purged_floors":[14],"is_endless":false,"potions_floor_spawned":[2,7,20],"killed_by":"Snecko","ascension_level":12}}