{"host":"vrsxkkch9ccrec7k","time":1611374834,"event":{"mods":["Act Like it!","BaseMod","Bestiary","Better Altar","Better Match","Better Note","Better Sensory Stone","Better Skull","Better Third Choice","Better Vampires","Downfall","Minty Spire (QoL Compilation)","Permanent Neow","Relic Stats","Spicy Shops","StSLib"],"gold_per_floor":[99,118,118,3,23,33,33,33,59,75,94,121,132,37,54,152,152,152,170,189,189,189,189,189,219,19,19,49,26,26,57,72,168,168,68,105,125,161,161,184,184,184,194,94,124,143,27,38,57,57,57],"floor_reached":50,"language":"ENG","playtime":5393,"items_purged":["sneckomod:Strike","sneckomod:Strike"],"score":720,"play_id":"1068ff40-249f-430e-b3cc-811c8a0687c6","local_time":"20210122230714","is_ascension_mode":true,"campfire_choices":[{"data":"sneckomod:Unknown","floor":1,"key":"SMITH"},{"data":"sneckomod:SerpentMind","floor":18,"key":"SMITH"},{"data":"sneckomod:UnknownRareSkill","floor":27,"key":"SMITH"},{"floor":30,"key":"REST"},{"floor":44,"key":"REST"}],"circlet_count":0,"master_deck":["sneckomod:Defend","sneckomod:Defend","sneckomod:Defend","sneckomod:TailWhip","sneckomod:SnekBite+1","sneckomod:ImprovisedAttack+1","sneckomod:Nope","Demon Form","sneckomod:QuickMove","sneckomod:UnknownUncommonPower","sneckomod:WideSting","sneckomod:SerpentMind+1","sneckomod:Rotation+1","sneckomod:RainOfDice+1","sneckomod:SoulDraw","Dark Shackles","HandOfGreed","Shockwave","sneckomod:ImprovisedGuard+1","sneckomod:QuickBite+1","sneckomod:UnlimitedRolls","sneckomod:DangerNoodle","sneckomod:UnknownExhaust+1","sneckomod:CheapStock","sneckomod:UnlimitedRolls","Limit Break+1","Metallicize","sneckomod:QuickMove+1","Sever Soul+1","sneckomod:TrashToTreasure+1","sneckomod:MasterEye+1","sneckomod:UnknownRareAttack","sneckomod:UnknownRareSkill","sneckomod:UnknownRarePower+1","sneckomod:SlitherStrike","sneckomod:SoulDraw"],"relics":["sneckomod:SneckoSoul","Toy Ornithopter","Question Card","sneckomod:BlankCard","The Courier","Astrolabe","Oddly Smooth Stone","Orrery","Pen Nib","Torii","Art of War","Vajra","bronze:MakeshiftBattery","downfall:HeartBlessingGreen","HornCleat","Whetstone","Frozen Egg 2","downfall:HeartBlessingBlue","sneckomod:RareBoosterPack"],"acts_visited":["Exordium","TheCity","TheBeyond"],"potions_floor_usage":[12,12,13,16,16,19,20,25,28,28,29,29,29,32,36,50,50],"damage_taken":[{"damage":0,"enemies":"2 Louse","floor":2,"turns":3},{"damage":0,"enemies":"downfall:FleeingMerchant","floor":4,"turns":4},{"damage":0,"enemies":"Cultist","floor":5,"turns":2},{"damage":4,"enemies":"Small Slimes","floor":6,"turns":3},{"damage":10,"enemies":"Lagavulin","floor":9,"turns":5},{"damage":2,"enemies":"Exordium Wildlife","floor":10,"turns":3},{"damage":0,"enemies":"Red Slaver","floor":11,"turns":5},{"damage":25,"enemies":"Gremlin Nob","floor":12,"turns":4},{"damage":15,"enemies":"Exordium Thugs","floor":13,"turns":5},{"damage":7,"enemies":"downfall:FleeingMerchant","floor":14,"turns":4},{"damage":0,"enemies":"Large Slime","floor":15,"turns":3},{"damage":50,"enemies":"SI_SHIV_ARCHETYPE","floor":16,"turns":10},{"damage":17,"enemies":"3 Byrds","floor":19,"turns":6},{"damage":43,"enemies":"Spheric Guardian","floor":20,"turns":6},{"damage":15,"enemies":"Book of Stabbing","floor":25,"turns":5},{"damage":4,"enemies":"downfall:FleeingMerchant","floor":26,"turns":4},{"damage":48,"enemies":"Slavers","floor":28,"turns":7},{"damage":0,"enemies":"downfall:FleeingMerchant","floor":29,"turns":3},{"damage":24,"enemies":"Book of Stabbing","floor":31,"turns":5},{"damage":24,"enemies":"Shelled Parasite and Fungi","floor":32,"turns":4},{"damage":17,"enemies":"WA_ARCHETYPE_CALM","floor":33,"turns":9},{"damage":6,"enemies":"3 Shapes","floor":36,"turns":4},{"damage":0,"enemies":"Orb Walker","floor":37,"turns":2},{"damage":32,"enemies":"Sphere and 2 Shapes","floor":38,"turns":15},{"damage":38,"enemies":"Transient","floor":43,"turns":5},{"damage":0,"enemies":"Spire Growth","floor":45,"turns":4},{"damage":12,"enemies":"Sphere and 2 Shapes","floor":46,"turns":5},{"damage":21,"enemies":"3 Darklings","floor":48,"turns":5},{"damage":23,"enemies":"Writhing Mass","floor":49,"turns":5},{"damage":46,"enemies":"DF_ARCHETYPE_ORBS","floor":50,"turns":5}],"seed_played":"3994109174935075493","potions_obtained":[{"floor":2,"key":"Strength Potion"},{"floor":9,"key":"EntropicBrew"},{"floor":15,"key":"Dexterity Potion"},{"floor":25,"key":"SteroidPotion"},{"floor":28,"key":"EntropicBrew"},{"floor":31,"key":"LiquidBronze"},{"floor":32,"key":"Ancient Potion"},{"floor":33,"key":"SneckoOil"},{"floor":37,"key":"Explosive Potion"},{"floor":46,"key":"FairyPotion"},{"floor":49,"key":"DistilledChaos"}],"is_trial":false,"path_per_floor":["R","M","?","$","M","M","T","R","E","M","M","E","M","$","M","B",null,"R","M","M","?","?","R","T","E","$","R","E","$","R","E","M","B",null,"R","M","M","M","T","T","T","?","M","R","M","M","$","M","M","B"],"character_chosen":"THE_SNECKO","items_purchased":["sneckomod:IronFang","Orrery","sneckomod:DangerNoodle","Torii","Art of War","sneckomod:RareBoosterPack"],"campfire_rested":2,"item_purchase_floors":[4,26,26,29,29,47],"current_hp_per_floor":[90,90,90,90,90,86,86,86,76,74,74,59,49,42,42,2,68,68,60,22,22,53,53,53,43,39,39,1,16,44,20,7,27,77,77,76,76,44,44,44,44,44,6,47,47,39,39,18,32,0,0],"gold":57,"neow_bonus":"RANDOM_COMMON_RELIC","is_daily":false,"chose_seed":false,"campfire_upgraded":3,"win_rate":0.0,"timestamp":1611374834,"path_taken":["R","M","?","?","?","M","T","R","E","M","M","E","M","$","M","BOSS","R","M","M","?","?","R","T","E","?","R","E","$","R","E","M","BOSS","R","M","M","M","?","?","T","?","M","R","M","M","$","M","M","BOSS"],"items_purchased_type":["Card","Relic","Card","Relic","Relic","Relic"],"build_version":"2020-12-22","purchased_purges":2,"victory":false,"max_hp_per_floor":[90,90,90,90,90,90,90,90,90,90,90,90,90,90,90,90,90,90,94,94,94,94,94,94,94,94,94,94,94,94,94,94,94,94,94,94,94,94,94,94,94,94,94,104,104,108,108,108,108,108,108],"relic_stats":{"Torii":33,"counters":[30,150],"Astrolabe":["sneckomod:Rotation","sneckomod:RainOfDice","sneckomod:MixItUp"],"Pen Nib":[9],"Art of War":[20],"Whetstone":["sneckomod:ImprovisedAttack","Sever Soul"],"Question Card":32,"obtain_stats":[{"Torii":29,"sneckomod:BlankCard":9,"Astrolabe":17,"Oddly Smooth Stone":25,"Vajra":31,"downfall:HeartBlessingGreen":35,"The Courier":12,"Pen Nib":28,"Whetstone":40,"Frozen Egg 2":41,"sneckomod:SneckoSoul":0,"Question Card":7,"HornCleat":39,"downfall:HeartBlessingBlue":44,"Orrery":26,"Art of War":29,"sneckomod:RareBoosterPack":47,"Toy Ornithopter":0,"bronze:MakeshiftBattery":34},{"Torii":18,"sneckomod:BlankCard":5,"Astrolabe":12,"Oddly Smooth Stone":15,"Vajra":19,"downfall:HeartBlessingGreen":21,"The Courier":8,"Pen Nib":17,"Whetstone":24,"Frozen Egg 2":24,"sneckomod:SneckoSoul":0,"Question Card":4,"HornCleat":24,"downfall:HeartBlessingBlue":25,"Orrery":16,"Art of War":18,"sneckomod:RareBoosterPack":27,"Toy Ornithopter":0,"bronze:MakeshiftBattery":21},{"Torii":82,"sneckomod:BlankCard":17,"Astrolabe":51,"Oddly Smooth Stone":68,"Vajra":87,"downfall:HeartBlessingGreen":100,"The Courier":29,"Pen Nib":79,"Whetstone":121,"Frozen Egg 2":121,"sneckomod:SneckoSoul":0,"Question Card":12,"HornCleat":121,"downfall:HeartBlessingBlue":126,"Orrery":72,"Art of War":82,"sneckomod:RareBoosterPack":135,"Toy Ornithopter":0,"bronze:MakeshiftBattery":100}],"Toy Ornithopter":85},"card_choices":[{"not_picked":["sneckomod:SerpentIdol","sneckomod:SoulDraw"],"picked":"sneckomod:UnknownCommonAttack","floor":2},{"not_picked":["sneckomod:UnknownCommonAttack","sneckomod:UnknownStrength","sneckomod:UnknownColorless"],"picked":"SKIP","floor":4},{"not_picked":["sneckomod:SoulRoll","sneckomod:Unknown1Cost"],"picked":"sneckomod:ImprovisedAttack","floor":5},{"not_picked":["sneckomod:UnknownCommonSkill","sneckomod:UnknownDraw"],"picked":"sneckomod:Nope","floor":6},{"not_picked":["sneckomod:DiceBlock","sneckomod:IronFang","sneckomod:UnknownCommonAttack"],"picked":"sneckomod:UnknownWeak","floor":9},{"not_picked":["sneckomod:UnknownX","sneckomod:UnknownWeak","sneckomod:UnknownCommonAttack"],"picked":"sneckomod:QuickMove","floor":10},{"not_picked":["sneckomod:DiceBlock","sneckomod:SlitherStrike","sneckomod:SoulDraw"],"picked":"sneckomod:UnknownUncommonPower","floor":11},{"not_picked":["sneckomod:IronFang","sneckomod:UnknownX","sneckomod:UnknownDexterity","sneckomod:Unknown2Cost"],"picked":"SKIP","floor":12},{"not_picked":["sneckomod:IronFang","sneckomod:UnknownX","sneckomod:UnknownDexterity","sneckomod:Unknown2Cost"],"picked":"SKIP","floor":12},{"not_picked":["sneckomod:UnknownCommonSkill","sneckomod:SoulRoll","sneckomod:UnknownCommonAttack","sneckomod:QuickBite"],"picked":"SKIP","floor":13},{"not_picked":["sneckomod:IronFang","sneckomod:MixItUp","sneckomod:UnendingSupply"],"picked":"sneckomod:WideSting","floor":14},{"not_picked":["sneckomod:QuickMove","sneckomod:DiceCrush","sneckomod:RainOfDice","sneckomod:Cheat"],"picked":"SKIP","floor":15},{"not_picked":["sneckomod:Cheat","sneckomod:SoulExchange","sneckomod:UnknownRareAttack"],"picked":"sneckomod:SerpentMind","floor":16},{"not_picked":["sneckomod:UnknownClassSLIMEBOUND+1","sneckomod:QuickMove","sneckomod:RainOfDice"],"picked":"sneckomod:UnknownBlock+1","floor":19},{"not_picked":["sneckomod:DiceBlock+1","sneckomod:UnknownCommonAttack","sneckomod:DiceCrush"],"picked":"sneckomod:SoulDraw","floor":20},{"not_picked":["Forethought","Deep Breath","Blind"],"picked":"Dark Shackles","floor":21},{"not_picked":["Secret Technique","Jack Of All Trades","Flash of Steel"],"picked":"HandOfGreed","floor":21},{"not_picked":["sneckomod:GlitteringGambit","sneckomod:WideSting+1","sneckomod:Rotation"],"picked":"sneckomod:ImprovisedGuard+1","floor":25},{"not_picked":["sneckomod:QuickMove","sneckomod:UnknownClassRED","sneckomod:Unknown1Cost"],"picked":"sneckomod:QuickBite+1","floor":26},{"not_picked":["sneckomod:DiceBlock+1","sneckomod:UnknownBlock","sneckomod:IronFang"],"picked":"sneckomod:UnlimitedRolls","floor":26},{"not_picked":["sneckomod:UnknownCommonAttack+1","sneckomod:DiceCrush","sneckomod:UnknownClassRED"],"picked":"sneckomod:Memorize","floor":26},{"not_picked":["sneckomod:UnknownCommonSkill+1","sneckomod:UnknownUncommonSkill","sneckomod:DiceBlock"],"picked":"sneckomod:UnknownRareSkill","floor":26},{"not_picked":["sneckomod:UnknownRareAttack","sneckomod:UnknownWeak","sneckomod:UnknownClassTHE_BRONZE_AUTOMATON"],"picked":"sneckomod:UnknownExhaust+1","floor":28},{"not_picked":["sneckomod:SoulCleanse","sneckomod:Memorize","sneckomod:UnknownCommonSkill+1"],"picked":"sneckomod:CheapStock","floor":29},{"not_picked":["sneckomod:QuickMove+1","sneckomod:MasterEye","sneckomod:UnknownCommonAttack"],"picked":"sneckomod:Memorize+1","floor":31},{"not_picked":["sneckomod:UnknownClassSLIMEBOUND","sneckomod:DiceCrush+1","sneckomod:UnknownClassTHE_BRONZE_AUTOMATON+1","sneckomod:Unknown1Cost"],"picked":"SKIP","floor":32},{"not_picked":["sneckomod:Cheat","sneckomod:UnknownRareAttack","sneckomod:UnknownRareSkill"],"picked":"sneckomod:UnlimitedRolls","floor":33},{"not_picked":["sneckomod:UnknownClassSLIMEBOUND+1","sneckomod:CheapStock","sneckomod:UnknownClassRED+1","sneckomod:IronFang+1"],"picked":"SKIP","floor":36},{"not_picked":["sneckomod:UnknownClassRED","sneckomod:UnknownColorless","sneckomod:Unknown1Cost"],"picked":"sneckomod:QuickMove+1","floor":37},{"not_picked":["sneckomod:UnknownBlock+1","sneckomod:ImprovisedAttack+1","sneckomod:UnknownClassSLIMEBOUND","sneckomod:QuickMove"],"picked":"SKIP","floor":38},{"not_picked":["sneckomod:Unknown1Cost","sneckomod:UnknownClassSLIMEBOUND+1","sneckomod:SnekBeam","sneckomod:SerpentIdol"],"picked":"SKIP","floor":43},{"not_picked":["sneckomod:UnknownClassTHE_BRONZE_AUTOMATON","sneckomod:DangerNoodle","sneckomod:UnknownCommonSkill+1"],"picked":"sneckomod:TrashToTreasure+1","floor":45},{"not_picked":["sneckomod:SoulRoll+1","sneckomod:UnknownCommonSkill","sneckomod:DefensiveFlair"],"picked":"sneckomod:MasterEye+1","floor":46},{"not_picked":["sneckomod:DiceBoulder","sneckomod:RainOfDice+1","sneckomod:Rotation"],"picked":"sneckomod:SlitherStrike","floor":48},{"not_picked":["sneckomod:SnekBeam+1","sneckomod:QuickBite","sneckomod:DiceCrush"],"picked":"sneckomod:SoulDraw","floor":49}],"player_experience":1691457,"relics_obtained":[{"floor":7,"key":"Question Card"},{"floor":9,"key":"sneckomod:BlankCard"},{"floor":12,"key":"The Courier"},{"floor":25,"key":"Oddly Smooth Stone"},{"floor":28,"key":"Pen Nib"},{"floor":31,"key":"Vajra"},{"floor":39,"key":"HornCleat"},{"floor":40,"key":"Whetstone"},{"floor":41,"key":"Frozen Egg 2"}],"event_choices":[{"damage_healed":0,"gold_gain":2,"player_choice":"1","damage_taken":0,"max_hp_gain":0,"max_hp_loss":0,"event_name":"betterStone:BetterStone","floor":21,"gold_loss":0},{"damage_healed":31,"gold_gain":0,"player_choice":"Heal","damage_taken":0,"max_hp_gain":0,"max_hp_loss":0,"event_name":"The Library","floor":22,"gold_loss":0},{"cards_removed":["sneckomod:MixItUp"],"damage_healed":0,"gold_gain":0,"player_choice":"Removed Attack","damage_taken":0,"max_hp_gain":0,"max_hp_loss":0,"event_name":"Falling","floor":42,"gold_loss":0}],"is_beta":false,"boss_relics":[{"not_picked":["Sozu","Empty Cage"],"picked":"Astrolabe"},{"not_picked":["Coffee Dripper","Black Star"],"picked":"bronze:MakeshiftBattery"}],"items_purged_floors":[4,14],"is_endless":false,"potions_floor_spawned":[2,9,15,25,28,31,32,33,37,46,48,49],"killed_by":"DF_ARCHETYPE_ORBS","ascension_level":5}}