{"host":"f76kcizrccta30ww","time":1611392004,"event":{"mods":["Act Like it!","Aspiration","BaseMod","Gensokyo","Marisa（F雨　魔理沙）","Minty Spire (QoL Compilation)","Pale of the Ancients","Replay The Spire","Shop Mod","StSLib","TestMod","vexMod"],"gold_per_floor":[113,124,141,141,141,141,181,181,206,221,221,91,104,104,104,223,223,238,153,23,44,97,133,133,156,156,191,191,209,209,209,209,335,335,356,756,1089,1089,1089,1089],"floor_reached":39,"language":"ZHS","playtime":1485,"items_purged":[],"score":590,"play_id":"ce28a96a-34b0-449b-af76-bc4d8398559c","local_time":"20210123165324","is_ascension_mode":false,"campfire_choices":[{"data":"Carnage","floor":6,"key":"SMITH"},{"data":"Infernal Blade","floor":11,"key":"SMITH"},{"floor":15,"key":"REST"},{"data":"Envenom","floor":24,"key":"SMITH"},{"floor":28,"key":"REST"},{"floor":30,"key":"REST"},{"data":"Bash","floor":32,"key":"SMITH"}],"circlet_count":0,"master_deck":["Defend_R","Defend_R","Defend_R","Bash+1","Feel No Pain","Carnage+1","Metallicize","Infernal Blade+1","Eclipse","Dropkick","Inflame","Injury","Limit Break+1","Acrobatics+1","Envenom+1","Flame Barrier+1","Distraction+1","Corpse Explosion+1","Feed","ReplayTheSpireMod:LeadingStrike+1"],"relics":["Burning Blood","testmod-Temperance","Mirror","King of Hearts","MerchantsRug","Toxic Egg 2","aspiration:SilentSkillbook","Happy Flower","vexMod:Dragonfruit","testmod-InfectionSource","Onion Ring","Juzu Bracelet","SlaversCollar"],"acts_visited":["Exordium","TheCity","TheBeyond"],"potions_floor_usage":[16,33],"damage_taken":[{"damage":6,"enemies":"Cultist","floor":1,"turns":3},{"damage":1,"enemies":"Jaw Worm","floor":2,"turns":3},{"damage":3,"enemies":"Small Slimes","floor":3,"turns":3},{"damage":28,"enemies":"Replay:BlueRogue","floor":7,"turns":5},{"damage":10,"enemies":"Blue Slaver","floor":10,"turns":5},{"damage":0,"enemies":"Exordium Wildlife","floor":13,"turns":3},{"damage":15,"enemies":"Fading Forest","floor":16,"turns":11},{"damage":1,"enemies":"3 Byrds","floor":18,"turns":4},{"damage":5,"enemies":"Chosen","floor":21,"turns":3},{"damage":19,"enemies":"Replay:Snechameleon","floor":23,"turns":5},{"damage":15,"enemies":"3 Cultists","floor":25,"turns":3},{"damage":56,"enemies":"Slavers","floor":27,"turns":4},{"damage":21,"enemies":"Snake Plant","floor":29,"turns":4},{"damage":46,"enemies":"Collector","floor":33,"turns":6},{"damage":0,"enemies":"3 Shapes","floor":35,"turns":3},{"damage":100,"enemies":"2 Orb Walkers","floor":39,"turns":4}],"seed_played":"9010272213719983419","potions_obtained":[{"floor":3,"key":"ColorlessPotion"},{"floor":10,"key":"Strength Potion"},{"floor":13,"key":"SteroidPotion"},{"floor":21,"key":"Strength Potion"},{"floor":23,"key":"Dexterity Potion"},{"floor":27,"key":"FearPotion"},{"floor":33,"key":"Strength Potion"}],"is_trial":false,"path_per_floor":["M","M","M","?","$","R","E","?","T","M","R","$","M","?","R","B",null,"M","?","$","M","$","E","R","M","T","E","R","M","R","?","R","B",null,"M","?","?","?","?"],"character_chosen":"IRONCLAD","items_purchased":["MerchantsRug","aspiration:Nostalgia"],"campfire_rested":3,"item_purchase_floors":[12,20],"current_hp_per_floor":[80,80,80,60,60,60,38,38,38,34,34,34,40,40,64,65,80,80,80,80,80,80,72,72,63,63,13,38,23,48,48,48,8,85,85,85,85,85,0,0],"gold":1089,"neow_bonus":"THREE_CARDS","is_daily":false,"chose_seed":false,"campfire_upgraded":4,"win_rate":0.0,"timestamp":1611392004,"path_taken":["M","M","M","?","$","R","E","?","T","M","R","$","?","?","R","BOSS","M","?","$","M","$","E","R","M","T","E","R","M","R","?","R","BOSS","M","?","?","?","?"],"items_purchased_type":["Relic","Relic"],"build_version":"2020-12-22","purchased_purges":0,"victory":false,"max_hp_per_floor":[80,80,80,80,80,80,80,80,80,80,80,80,80,80,80,80,80,80,80,80,80,80,85,85,85,85,85,85,85,85,85,85,85,85,85,85,85,85,85,85],"card_choices":[{"not_picked":["Clothesline","Shrug It Off"],"picked":"Warcry","floor":0.0},{"not_picked":["Body Slam","Pommel Strike"],"picked":"Feel No Pain","floor":1},{"not_picked":["ReplayTheSpireMod:Strike From Hell","Iron Wave"],"picked":"Carnage","floor":2},{"not_picked":["Shrug It Off","Burning Pact"],"picked":"Metallicize","floor":3},{"not_picked":["Twin Strike","ReplayTheSpireMod:Corrosion Curse"],"picked":"Infernal Blade","floor":7},{"not_picked":["Seeing Red","Headbutt"],"picked":"Dropkick","floor":10},{"not_picked":["Replay:Undeath\u0027s Touch","Clothesline"],"picked":"Inflame","floor":13},{"not_picked":["Demonic Infusion+1","Barricade"],"picked":"Limit Break+1","floor":16},{"not_picked":["Sword Boomerang","Accuracy+1","Sucker Punch+1"],"picked":"Acrobatics+1","floor":18},{"not_picked":["Deadly Poison+1","Perfected Strike+1","Iron Wave","Dodge and Roll+1"],"picked":"SKIP","floor":21},{"not_picked":["Anger","Whirlwind","Flex+1"],"picked":"Envenom","floor":23},{"not_picked":["Clash","Clothesline","Reckless Charge"],"picked":"Flame Barrier+1","floor":25},{"not_picked":["Pommel Strike","Flex+1","Sword Boomerang+1"],"picked":"Distraction+1","floor":27},{"not_picked":["Deflect+1","Run Through+1","Dagger Spray"],"picked":"Corpse Explosion+1","floor":29},{"not_picked":["Storm of Steel+1","Reaper","Replay:Many Hands+1"],"picked":"Feed","floor":33},{"not_picked":["Thunderclap","Slice","Backstab+1"],"picked":"ReplayTheSpireMod:LeadingStrike+1","floor":35}],"player_experience":3116,"relics_obtained":[{"floor":7,"key":"Mirror"},{"floor":9,"key":"King of Hearts"},{"floor":23,"key":"vexMod:Dragonfruit"},{"floor":26,"key":"testmod-InfectionSource"},{"floor":27,"key":"Onion Ring"}],"event_choices":[{"damage_healed":0,"gold_gain":0,"player_choice":"Take Damage","damage_taken":20,"relics_obtained":["Golden Idol"],"max_hp_gain":0,"max_hp_loss":0,"event_name":"Golden Idol","floor":4,"gold_loss":0},{"damage_healed":0,"gold_gain":0,"cards_transformed":["Defend_R"],"player_choice":"Transformed","damage_taken":0,"max_hp_gain":0,"max_hp_loss":0,"event_name":"Transmorgrifier","floor":8,"gold_loss":0,"cards_obtained":["Eclipse"]},{"damage_healed":0,"gold_gain":0,"player_choice":"Obtained Relic","damage_taken":0,"relics_obtained":["Happy Flower"],"max_hp_gain":0,"max_hp_loss":0,"event_name":"Addict","floor":19,"gold_loss":85},{"damage_healed":0,"gold_gain":0,"player_choice":"Swap Relic","damage_taken":0,"relics_obtained":["Juzu Bracelet"],"max_hp_gain":0,"max_hp_loss":0,"event_name":"给自己的盒子","floor":31,"relics_lost":["Cracked Core"],"gold_loss":0},{"damage_healed":0,"gold_gain":400,"player_choice":"Sell","damage_taken":0,"max_hp_gain":0,"max_hp_loss":0,"event_name":"恩洛斯的盘子","floor":36,"relics_lost":["testmod-TestBox"],"gold_loss":0},{"damage_healed":0,"gold_gain":333,"player_choice":"Gave Idol","damage_taken":0,"max_hp_gain":0,"max_hp_loss":0,"event_name":"The Moai Head","floor":37,"relics_lost":["Golden Idol"],"gold_loss":0},{"damage_healed":0,"gold_gain":0,"player_choice":"Ignored","damage_taken":0,"max_hp_gain":0,"max_hp_loss":0,"event_name":"Tomb of Lord Red Mask","floor":38,"gold_loss":0},{"damage_healed":0,"gold_gain":0,"player_choice":"Fight","damage_taken":0,"max_hp_gain":0,"max_hp_loss":0,"event_name":"Mysterious Sphere","floor":39,"gold_loss":0}],"is_beta":false,"boss_relics":[{"not_picked":["Kintsugi","Sozu"],"picked":"aspiration:SilentSkillbook"},{"not_picked":["vexMod:ImprovementManual","Fusion Hammer"],"picked":"SlaversCollar"}],"items_purged_floors":[],"is_endless":false,"potions_floor_spawned":[3,10,13,21,23,27,33],"killed_by":"2 Orb Walkers","ascension_level":0}}