{"host":"vgoo8hagqzs0eqkg","time":1611414401,"event":{"mods":["BaseMod","Downfall","Minty Spire (QoL Compilation)","Quick Restart","StSLib"],"gold_per_floor":[99,99,99,24,174,74,74,74,74,84,84,112,125,125,144,144,144,144],"floor_reached":16,"language":"ZHS","playtime":482,"items_purged":["Guardian:Strike_Guardian"],"score":96,"play_id":"4f7ce187-3aa3-4ede-8759-5804c9d5252f","local_time":"20210123230641","is_ascension_mode":false,"campfire_choices":[{"floor":1,"key":"RECALL"},{"data":"Guardian:MultiBeam","floor":6,"key":"SMITH"}],"circlet_count":0,"master_deck":["Guardian:Strike_Guardian","Guardian:Strike_Guardian","Guardian:Defend_Guardian","Guardian:Defend_Guardian","Guardian:Defend_Guardian","Guardian:Defend_Guardian","Guardian:CurlUp","Guardian:TwinSlam","Guardian:MultiBeam+1","Guardian:Gem_Synthetic","Guardian:Gem_Red","Guardian:Incinerate+1","Guardian:Gem_White","Guardian:Reroute+1"],"relics":["Guardian:ModeShifter","downfall:HeartsMalice","downfall:HeartBlessingRed","Slimebound:PreparedRelic","Guardian:PickAxe","Molten Egg 2","downfall:BrokenWingStatue"],"acts_visited":["Exordium"],"potions_floor_usage":[],"damage_taken":[{"damage":0,"enemies":"Small Slimes","floor":2,"turns":1},{"damage":0,"enemies":"2 Louse","floor":3,"turns":1},{"damage":0,"enemies":"downfall:FleeingMerchant","floor":4,"turns":1},{"damage":20,"enemies":"downfall:FleeingMerchant","floor":8,"turns":3},{"damage":4,"enemies":"Jaw Worm","floor":10,"turns":3},{"damage":17,"enemies":"3 Sentries","floor":12,"turns":9},{"damage":12,"enemies":"Blue Slaver","floor":13,"turns":4},{"damage":11,"enemies":"2 Fungi Beasts","floor":15,"turns":3},{"damage":25,"enemies":"WA_ARCHETYPE_RETAIN","floor":16,"turns":6}],"seed_played":"712073183456045816","potions_obtained":[{"floor":10,"key":"SteroidPotion"},{"floor":12,"key":"Fire Potion"}],"is_trial":false,"path_per_floor":["R","M","M","$","?","R","T","?","?","M","?","E","M","?","M","B"],"character_chosen":"GUARDIAN","items_purchased":[],"campfire_rested":0,"item_purchase_floors":[],"current_hp_per_floor":[80,80,80,80,80,80,80,60,60,56,56,39,27,27,16,0,0,0],"gold":144,"neow_bonus":"THREE_ENEMY_KILL","is_daily":false,"chose_seed":false,"campfire_upgraded":1,"win_rate":0.0,"timestamp":1611414401,"path_taken":["R","M","M","$","?","R","T","?","?","M","?","E","M","?","M","BOSS"],"items_purchased_type":[],"build_version":"2020-12-22","purchased_purges":1,"victory":false,"max_hp_per_floor":[80,80,80,80,80,80,80,80,80,80,80,80,80,80,80,80,80,80],"card_choices":[{"not_picked":["Guardian:TemporalShield","Guardian:Incinerate"],"picked":"Guardian:MultiBeam","floor":2},{"not_picked":["Guardian:MultiBeam","Guardian:Planning"],"picked":"Guardian:Gem_Red","floor":3},{"not_picked":["Guardian:Gem_Green","Guardian:RollAttack"],"picked":"Guardian:Gem_Purple","floor":4},{"not_picked":["Guardian:Gem_Cyan","Guardian:RollAttack"],"picked":"Guardian:Gem_Synthetic","floor":10},{"not_picked":["Guardian:Harden","Guardian:PrimingBeam+1"],"picked":"Guardian:Incinerate+1","floor":12},{"not_picked":["Guardian:WalkerClaw+1","Guardian:PiercingHide"],"picked":"Guardian:Gem_White","floor":13},{"not_picked":["Guardian:PiercingHide","Guardian:Gem_Red"],"picked":"Guardian:Reroute+1","floor":15}],"player_experience":443320,"relics_obtained":[{"floor":7,"key":"Slimebound:PreparedRelic"},{"floor":12,"key":"Molten Egg 2"}],"event_choices":[],"is_beta":false,"boss_relics":[],"items_purged_floors":[4],"is_endless":false,"potions_floor_spawned":[10,12],"killed_by":"WA_ARCHETYPE_RETAIN","ascension_level":0}}