{"host":"gqcohn9v5baj3dmw","time":1611436032,"event":{"mods":["BaseMod","Better Note","Better Sensory Stone","Better Skull","Colored Map","Downfall","Marked Mod","Minty Spire (QoL Compilation)","Rare Cards Sparkle","Relic Stats","StSLib"],"gold_per_floor":[99,99,99,113,131,131,157,177,189,189,203,203,4,18,33,132,132,132,132,149,67,167,182,182,182,30,30,30,46,46,64,81,183,183,183,202,216,97,109,109,134,6,6,35,55,55,55,87,105,105,105,105],"floor_reached":50,"language":"ENG","playtime":2681,"items_purged":["bronze:Strike"],"score":569,"play_id":"e935dc71-839d-4b3c-95f9-b2f761d25548","local_time":"20210123220712","is_ascension_mode":true,"campfire_choices":[{"data":"bronze:Replicate","floor":1.0,"key":"SMITH"},{"data":"bronze:GetLatest","floor":6.0,"key":"SMITH"},{"data":"bronze:GetLatest","floor":10.0,"key":"SMITH"},{"data":"bronze:ClassDefault","floor":12.0,"key":"SMITH"},{"data":"bronze:RecursiveStrike","floor":18.0,"key":"SMITH"},{"data":"bronze:BugBarrage","floor":25.0,"key":"SMITH"},{"data":"bronze:Frontload","floor":27.0,"key":"SMITH"},{"floor":30.0,"key":"REST"},{"data":"bronze:BugBarrage","floor":35.0,"key":"SMITH"},{"data":"bronze:BugBarrage","floor":40,"key":"SMITH"},{"data":"bronze:Frontload","floor":43,"key":"SMITH"},{"floor":47,"key":"REST"}],"circlet_count":0,"master_deck":["bronze:Strike","bronze:Strike","bronze:Defend","bronze:Defend","bronze:Defend","bronze:Defend","bronze:Replicate+1","bronze:Goto+1","bronze:GetLatest+1","bronze:GetLatest+1","bronze:ClassDefault+1","bronze:RecursiveStrike+1","bronze:Overheat","bronze:ThunderWave","Necronomicurse","bronze:Repulsor+1","bronze:BugBarrage+1","bronze:Frontload+1","bronze:DecaBeam","bronze:BugBarrage+1","bronze:BugBarrage+1","bronze:BronzeOrb+1","bronze:ShipIt","bronze:ItsAFeature+1","bronze:BugBarrage+1","bronze:Frontload+1","bronze:ClassDefault+1","bronze:ItsAFeature+1"],"relics":["bronze:BronzeCore","downfall:ShatteredFragment","Regal Pillow","Medical Kit","bronze:MakeshiftBattery","Necronomicon","Bottled Tornado","Frozen Egg 2","DollysMirror","Busted Crown","Art of War","Blood Vial","bronze:ProtectiveGoggles"],"acts_visited":["Exordium","TheCity","TheBeyond"],"potions_floor_usage":[44,50],"damage_taken":[{"damage":1.0,"enemies":"Jaw Worm","floor":4.0,"turns":3.0},{"damage":0.0,"enemies":"Small Slimes","floor":5.0,"turns":3.0},{"damage":0.0,"enemies":"Cultist","floor":8.0,"turns":2.0},{"damage":0.0,"enemies":"Exordium Thugs","floor":9.0,"turns":4.0},{"damage":0.0,"enemies":"Large Slime","floor":11.0,"turns":3.0},{"damage":0.0,"enemies":"downfall:FleeingMerchant","floor":13.0,"turns":4.0},{"damage":0.0,"enemies":"Blue Slaver","floor":14.0,"turns":1.0},{"damage":0.0,"enemies":"Red Slaver","floor":15.0,"turns":2.0},{"damage":23.0,"enemies":"WA_ARCHETYPE_RETAIN","floor":16.0,"turns":4.0},{"damage":0.0,"enemies":"Shell Parasite","floor":20.0,"turns":3.0},{"damage":1.0,"enemies":"downfall:FleeingMerchant","floor":21.0,"turns":4.0},{"damage":9.0,"enemies":"downfall:FleeingMerchant","floor":22.0,"turns":4.0},{"damage":12.0,"enemies":"Centurion and Healer","floor":23.0,"turns":4.0},{"damage":0.0,"enemies":"Snecko","floor":29.0,"turns":2.0},{"damage":0.0,"enemies":"Sentry and Sphere","floor":31.0,"turns":4.0},{"damage":0.0,"enemies":"Centurion and Healer","floor":32.0,"turns":3.0},{"damage":57.0,"enemies":"DF_ARCHETYPE_CLAW","floor":33.0,"turns":8.0},{"damage":0,"enemies":"3 Shapes","floor":36,"turns":2},{"damage":0,"enemies":"3 Darklings","floor":37,"turns":4},{"damage":0,"enemies":"Transient","floor":39,"turns":5},{"damage":8,"enemies":"Nemesis","floor":44,"turns":5},{"damage":11,"enemies":"4 Shapes","floor":45,"turns":4},{"damage":44,"enemies":"Reptomancer","floor":48,"turns":5},{"damage":17,"enemies":"Spire Growth","floor":49,"turns":4},{"damage":48,"enemies":"IC_BLOCK_ARCHETYPE","floor":50,"turns":2}],"seed_played":"6726745592991076616","potions_obtained":[{"floor":3.0,"key":"CultistPotion"},{"floor":3.0,"key":"Guardian:BlockOnCardUsePotion"},{"floor":3.0,"key":"Guardian:BlockOnCardUsePotion"},{"floor":15.0,"key":"DistilledChaos"},{"floor":16.0,"key":"EntropicBrew"},{"floor":32.0,"key":"bronze:CleanCodePotion"},{"floor":37,"key":"Swift Potion"},{"floor":44,"key":"BlessingOfTheForge"},{"floor":45,"key":"bronze:BurnAndBuffPotion"}],"is_trial":false,"path_per_floor":["R","?","?","M","M","R","T","M","M","R","M","R","$","M","M","B",null,"R","?","M","$","?","M","T","R","$","R","?","M","R","M","M","B",null,"R","M","M","$","M","R","T","$","R","E","M","?","R","E","M","B"],"character_chosen":"THE_AUTOMATON","items_purchased":["Medical Kit","bronze:Overheat","Bottled Tornado","bronze:BugBarrage","bronze:Frontload","DollysMirror","bronze:ItsAFeature+1","bronze:BugBarrage","bronze:Frontload","bronze:ClassDefault+1"],"campfire_rested":2,"item_purchase_floors":[13,13,21,21,21,26,38,38,42,42],"current_hp_per_floor":[70,49,49,48,48,48,48,48,48,48,48,48,48,48,48,25,70,70,54,54,53,44,32,32,32,32,32,25,25,61,61,61,4,70,70,70,70,70,70,70,70,70,70,62,53,53,70,26,11,0,0,0],"gold":105,"neow_bonus":"UPGRADE_CARD","is_daily":false,"chose_seed":false,"campfire_upgraded":10,"win_rate":0.0,"timestamp":1611436032,"path_taken":["R","?","?","M","M","R","T","M","M","R","?","R","?","M","M","BOSS","R","?","M","$","?","M","T","R","$","R","?","?","R","M","M","BOSS","R","M","M","$","?","R","T","$","R","E","M","?","R","E","M","BOSS"],"items_purchased_type":["Relic","Card","Relic","Card","Card","Relic","Card","Card","Card","Card"],"build_version":"2020-12-22","purchased_purges":1,"victory":false,"max_hp_per_floor":[70,70,70,70,70,70,70,70,70,70,70,70,70,70,70,70,70,70,70,70,70,70,70,70,70,70,70,70,70,70,70,70,70,70,70,70,70,70,70,70,70,70,70,70,70,70,70,70,70,70,70,70],"relic_stats":{"Blood Vial":6,"Regal Pillow":15,"Busted Crown":14,"counters":[25,89],"Necronomicon":[30],"Art of War":[0],"Medical Kit":[6],"obtain_stats":[{"Regal Pillow":7,"bronze:BronzeCore":0,"downfall:ShatteredFragment":2,"Bottled Tornado":21,"Frozen Egg 2":24,"Medical Kit":13,"Blood Vial":44,"Busted Crown":34,"bronze:ProtectiveGoggles":48,"DollysMirror":26,"Necronomicon":19,"Art of War":41,"bronze:MakeshiftBattery":17},{"Regal Pillow":2,"bronze:BronzeCore":0,"downfall:ShatteredFragment":0,"Bottled Tornado":11,"Frozen Egg 2":13,"Medical Kit":6,"Blood Vial":21,"Busted Crown":17,"bronze:ProtectiveGoggles":23,"DollysMirror":13,"Necronomicon":9,"Art of War":20,"bronze:MakeshiftBattery":9},{"Regal Pillow":6,"bronze:BronzeCore":0,"downfall:ShatteredFragment":0,"Bottled Tornado":33,"Frozen Egg 2":41,"Medical Kit":19,"Blood Vial":74,"Busted Crown":58,"bronze:ProtectiveGoggles":83,"DollysMirror":41,"Necronomicon":26,"Art of War":69,"bronze:MakeshiftBattery":26}]},"card_choices":[{"not_picked":["bronze:Fortify","bronze:DelayedSlice"],"picked":"bronze:GetLatest","floor":4.0},{"not_picked":["bronze:WhirlingStrike","bronze:NullPointer","bronze:DelayedGuard"],"picked":"SKIP","floor":5.0},{"not_picked":["bronze:DelayedGuard","bronze:Allocate"],"picked":"bronze:GetLatest","floor":8.0},{"not_picked":["bronze:BitShift","bronze:Repair","bronze:Constructor"],"picked":"SKIP","floor":9.0},{"not_picked":["bronze:Invalidate","bronze:WhirlingStrike"],"picked":"bronze:ClassDefault","floor":11.0},{"not_picked":["bronze:DelayedGuard","bronze:BuggyMess"],"picked":"bronze:RecursiveStrike","floor":13.0},{"not_picked":["bronze:BitShift","bronze:Constructor","bronze:Turbo"],"picked":"SKIP","floor":14.0},{"not_picked":["bronze:DelayedSlice","bronze:Constructor","bronze:Invalidate"],"picked":"SKIP","floor":15.0},{"not_picked":["bronze:FindAndReplace","bronze:Assembly"],"picked":"bronze:ThunderWave","floor":16.0},{"not_picked":["bronze:Shield","bronze:Separator","bronze:Deprecate+1"],"picked":"SKIP","floor":20.0},{"not_picked":["bronze:Deprecate","bronze:DarkDash"],"picked":"bronze:Repulsor+1","floor":21.0},{"not_picked":[],"picked":"bronze:DecaBeam","floor":22.0},{"not_picked":["bronze:Turbo","bronze:Deprecate","bronze:Constructor"],"picked":"SKIP","floor":23.0},{"not_picked":["bronze:BuggyMess","bronze:CutThrough","bronze:Iterate"],"picked":"SKIP","floor":29.0},{"not_picked":["bronze:Return","bronze:Separator"],"picked":"bronze:BugBarrage","floor":31.0},{"not_picked":["bronze:Return","bronze:Philosophize"],"picked":"bronze:BronzeOrb+1","floor":32.0},{"not_picked":["bronze:HyperBeam","bronze:SpaghettiCode"],"picked":"bronze:ShipIt","floor":33.0},{"not_picked":["bronze:BitShift"],"picked":"SKIP","floor":36},{"not_picked":["bronze:WildBeam+1"],"picked":"SKIP","floor":37},{"not_picked":["bronze:BuggyMess+1"],"picked":"SKIP","floor":39},{"not_picked":[],"picked":"bronze:ItsAFeature+1","floor":44},{"not_picked":["bronze:Repair"],"picked":"SKIP","floor":45},{"not_picked":["bronze:WhirlingStrike"],"picked":"SKIP","floor":48},{"not_picked":["bronze:GetLatest"],"picked":"SKIP","floor":49}],"player_experience":517031,"relics_obtained":[{"floor":7.0,"key":"Regal Pillow"},{"floor":19.0,"key":"Necronomicon"},{"floor":24.0,"key":"Frozen Egg 2"},{"floor":41,"key":"Art of War"},{"floor":44,"key":"Blood Vial"},{"floor":48,"key":"bronze:ProtectiveGoggles"}],"event_choices":[{"damage_healed":0.0,"max_hp_gain":0.0,"max_hp_loss":0.0,"gold_gain":0.0,"event_name":"Lab","player_choice":"Got Potions","floor":3.0,"gold_loss":0.0,"damage_taken":0.0},{"damage_healed":0.0,"max_hp_gain":0.0,"max_hp_loss":0.0,"gold_gain":0.0,"event_name":"Wheel of Change","player_choice":"Damaged","floor":28.0,"gold_loss":0.0,"damage_taken":7.0}],"is_beta":false,"boss_relics":[{"not_picked":["Snecko Eye","Pandora\u0027s Box"],"picked":"bronze:MakeshiftBattery"},{"not_picked":["bronze:PlatinumCore","Runic Dome"],"picked":"Busted Crown"}],"items_purged_floors":[21],"is_endless":false,"potions_floor_spawned":[5,14,15,16,22,29,31,32,37,39,44,45,49],"killed_by":"IC_BLOCK_ARCHETYPE","ascension_level":1}}