{"host":"qef1xe15w7glhw38","time":1611393216,"event":{"mods":["Act Like it!","BaseMod","Hubris","Lobotomy","Minty Spire (QoL Compilation)","Replay The Spire","StSLib"],"gold_per_floor":[116,66,83,100,126,126,144,171,239,239,249,259,285,297,297,297,297],"floor_reached":16,"language":"ZHS","playtime":1004,"items_purged":[],"score":131,"play_id":"42447ef7-973e-4911-b959-1652fb158ba6","local_time":"20210123171336","is_ascension_mode":true,"campfire_choices":[{"floor":6,"key":"REST"},{"floor":10,"key":"REST"},{"data":"Finisher","floor":15,"key":"SMITH"}],"circlet_count":0,"master_deck":["Strike_G","Strike_G+1","Strike_G+1","Strike_G","Strike_G","Defend_G","Defend_G","Defend_G","Defend_G","Survivor","Neutralize","ReplayTheSpireMod:Private Reserves","Accuracy","ReplayTheSpireMod:Tripwire","Quick Slash","Finisher+1","Predator","Prepared","Riddle With Holes","Flying Knee","Atom Bomb"],"relics":["Ring of the Snake","Whetstone","hubris:Reverence","ReplayTheSpireMod:Shallot","Lantern"],"acts_visited":["Exordium"],"potions_floor_usage":[13,13,16,16],"damage_taken":[{"damage":6,"enemies":"2 Louse","floor":1,"turns":3},{"damage":6,"enemies":"Jaw Worm","floor":3,"turns":4},{"damage":9,"enemies":"Small Slimes","floor":4,"turns":4},{"damage":12,"enemies":"Looter","floor":7,"turns":4},{"damage":25,"enemies":"Gremlin Nob","floor":8,"turns":4},{"damage":0,"enemies":"Red Slaver","floor":11,"turns":3},{"damage":8,"enemies":"3 Louse","floor":12,"turns":2},{"damage":21,"enemies":"3 Sentries","floor":13,"turns":7},{"damage":0,"enemies":"Large Slime","floor":14,"turns":3},{"damage":26,"enemies":"Hexaghost","floor":16,"turns":7}],"seed_played":"7921040545589964454","potions_obtained":[{"floor":7,"key":"Dexterity Potion"},{"floor":11,"key":"Strength Potion"},{"floor":13,"key":"Weak Potion"},{"floor":14,"key":"CunningPotion"}],"is_trial":false,"path_per_floor":["M","?","M","M","T","R","M","E","T","R","M","M","E","M","R","B"],"character_chosen":"THE_SILENT","items_purchased":[],"campfire_rested":2,"item_purchase_floors":[],"current_hp_per_floor":[64,64,58,49,49,70,58,33,33,54,54,46,25,25,25,0,0],"gold":297,"neow_bonus":"RANDOM_COLORLESS","is_daily":false,"chose_seed":false,"campfire_upgraded":1,"win_rate":0.0,"timestamp":1611393216,"path_taken":["M","?","M","M","?","R","M","E","T","R","M","M","E","M","R","BOSS"],"items_purchased_type":[],"build_version":"2020-12-22","purchased_purges":0,"victory":false,"max_hp_per_floor":[70,70,70,70,70,70,70,70,70,70,70,70,70,70,70,70,70],"card_choices":[{"not_picked":["Replay:Bootleg Shield Generator","Blind"],"picked":"ReplayTheSpireMod:Private Reserves","floor":0},{"not_picked":["Distraction","Terror"],"picked":"Accuracy","floor":1},{"not_picked":["Deflect","Underhanded Strike"],"picked":"ReplayTheSpireMod:Tripwire","floor":3},{"not_picked":["Deadly Poison","Backflip"],"picked":"Quick Slash","floor":4},{"not_picked":["Acrobatics","Deflect"],"picked":"Finisher","floor":7},{"not_picked":["Deadly Poison","Quick Slash"],"picked":"Predator","floor":8},{"not_picked":["Calculated Gamble","Terror"],"picked":"Prepared","floor":11},{"not_picked":["Sucker Punch","Dodge and Roll"],"picked":"Riddle With Holes","floor":12},{"not_picked":["ReplayTheSpireMod:Tripwire","PiercingWail"],"picked":"Flying Knee","floor":13},{"not_picked":["Accuracy","Poisoned Stab"],"picked":"Atom Bomb","floor":14}],"player_experience":98180,"relics_obtained":[{"floor":5,"key":"Whetstone"},{"floor":8,"key":"hubris:Reverence"},{"floor":9,"key":"ReplayTheSpireMod:Shallot"},{"floor":13,"key":"Lantern"}],"event_choices":[{"cards_removed":["Defend_G"],"damage_healed":0,"gold_gain":0,"player_choice":"Card Removal","damage_taken":0,"max_hp_gain":0,"max_hp_loss":0,"event_name":"The Cleric","floor":2,"gold_loss":50}],"is_beta":false,"boss_relics":[],"items_purged_floors":[],"is_endless":false,"potions_floor_spawned":[7,11,13,14],"killed_by":"Hexaghost","ascension_level":3}}