{"host":"g2yp6paluzgljz05","time":1611408963,"event":{"mods":["BaseMod","Bestiary","Colored Powertips","DeckTracker","Highlight Path","Minty Spire (QoL Compilation)","Quick Restart"],"gold_per_floor":[113,63,74,74,35,35,60,126,126,176,281,281,331,346,346,442,442,457,467,67,117,134,134,195,225,250,300,300,314,364,87,87,182,182,194,244,264,281,154,154,154],"floor_reached":40,"language":"ENG","playtime":2370,"items_purged":["Strike_G","Decay","Decay"],"score":449,"play_id":"a8bdb655-cb70-4173-bbe5-0a04dc07798b","local_time":"20210124003603","is_ascension_mode":true,"campfire_choices":[{"floor":6,"key":"REST"},{"floor":12,"key":"REST"},{"floor":15,"key":"REST"},{"floor":23,"key":"REST"},{"floor":28,"key":"REST"},{"floor":32,"key":"REST"}],"circlet_count":0,"master_deck":["Defend_G","Defend_G","Defend_G","Defend_G","Defend_G+1","Survivor","Neutralize","Dagger Spray","Flying Knee","Well Laid Plans","Leg Sweep","Blade Dance","Envenom","Acrobatics+1","Accuracy","Doubt","Bite","Bite","Bite","Bite","Bite","Accuracy+1","Infinite Blades","A Thousand Cuts","Decay","Footwork+1","Footwork"],"relics":["Fusion Hammer","SsserpentHead","Ninja Scroll","Tiny Chest","Singing Bowl","Cursed Key","Ginger","HornCleat","Smiling Mask","Toy Ornithopter","ClockworkSouvenir","SacredBark","Pantograph"],"acts_visited":["Exordium","TheCity","TheBeyond"],"potions_floor_usage":[25,25,25,33,33,37],"damage_taken":[{"damage":0,"enemies":"2 Louse","floor":1,"turns":3},{"damage":5,"enemies":"Jaw Worm","floor":3,"turns":5},{"damage":15,"enemies":"3 Sentries","floor":7,"turns":8},{"damage":0,"enemies":"Cultist","floor":8,"turns":3},{"damage":3,"enemies":"Gremlin Nob","floor":11,"turns":4},{"damage":6,"enemies":"Exordium Wildlife","floor":14,"turns":2},{"damage":50,"enemies":"The Guardian","floor":16,"turns":14},{"damage":14,"enemies":"Spheric Guardian","floor":18,"turns":4},{"damage":5,"enemies":"Shell Parasite","floor":19,"turns":7},{"damage":16,"enemies":"Snake Plant","floor":22,"turns":4},{"damage":13,"enemies":"Centurion and Healer","floor":24,"turns":6},{"damage":43,"enemies":"Gremlin Leader","floor":25,"turns":5},{"damage":30,"enemies":"Cultist and Chosen","floor":29,"turns":7},{"damage":15,"enemies":"Automaton","floor":33,"turns":6},{"damage":5,"enemies":"Orb Walker","floor":35,"turns":4},{"damage":44,"enemies":"3 Darklings","floor":37,"turns":4},{"damage":20,"enemies":"4 Shapes","floor":38,"turns":9},{"damage":29,"enemies":"Reptomancer","floor":40,"turns":2}],"seed_played":"6680018476093068762","potions_obtained":[{"floor":1,"key":"SpeedPotion"},{"floor":11,"key":"SpeedPotion"},{"floor":16,"key":"EssenceOfSteel"},{"floor":19,"key":"SteroidPotion"},{"floor":25,"key":"Strength Potion"},{"floor":29,"key":"SteroidPotion"},{"floor":35,"key":"LiquidMemories"},{"floor":37,"key":"SteroidPotion"}],"is_trial":false,"path_per_floor":["M","?","M","?","$","R","E","M","T","?","?","R","?","M","R","B",null,"M","M","$","T","M","R","M","E","T","?","R","M","?","$","R","B",null,"M","T","M","M","$","E"],"character_chosen":"THE_SILENT","items_purchased":["Well Laid Plans","Accuracy","Ginger","Infinite Blades","ClockworkSouvenir","Footwork"],"campfire_rested":6,"item_purchase_floors":[5,20,20,31,31,39],"current_hp_per_floor":[70,70,65,65,65,70,55,55,55,41,40,61,61,57,74,24,74,62,57,57,57,43,66,55,14,14,14,31,17,17,17,34,47,57,56,56,25,17,17,0,0],"gold":154,"neow_bonus":"BOSS_RELIC","is_daily":false,"chose_seed":false,"campfire_upgraded":0,"win_rate":0.0,"timestamp":1611408963,"path_taken":["M","?","M","?","$","R","E","?","T","?","?","R","?","M","R","BOSS","M","M","$","?","M","R","?","E","T","?","R","M","?","$","R","BOSS","M","?","M","M","$","E"],"items_purchased_type":["Card","Card","Relic","Card","Relic","Card"],"build_version":"2020-12-22","purchased_purges":3,"victory":false,"max_hp_per_floor":[70,70,70,70,70,70,70,70,70,70,72,72,72,74,74,74,74,76,76,76,76,78,78,80,82,82,57,57,57,57,57,57,57,57,59,59,59,61,61,61,61],"card_choices":[{"not_picked":["Well Laid Plans","Tactician"],"picked":"Dagger Spray","floor":1},{"not_picked":["Outmaneuver","Catalyst"],"picked":"Flying Knee","floor":3},{"not_picked":["Poisoned Stab","Dagger Spray"],"picked":"Leg Sweep","floor":7},{"not_picked":["Heel Hook","Night Terror"],"picked":"Blade Dance","floor":8},{"not_picked":["Quick Slash","Dagger Throw","Outmaneuver"],"picked":"Singing Bowl","floor":11},{"not_picked":["Backflip","Poisoned Stab","Dagger Throw"],"picked":"Singing Bowl","floor":14},{"not_picked":["Wraith Form v2","Doppelganger"],"picked":"Envenom","floor":16},{"not_picked":["Acrobatics+1","Predator+1","Endless Agony"],"picked":"Singing Bowl","floor":18},{"not_picked":["Slice","Cloak And Dagger"],"picked":"Acrobatics+1","floor":19},{"not_picked":["Bane","Dagger Spray+1","Flechettes"],"picked":"Singing Bowl","floor":22},{"not_picked":["Eviscerate","Backflip","Underhanded Strike"],"picked":"Singing Bowl","floor":24},{"not_picked":["Die Die Die","Predator","Deadly Poison+1"],"picked":"Singing Bowl","floor":25},{"not_picked":["Poisoned Stab","Dagger Spray"],"picked":"Accuracy+1","floor":29},{"not_picked":["Corpse Explosion","Bullet Time"],"picked":"A Thousand Cuts","floor":33},{"not_picked":["Tactician+1","Deflect+1","Masterful Stab"],"picked":"Singing Bowl","floor":35},{"not_picked":["Acrobatics+1","Poisoned Stab"],"picked":"Footwork+1","floor":37},{"not_picked":["Endless Agony","Backstab+1","Bane"],"picked":"Singing Bowl","floor":38}],"player_experience":242266,"relics_obtained":[{"floor":7,"key":"Ninja Scroll"},{"floor":9,"key":"Tiny Chest"},{"floor":11,"key":"Singing Bowl"},{"floor":21,"key":"HornCleat"},{"floor":25,"key":"Smiling Mask"},{"floor":26,"key":"Toy Ornithopter"},{"floor":36,"key":"Pantograph"}],"event_choices":[{"cards_removed":["Strike_G"],"damage_healed":0,"gold_gain":0,"player_choice":"Card Removal","damage_taken":0,"max_hp_gain":0,"max_hp_loss":0,"event_name":"The Cleric","floor":2,"gold_loss":50},{"damage_healed":0,"gold_gain":0,"player_choice":"Trade","damage_taken":0,"relics_obtained":["SsserpentHead"],"max_hp_gain":0,"max_hp_loss":0,"event_name":"FaceTrader","floor":4,"gold_loss":0},{"damage_healed":0,"gold_gain":0,"player_choice":"Entered Light","damage_taken":14,"max_hp_gain":0,"max_hp_loss":0,"event_name":"Shining Light","floor":10,"gold_loss":0,"cards_upgraded":["Strike_G","Defend_G"]},{"damage_healed":0,"gold_gain":0,"player_choice":"Searched \u00271\u0027 times","damage_taken":0,"max_hp_gain":0,"max_hp_loss":0,"event_name":"Dead Adventurer","floor":11,"gold_loss":0},{"damage_healed":0,"gold_gain":0,"player_choice":"Ignored","damage_taken":0,"max_hp_gain":0,"max_hp_loss":0,"event_name":"Liars Game","floor":13,"gold_loss":0},{"damage_healed":0,"gold_gain":0,"player_choice":"Became a vampire","damage_taken":0,"max_hp_gain":0,"max_hp_loss":25,"event_name":"Vampires","floor":27,"gold_loss":0,"cards_obtained":["Bite","Bite","Bite","Bite","Bite"]},{"damage_healed":0,"gold_gain":0,"player_choice":"Smashed Altar","damage_taken":0,"max_hp_gain":0,"max_hp_loss":0,"event_name":"Forgotten Altar","floor":30,"gold_loss":0,"cards_obtained":["Decay"]}],"is_beta":false,"boss_relics":[{"not_picked":["Calling Bell","Black Star"],"picked":"Cursed Key"},{"not_picked":["Coffee Dripper","Runic Dome"],"picked":"SacredBark"}],"items_purged_floors":[20,31,39],"is_endless":false,"potions_floor_spawned":[1,11,16,19,25,29,35,37],"killed_by":"Reptomancer","ascension_level":1}}