{"host":"zomwe5n2owcqokh9","time":1611437011,"event":{"mods":["2.2 Compatiblity","Act Like it!","BaseMod","BetterRewards","Colored Map","Colored Powertips","Highlight Path","Hubris","Minty Spire (QoL Compilation)","Quick Restart","Rare Cards Sparkle","Replay The Spire","Shop Mod","StSLib","SuperFastMode"],"gold_per_floor":[114,114,114,114,131,131,141,167,167,180,205,24,36,36,36,133,133,149,69,69,58,58,87,87,196,196,196,207,219,239,164,164,164,164],"floor_reached":33,"language":"ENG","playtime":1522,"items_purged":[],"score":298,"play_id":"fca963fe-57d9-4ddf-8c44-d503437a74a6","local_time":"20210123152331","is_ascension_mode":false,"campfire_choices":[{"data":"BasicCrystalCard","floor":6.0,"key":"SMITH"},{"floor":15.0,"key":"REST"},{"data":"hubris:SpecializedCircuitry","floor":24.0,"key":"SMITH"},{"data":"Crystallizer","floor":27.0,"key":"SMITH"},{"floor":32.0,"key":"REST"}],"circlet_count":0,"master_deck":["Defend_B","Defend_B","Defend_B","Defend_B","Zap","Dualcast","BasicCrystalCard+1","ReplayTheSpireMod:Splinters","Go for the Eyes+1","Crystallizer+1","Compile Driver","Electrodynamics","Stack","Darkness","hubris:Ukulele","Static Discharge","FIFO Queue","hubris:SpecializedCircuitry+1","Force Field","hubris:Ukulele","Conserve Battery","Force Field","Time Bomb","Capacitor","Turbo+1","ReplayTheSpireMod:Splinters","Redo","Hello World+1","Creative AI","Barrage","ReplaySolidLightProjector"],"relics":["Cracked Core","NeowsBlessing","Ring of Hypnosis","Ring of Panic","Gambling Chip","hubris:Icosahedron","MealTicket","MerchantsRug","hubris:BallOfYels","Tiny Chest","hubris:RGBLights"],"acts_visited":["Exordium","TheCity"],"potions_floor_usage":[],"damage_taken":[{"damage":0.0,"enemies":"2 Louse","floor":1.0,"turns":1.0},{"damage":0.0,"enemies":"Jaw Worm","floor":5.0,"turns":1.0},{"damage":0.0,"enemies":"Small Slimes","floor":7.0,"turns":1.0},{"damage":43.0,"enemies":"3 Sentries","floor":8.0,"turns":8.0},{"damage":14.0,"enemies":"Exordium Thugs","floor":10.0,"turns":5.0},{"damage":18.0,"enemies":"Gremlin Nob","floor":11.0,"turns":4.0},{"damage":4.0,"enemies":"Looter","floor":13.0,"turns":3.0},{"damage":2.0,"enemies":"Fading Forest","floor":16.0,"turns":11.0},{"damage":6.0,"enemies":"Chosen","floor":18.0,"turns":4.0},{"damage":38.0,"enemies":"Gremlin Leader","floor":23.0,"turns":5.0},{"damage":13.0,"enemies":"Shell Parasite","floor":28.0,"turns":6.0},{"damage":6.0,"enemies":"Snake Plant","floor":29.0,"turns":12.0},{"damage":8.0,"enemies":"Centurion and Healer","floor":30.0,"turns":12.0},{"damage":24,"enemies":"Collector","floor":33,"turns":2}],"seed_played":"-673433042148647977","potions_obtained":[{"floor":7.0,"key":"Weak Potion"},{"floor":11.0,"key":"FocusPotion"},{"floor":13.0,"key":"Adrenaline Potion"},{"floor":18.0,"key":"EssenceOfSteel"},{"floor":30.0,"key":"SkillPotion"}],"is_trial":false,"path_per_floor":["M","?","T","?","M","R","M","E","T","M","E","$","M","?","R_BF","B",null,"M","$","?","$","?","E","R","?","T","R","M","M","M","?","R","B"],"character_chosen":"DEFECT","items_purchased":["Darkness","hubris:Ukulele","Static Discharge","MerchantsRug","hubris:Ukulele","Conserve Battery","Capacitor"],"campfire_rested":2,"item_purchase_floors":[12,12,12,19,19,19,21],"current_hp_per_floor":[75,75,75,75,75,75,75,34,34,20,2,17,13,13,35,41,75,69,75,75,75,66,28,28,28,28,28,15,9,1,1,23,0,0],"gold":164,"neow_bonus":"THREE_ENEMY_KILL","is_daily":false,"chose_seed":false,"campfire_upgraded":3,"win_rate":0.0,"timestamp":1611437011,"path_taken":["M","?","?","?","M","R","M","E","T","M","E","$","M","?","R_BF","BOSS","M","$","?","$","?","E","R","?","T","R","M","M","M","?","R","BOSS"],"items_purchased_type":["Card","Card","Card","Relic","Card","Card","Card"],"build_version":"2020-12-22","purchased_purges":0,"victory":false,"max_hp_per_floor":[75,75,75,75,75,75,75,75,75,75,75,75,75,75,75,75,75,75,75,75,75,75,75,75,75,75,75,75,75,75,75,75,75,75],"card_choices":[{"not_picked":["Turbo","Rebound"],"picked":"BasicCrystalCard","floor":1.0},{"not_picked":["Sweeping Beam","Rip and Tear"],"picked":"Go for the Eyes","floor":5.0},{"not_picked":["Go for the Eyes","Turbo"],"picked":"Crystallizer","floor":7.0},{"not_picked":["Rebound","Reprogram"],"picked":"Compile Driver","floor":8.0},{"not_picked":["Gash","Sweeping Beam"],"picked":"Electrodynamics","floor":10.0},{"not_picked":["Steam","Redo"],"picked":"Stack","floor":11.0},{"not_picked":["Barrage","ReplayTheSpireMod:GoodbyeWorld"],"picked":"FIFO Queue","floor":13.0},{"not_picked":["Amplify","Seek"],"picked":"hubris:SpecializedCircuitry","floor":16.0},{"not_picked":[],"picked":"Force Field","floor":18.0},{"not_picked":["Stack","Streamline"],"picked":"Turbo+1","floor":23.0},{"not_picked":["Sweeping Beam","Gash"],"picked":"Redo","floor":25.0},{"not_picked":["Chill","Skim+1"],"picked":"Hello World+1","floor":25.0},{"not_picked":["Redo","Sweeping Beam"],"picked":"Creative AI","floor":28.0},{"not_picked":["Hologram","Panic Button"],"picked":"Barrage","floor":29.0},{"not_picked":["Compile Driver","Coolheaded"],"picked":"ReplaySolidLightProjector","floor":30.0}],"player_experience":54458,"relics_obtained":[{"floor":2.0,"key":"Ring of Hypnosis"},{"floor":2.0,"key":"Ring of Panic"},{"floor":3.0,"key":"Gambling Chip"},{"floor":8.0,"key":"Whetstone"},{"floor":9.0,"key":"MealTicket"},{"floor":11.0,"key":"Symbiotic Virus"},{"floor":23.0,"key":"hubris:BallOfYels"},{"floor":25.0,"key":"Tiny Chest"},{"floor":26.0,"key":"hubris:RGBLights"}],"event_choices":[{"damage_healed":0.0,"max_hp_gain":0.0,"max_hp_loss":0.0,"gold_gain":0.0,"cards_transformed":["Strike_B","Strike_B"],"event_name":"Drug Dealer","player_choice":"Became Test Subject","floor":20.0,"gold_loss":0.0,"damage_taken":0.0,"cards_obtained":["Force Field","Time Bomb"]},{"damage_healed":0.0,"max_hp_gain":0.0,"max_hp_loss":0.0,"gold_gain":0.0,"event_name":"Cursed Tome","player_choice":"Stopped","floor":22.0,"gold_loss":0.0,"damage_taken":9.0},{"cards_removed":["Strike_B"],"damage_healed":0.0,"max_hp_gain":0.0,"max_hp_loss":0.0,"gold_gain":0.0,"event_name":"Beggar","player_choice":"Gave Gold","floor":31.0,"gold_loss":75.0,"damage_taken":0.0}],"is_beta":false,"boss_relics":[{"not_picked":["Black Star","hubris:GrandSneckoEye"],"picked":"Busted Crown"}],"items_purged_floors":[],"is_endless":false,"potions_floor_spawned":[7,11,13,18,30],"killed_by":"Collector","ascension_level":0}}