{"host":"btt6ntw6a1bnaigc","time":1611442510,"event":{"mods":["AchievementEnabler","BaseMod","Downfall","Hermit","Minty Spire (QoL Compilation)","StSLib","The Cursed","The Mystic"],"gold_per_floor":[99,118,132,147,147,162,162,190,206,106,118,131,131,143,157,254,254,254,267,267,281,301,313,313,346,180,180,180,205,205,205,219,320,320,320,331,342,227,247,277,277,289,320,359,371,72,72,86,98,98],"floor_reached":51,"language":"ENG","playtime":5869,"items_purged":["bronze:Strike","Doubt","bronze:Strike"],"score":710,"play_id":"5b7335b6-430c-45e5-ac90-a4540927812d","local_time":"20210123225510","is_ascension_mode":false,"campfire_choices":[{"data":"bronze:Goto","floor":1,"key":"SMITH"},{"data":"bronze:Replicate","floor":10,"key":"SMITH"},{"data":"bronze:Mutator","floor":18,"key":"SMITH"},{"floor":30,"key":"DIG"},{"floor":35,"key":"DIG"},{"data":"bronze:Fortify","floor":47,"key":"SMITH"}],"circlet_count":0,"master_deck":["bronze:Strike+1","bronze:Defend","bronze:Defend","bronze:Defend","bronze:Defend","bronze:Replicate+1","bronze:Goto+1","bronze:DigitalCarnage","bronze:CutThrough+1","bronze:Overheat","bronze:ChildClass","bronze:Fortify+1","bronze:Break","bronze:NullPointer","bronze:Mutator+1","bronze:Replicate+1","bronze:Shell","CurseOfTheBell","CurseOfTheBell","Clumsy","bronze:Verify","bronze:BitShift+1","TheCursedMod:Dregs","bronze:Overheat+1"],"relics":["bronze:BronzeCore","Sundial","downfall:HeartBlessingBlue","Cursed Key","Matryoshka","Bag of Preparation","downfall:ExtraCursedBell","Shuriken","Potion Belt","Shovel","InkBottle","Vajra","Centennial Puzzle","Whetstone","bronze:MakeshiftBattery","Gambling Chip","bronze:ProtectiveGoggles","MawBank","HornCleat","Lizard Tail","bronze:BottledCode","ClockworkSouvenir","Calipers"],"acts_visited":["Exordium","TheCity","TheBeyond"],"potions_floor_usage":[8,14,16,25,33,38,44,44,50,50,50,50],"damage_taken":[{"damage":0,"enemies":"Cultist","floor":2,"turns":4},{"damage":3,"enemies":"Small Slimes","floor":3,"turns":4},{"damage":6,"enemies":"Jaw Worm","floor":4,"turns":2},{"damage":8,"enemies":"Lots of Slimes","floor":6,"turns":3},{"damage":11,"enemies":"Lagavulin","floor":8,"turns":6},{"damage":0,"enemies":"Blue Slaver","floor":9,"turns":1},{"damage":3,"enemies":"Gremlin Gang","floor":11,"turns":3},{"damage":3,"enemies":"Large Slime","floor":12,"turns":3},{"damage":5,"enemies":"Exordium Thugs","floor":14,"turns":2},{"damage":1,"enemies":"Exordium Wildlife","floor":15,"turns":3},{"damage":13,"enemies":"WA_ARCHETYPE_RETAIN","floor":16,"turns":6},{"damage":19,"enemies":"3 Byrds","floor":19,"turns":5},{"damage":4,"enemies":"Snake Plant","floor":21,"turns":3},{"damage":0,"enemies":"Chosen and Byrds","floor":22,"turns":4},{"damage":11,"enemies":"Sentry and Sphere","floor":23,"turns":4},{"damage":22,"enemies":"Gremlin Leader","floor":25,"turns":6},{"damage":0,"enemies":"downfall:FleeingMerchant","floor":26,"turns":4},{"damage":0,"enemies":"Cultist and Chosen","floor":32,"turns":4},{"damage":12,"enemies":"DF_ARCHETYPE_CLAW","floor":33,"turns":8},{"damage":3,"enemies":"3 Shapes","floor":36,"turns":2},{"damage":0,"enemies":"Orb Walker","floor":37,"turns":1},{"damage":0,"enemies":"downfall:FleeingMerchant","floor":38,"turns":4},{"damage":0,"enemies":"Sphere and 2 Shapes","floor":39,"turns":2},{"damage":19,"enemies":"Nemesis","floor":40,"turns":5},{"damage":8,"enemies":"4 Shapes","floor":43,"turns":4},{"damage":4,"enemies":"Reptomancer","floor":44,"turns":5},{"damage":0,"enemies":"downfall:FleeingMerchant","floor":46,"turns":2},{"damage":0,"enemies":"Maw","floor":48,"turns":5},{"damage":0,"enemies":"Transient","floor":49,"turns":5},{"damage":1,"enemies":"IC_BLOCK_ARCHETYPE","floor":50,"turns":9}],"seed_played":"8030408480256821736","potions_obtained":[{"floor":2,"key":"Swift Potion"},{"floor":6,"key":"DistilledChaos"},{"floor":9,"key":"bronze:BuildAFunctionPotion"},{"floor":11,"key":"SkillPotion"},{"floor":15,"key":"AttackPotion"},{"floor":22,"key":"FairyPotion"},{"floor":32,"key":"Block Potion"},{"floor":33,"key":"Strength Potion"},{"floor":36,"key":"LiquidMemories"},{"floor":37,"key":"Fire Potion"},{"floor":42,"key":"Slimebound:ThreeZeroPotion"},{"floor":43,"key":"DistilledChaos"},{"floor":44,"key":"Regen Potion"}],"is_trial":false,"path_per_floor":["R","M","M","M","?","M","T","E","M","R","M","M","?","M","M","B",null,"R","M","?","M","M","M","T","E","$","?","?","T","R","?","M","B",null,"R","M","M","$","M","E","T","?","M","E","?","$","R","M","M","B",null],"character_chosen":"THE_AUTOMATON","items_purchased":["bronze:Shell","ClockworkSouvenir","bronze:CleanCodePotion","Calipers"],"campfire_rested":0,"item_purchase_floors":[26,46,46,46],"current_hp_per_floor":[77,77,74,68,68,60,60,49,49,59,56,53,53,48,47,34,87,87,68,68,64,64,53,53,31,31,31,31,31,31,31,31,19,87,87,84,84,84,84,65,65,65,57,53,53,53,53,53,53,67],"gold":98,"neow_bonus":"TEN_PERCENT_HP_BONUS","is_daily":false,"chose_seed":false,"campfire_upgraded":4,"win_rate":0.0,"timestamp":1611442510,"path_taken":["R","M","M","?","?","M","T","E","M","R","M","M","?","?","M","BOSS","R","M","?","?","M","M","T","E","$","?","?","?","R","?","M","BOSS","R","M","M","$","M","E","T","?","?","E","?","?","R","M","M","BOSS"],"items_purchased_type":["Card","Relic","Potion","Relic"],"build_version":"2020-12-22","purchased_purges":3,"victory":true,"max_hp_per_floor":[77,77,77,77,77,77,77,77,77,87,87,87,87,87,87,87,87,87,87,87,87,87,87,87,87,87,87,87,87,87,87,87,87,87,87,87,87,87,87,87,87,87,87,87,77,77,77,77,77,77],"card_choices":[{"not_picked":["bronze:Backtrace","bronze:DelayedGuard"],"picked":"bronze:DigitalCarnage","floor":2},{"not_picked":["bronze:Safeguard","bronze:BugBarrage","bronze:BuggyMess"],"picked":"SKIP","floor":3},{"not_picked":["bronze:DelayedSlice","bronze:Philosophize","bronze:CloningBeam"],"picked":"SKIP","floor":4},{"not_picked":["bronze:Optimize","bronze:FineTuning"],"picked":"bronze:CutThrough","floor":6},{"not_picked":["bronze:Deprecate","bronze:CloningBeam"],"picked":"bronze:Overheat","floor":8},{"not_picked":["bronze:BronzeArmor","bronze:Repair"],"picked":"bronze:ChildClass","floor":9},{"not_picked":["bronze:OilSpill","bronze:Optimize"],"picked":"bronze:Fortify","floor":11},{"not_picked":["bronze:Deprecate","bronze:Shield"],"picked":"bronze:Break","floor":12},{"not_picked":["bronze:Backtrace","bronze:Overheat","bronze:BronzeArmor"],"picked":"SKIP","floor":14},{"not_picked":["bronze:Fortify","bronze:Philosophize"],"picked":"bronze:NullPointer","floor":15},{"not_picked":["bronze:SpaghettiCode","bronze:Assembly"],"picked":"bronze:Mutator","floor":16},{"not_picked":["bronze:OilSpill","bronze:WildBeam","bronze:DelayedGuard"],"picked":"SKIP","floor":19},{"not_picked":["bronze:ClassDefault","bronze:CloningBeam+1","bronze:Overload+1"],"picked":"SKIP","floor":21},{"not_picked":["bronze:WildBeam","bronze:ItsAFeature+1","bronze:DarkDash"],"picked":"SKIP","floor":22},{"not_picked":["bronze:BronzeOrb","bronze:Overload","bronze:Shield"],"picked":"SKIP","floor":23},{"not_picked":["bronze:ChosenStrike+1","bronze:Return+1","bronze:DelayedGuard"],"picked":"SKIP","floor":25},{"not_picked":["bronze:BronzeOrb","bronze:Branch","bronze:Overheat+1"],"picked":"SKIP","floor":26},{"not_picked":["bronze:BuggyMess","bronze:HyperBeam","bronze:Optimize"],"picked":"SKIP","floor":32},{"not_picked":["bronze:FindAndReplace","bronze:AlphaBuild"],"picked":"bronze:Verify","floor":33},{"not_picked":["bronze:OilSpill","bronze:FineTuning","bronze:ChosenStrike"],"picked":"SKIP","floor":36},{"not_picked":["bronze:ClassDefault+1","bronze:Repair","bronze:Branch+1"],"picked":"SKIP","floor":37},{"not_picked":["bronze:FineTuning+1","bronze:Shield","bronze:WhirlingStrike+1"],"picked":"SKIP","floor":38},{"not_picked":["bronze:BugBarrage+1","bronze:Deprecate+1"],"picked":"bronze:BitShift+1","floor":39},{"not_picked":["bronze:BugBarrage","bronze:Deprecate+1","bronze:BitShift+1"],"picked":"SKIP","floor":40},{"not_picked":["bronze:OilSpill","bronze:Philosophize","bronze:GetLatest"],"picked":"SKIP","floor":43},{"not_picked":["bronze:AlphaBuild","bronze:Repair"],"picked":"bronze:Overheat+1","floor":44},{"not_picked":["bronze:Overheat","bronze:WildBeam+1","bronze:Turbo"],"picked":"SKIP","floor":46},{"not_picked":["bronze:Iterate","bronze:DarkDash","bronze:CutThrough"],"picked":"SKIP","floor":48},{"not_picked":["bronze:DigitalCarnage","bronze:BitShift","bronze:ForLoop"],"picked":"SKIP","floor":49}],"player_experience":275292,"relics_obtained":[{"floor":8,"key":"Sundial"},{"floor":24,"key":"Matryoshka"},{"floor":25,"key":"Bag of Preparation"},{"floor":27,"key":"Shuriken"},{"floor":27,"key":"Potion Belt"},{"floor":27,"key":"Shovel"},{"floor":29,"key":"Vajra"},{"floor":29,"key":"Centennial Puzzle"},{"floor":30,"key":"Whetstone"},{"floor":35,"key":"Gambling Chip"},{"floor":40,"key":"bronze:ProtectiveGoggles"},{"floor":41,"key":"MawBank"},{"floor":41,"key":"HornCleat"},{"floor":44,"key":"Lizard Tail"}],"event_choices":[{"cards_removed":["bronze:Strike"],"damage_healed":0,"gold_gain":0,"player_choice":"Offered Basic","damage_taken":0,"max_hp_gain":0,"max_hp_loss":0,"event_name":"Bonfire Elementals","floor":13,"gold_loss":0},{"damage_healed":0,"gold_gain":0,"player_choice":"Got Potions","damage_taken":0,"max_hp_gain":0,"max_hp_loss":0,"event_name":"Lab","floor":42,"gold_loss":0}],"is_beta":false,"boss_relics":[{"not_picked":["Sozu","SacredBark"],"picked":"Cursed Key"},{"not_picked":["Pandora\u0027s Box","Velvet Choker"],"picked":"bronze:MakeshiftBattery"}],"items_purged_floors":[26,38,46],"is_endless":false,"potions_floor_spawned":[2,6,9,11,15,22,23,32,33,36,37,43,44,49],"ascension_level":0}}