{"host":"oehe2dxjvdgux73m","time":1611384384,"event":{"mods":["AchievementEnabler","BaseMod","Colored Map","Colored Powertips","DeckTracker","Keyboard Shortcuts","Minty Spire (QoL Compilation)","Permanent Neow","Quick Restart","StSLib","SuperFastMode"],"gold_per_floor":[115,115,128,128,142,142,55,55,55,65,65,83,110,110,110,209,209,221,238,93,93,111,143,143,154,154,154,122,122,47,146,146,146,146],"floor_reached":33,"language":"KOR","playtime":946,"items_purged":[],"score":289,"play_id":"2df6e12e-dff6-49e8-a6d8-859d6c80a81c","local_time":"20210123154624","is_ascension_mode":true,"campfire_choices":[{"data":"Dualcast","floor":6.0,"key":"SMITH"},{"data":"Turbo","floor":8.0,"key":"SMITH"},{"data":"Machine Learning","floor":11.0,"key":"SMITH"},{"floor":15,"key":"REST"},{"floor":24,"key":"REST"},{"floor":27,"key":"REST"},{"data":"Heatsinks","floor":29,"key":"SMITH"},{"data":"Thunder Strike","floor":32,"key":"SMITH"}],"circlet_count":0,"master_deck":["Defend_B","Defend_B","Defend_B","Zap+1","Dualcast+1","Machine Learning+1","Ball Lightning","Force Field","Hologram","Heatsinks+1","Turbo+1","Storm+1","FTL","Echo Form+1","Electrodynamics+1","Beam Cell+1","Tempest+1","Beam Cell+1","Conserve Battery","Reboot","Thunder Strike+1","Defragment+1"],"relics":["Cracked Core","Frozen Egg 2","WingedGreaves","Astrolabe","The Courier","Singing Bowl"],"acts_visited":["Exordium","TheCity"],"potions_floor_usage":[13,16,22,23,25],"damage_taken":[{"damage":9.0,"enemies":"Jaw Worm","floor":1.0,"turns":4.0},{"damage":0.0,"enemies":"Cultist","floor":3.0,"turns":2.0},{"damage":0.0,"enemies":"2 Louse","floor":5.0,"turns":3.0},{"damage":25.0,"enemies":"Gremlin Gang","floor":10.0,"turns":3.0},{"damage":18.0,"enemies":"Exordium Wildlife","floor":12.0,"turns":5.0},{"damage":6,"enemies":"3 Sentries","floor":13,"turns":5},{"damage":22,"enemies":"The Guardian","floor":16,"turns":11},{"damage":11,"enemies":"Spheric Guardian","floor":18,"turns":5},{"damage":34,"enemies":"2 Thieves","floor":19,"turns":3},{"damage":6,"enemies":"Centurion and Healer","floor":22,"turns":3},{"damage":19,"enemies":"Gremlin Leader","floor":23,"turns":5},{"damage":15,"enemies":"Snake Plant","floor":25,"turns":3},{"damage":52,"enemies":"Collector","floor":33,"turns":5}],"seed_played":"-1526539812624935171","potions_obtained":[{"floor":3.0,"key":"GamblersBrew"},{"floor":12.0,"key":"Explosive Potion"},{"floor":13,"key":"Explosive Potion"},{"floor":14,"key":"Fire Potion"},{"floor":14,"key":"Swift Potion"},{"floor":22,"key":"EssenceOfSteel"},{"floor":23,"key":"Dexterity Potion"},{"floor":25,"key":"LiquidBronze"}],"is_trial":false,"path_per_floor":["M","?","M","?","M","R","$","R","T","M","R","M","E","?","R","B",null,"M","M","$","?","M","E","R","M","T","R","$","R","?","?","R","B"],"character_chosen":"DEFECT","items_purchased":["Heatsinks","Turbo","Reboot","Defragment+1"],"campfire_rested":3,"item_purchase_floors":[7,7,20,28],"current_hp_per_floor":[66,66,66,66,66,66,66,66,66,41,41,23,17,17,39,17,75,64,30,30,30,24,5,27,12,12,34,34,34,34,34,34,0,0],"gold":146,"neow_bonus":"ONE_RANDOM_RARE_CARD","is_daily":false,"chose_seed":false,"campfire_upgraded":5,"win_rate":0.0,"timestamp":1611384384,"path_taken":["M","?","?","?","M","R","?","R","T","M","R","M","E","?","R","BOSS","M","?","$","?","M","E","R","M","T","R","$","R","?","?","R","BOSS"],"items_purchased_type":["Card","Card","Card","Card"],"build_version":"2020-12-22","purchased_purges":0,"victory":false,"max_hp_per_floor":[75,75,75,75,75,75,75,75,75,75,75,75,75,75,75,75,75,75,75,75,75,75,75,75,75,75,75,75,75,75,75,75,75,75],"card_choices":[{"not_picked":["Beam Cell","Hologram"],"picked":"Ball Lightning","floor":1.0},{"not_picked":["Sweeping Beam","Beam Cell"],"picked":"Force Field","floor":3.0},{"not_picked":["Reprogram","Rebound"],"picked":"Hologram","floor":5.0},{"not_picked":["Redo","Rebound"],"picked":"Storm+1","floor":10.0},{"not_picked":["Go for the Eyes","Hello World+1"],"picked":"FTL","floor":12.0},{"not_picked":["Stack","Redo"],"picked":"Echo Form+1","floor":13},{"not_picked":["Rainbow","Reboot"],"picked":"Electrodynamics+1","floor":16},{"not_picked":["Compile Driver","Heatsinks+1","Stack"],"picked":"SKIP","floor":18},{"not_picked":["Cold Snap","Blizzard+1"],"picked":"Conserve Battery","floor":19},{"not_picked":["Darkness","Blizzard","Hologram"],"picked":"SKIP","floor":22},{"not_picked":["Compile Driver","Genetic Algorithm","Gash"],"picked":"SKIP","floor":23},{"not_picked":["FTL","Steam Power+1"],"picked":"Thunder Strike","floor":25}],"player_experience":300209,"relics_obtained":[{"floor":9.0,"key":"Frozen Egg 2"},{"floor":13,"key":"WingedGreaves"},{"floor":23,"key":"The Courier"},{"floor":26,"key":"Singing Bowl"}],"event_choices":[{"cards_removed":["Strike_B"],"damage_healed":0.0,"max_hp_gain":0.0,"max_hp_loss":0.0,"gold_gain":0.0,"event_name":"Wheel of Change","player_choice":"Card Removal","floor":2.0,"gold_loss":0.0,"damage_taken":0.0},{"damage_healed":0.0,"max_hp_gain":0.0,"max_hp_loss":0.0,"gold_gain":0.0,"event_name":"Accursed Blacksmith","player_choice":"Forge","floor":4.0,"gold_loss":0.0,"damage_taken":0.0,"cards_upgraded":["Zap"]},{"damage_healed":0,"gold_gain":0,"player_choice":"Got Potions","damage_taken":0,"max_hp_gain":0,"max_hp_loss":0,"event_name":"Lab","floor":14,"gold_loss":0},{"damage_healed":0,"gold_gain":0,"player_choice":"Ignored","damage_taken":0,"max_hp_gain":0,"max_hp_loss":0,"event_name":"Vampires","floor":21,"gold_loss":0},{"cards_removed":["Defend_B"],"damage_healed":0,"gold_gain":0,"player_choice":"Gave Gold","damage_taken":0,"max_hp_gain":0,"max_hp_loss":0,"event_name":"Beggar","floor":30,"gold_loss":75},{"damage_healed":0,"gold_gain":99,"player_choice":"Stole From Cult","damage_taken":0,"max_hp_gain":0,"max_hp_loss":0,"event_name":"Nest","floor":31,"gold_loss":0}],"is_beta":false,"boss_relics":[{"not_picked":["Nuclear Battery","SacredBark"],"picked":"Astrolabe"}],"items_purged_floors":[],"is_endless":false,"potions_floor_spawned":[3,12,13,22,23,25],"killed_by":"Collector","ascension_level":2}}