{"host":"dt8l0my8qdt1qx2n","time":1611383000,"event":{"mods":["Arknights The Spire","BaseMod","Dota2Spire","Marisa£®ÏF”Í°°ƒß¿Ì…≥£©","Minty Spire (QoL Compilation)","Reimu£®≤©¿ˆ¡È√Œ£©","Remilia£®¿Ÿ√◊¿Ú—«£©","StSLib","The Servant 0.9.4","WarShipGirlsR/’ΩΩ¢…Ÿ≈ÆR mod","Yuyuko","[IsaacMod]“‘»ˆº‚À˛","°æ“≈ŒÔø®≈∆°øREMEMod"],"gold_per_floor":[118,137,147,34,4,30,30,30,30],"floor_reached":8,"language":"ZHS","playtime":561,"items_purged":["Strike_Lin:ReiMu"],"score":56,"play_id":"0a74e7f3-daf2-4987-9ab9-422629835995","local_time":"20210123142320","is_ascension_mode":false,"campfire_choices":[{"data":"NB:ReiMu","floor":7.0,"key":"SMITH"}],"circlet_count":0,"master_deck":["Strike_Lin:ReiMu","Strike_Lin:ReiMu","Strike_Lin:ReiMu","Defend_Lin:ReiMu","Defend_Lin:ReiMu","Defend_Lin:ReiMu","Defend_Lin:ReiMu","NB:ReiMu+1","Stagnation:ReiMu","Secret Technique","OctopathBindingBorder2:ReiMu","ShadowOfCrow2:ReiMu","AirStrike:ReiMu","YinYangSange:ReiMu","YinYangSign:ReiMu","Meditation:ReiMu"],"relics":["FlyPower:ReiMu","HushsDoor","REME_ComplimentaryCards","D6","Mastiff:ReiMu"],"acts_visited":["Exordium"],"potions_floor_usage":[],"damage_taken":[{"damage":4.0,"enemies":"Cultist","floor":1.0,"turns":4.0},{"damage":2.0,"enemies":"Jaw Worm","floor":2.0,"turns":6.0},{"damage":6.0,"enemies":"2 Louse","floor":3.0,"turns":3.0},{"damage":0.0,"enemies":"Looter","floor":5.0,"turns":4.0},{"damage":24.0,"enemies":"3 Sentries","floor":6.0,"turns":8.0},{"damage":24,"enemies":"Gremlin Nob","floor":8,"turns":4}],"seed_played":"-2171383906949032055","potions_obtained":[{"floor":2.0,"key":"GamblersBrew"}],"is_trial":false,"path_per_floor":["M","M","M","$","M","E","R","E"],"character_chosen":"REIMU","items_purchased":["YinYangSange:ReiMu"],"campfire_rested":0,"item_purchase_floors":[4],"current_hp_per_floor":[67,65,59,59,59,35,35,11,11],"gold":30,"neow_bonus":"TEN_PERCENT_HP_BONUS","is_daily":false,"chose_seed":false,"campfire_upgraded":1,"win_rate":0.0,"timestamp":1611383000,"path_taken":["M","M","M","$","M","E","R","E"],"items_purchased_type":["Card"],"build_version":"2020-12-22","purchased_purges":1,"victory":false,"max_hp_per_floor":[71,71,71,71,71,71,71,71,71],"card_choices":[{"not_picked":[],"picked":"Bomb","floor":0.0},{"not_picked":["TightArray:ReiMu","FineLineFantasy:ReiMu"],"picked":"OctopathBindingBorder2:ReiMu","floor":1.0},{"not_picked":["ManaGlint:ReiMu","Mountainwind:ReiMu"],"picked":"ShadowOfCrow2:ReiMu","floor":2.0},{"not_picked":["AirManeuver:ReiMu","Conquer:ReiMu"],"picked":"AirStrike:ReiMu","floor":3.0},{"not_picked":["Conquer:ReiMu","Revelation:ReiMu"],"picked":"YinYangSign:ReiMu","floor":5.0},{"not_picked":["SubAcupoint:ReiMu","CeremonyResonance:ReiMu"],"picked":"Meditation:ReiMu","floor":6.0}],"player_experience":141258,"relics_obtained":[{"floor":6.0,"key":"Mastiff:ReiMu"}],"event_choices":[],"is_beta":false,"boss_relics":[],"items_purged_floors":[4],"is_endless":false,"potions_floor_spawned":[2],"killed_by":"Gremlin Nob","ascension_level":0}}