{"host":"ux8r2oyej5019q8x","time":1611443698,"event":{"mods":["AchievementEnabler","BaseMod","Colored Map","Colored Powertips","GifTheSpireLib","HexUI Lib","Highlight Path","Minty Spire (QoL Compilation)","Rare Cards Sparkle","Relic Stats","StSLib","everything is the same but u backflip on backflip"],"gold_per_floor":[110,10,10,29,45,45,75,0,0,0,0],"floor_reached":10,"language":"ENG","playtime":485,"items_purged":["Strike_B"],"score":83,"play_id":"fb824332-476b-46d4-b91a-fb99b7eb94cf","local_time":"20210124001458","is_ascension_mode":true,"campfire_choices":[{"data":"Reboot","floor":6,"key":"SMITH"}],"circlet_count":0,"master_deck":["Strike_B","Strike_B","Strike_B","Defend_B","Defend_B","Defend_B","Defend_B","Zap","Dualcast","Go for the Eyes","Steam","Reboot+1","Gash"],"relics":["Cracked Core","NeowsBlessing","Mummified Hand","Eternal Feather"],"acts_visited":["Exordium"],"potions_floor_usage":[2,7],"damage_taken":[{"damage":0,"enemies":"Cultist","floor":1,"turns":1},{"damage":0,"enemies":"Jaw Worm","floor":4,"turns":1},{"damage":0,"enemies":"2 Louse","floor":5,"turns":1},{"damage":45,"enemies":"3 Sentries","floor":7,"turns":10},{"damage":33,"enemies":"Lagavulin","floor":10,"turns":6}],"seed_played":"8388006008628087928","potions_obtained":[{"floor":4,"key":"GamblersBrew"},{"floor":7,"key":"CultistPotion"}],"is_trial":false,"path_per_floor":["M","$","?","M","M","R","E","$","T","E"],"character_chosen":"DEFECT","items_purchased":["Fruit Juice"],"campfire_rested":0,"item_purchase_floors":[2],"current_hp_per_floor":[75,80,72,72,72,72,27,27,27,0,0],"gold":0,"neow_bonus":"THREE_ENEMY_KILL","is_daily":false,"chose_seed":false,"campfire_upgraded":1,"win_rate":0.0,"timestamp":1611443698,"path_taken":["M","?","?","M","?","R","E","$","T","E"],"items_purchased_type":["Potion"],"build_version":"2020-12-22","purchased_purges":1,"victory":false,"max_hp_per_floor":[75,80,80,80,80,80,80,80,80,80,80],"relic_stats":{"counters":[5,19],"Mummified Hand":[0],"Eternal Feather":0,"obtain_stats":[{"NeowsBlessing":0,"Mummified Hand":7,"Eternal Feather":9,"Cracked Core":0},{"NeowsBlessing":0,"Mummified Hand":4,"Eternal Feather":4,"Cracked Core":0},{"NeowsBlessing":0,"Mummified Hand":13,"Eternal Feather":13,"Cracked Core":0}]},"card_choices":[{"not_picked":["Rebound","Beam Cell"],"picked":"Go for the Eyes","floor":1},{"not_picked":["Leap","Barrage"],"picked":"Steam","floor":4},{"not_picked":["Beam Cell","Hologram"],"picked":"Reboot","floor":5},{"not_picked":["Leap","Rebound"],"picked":"Gash","floor":7}],"player_experience":201964,"relics_obtained":[{"floor":7,"key":"Mummified Hand"},{"floor":9,"key":"Eternal Feather"}],"event_choices":[{"damage_healed":0,"gold_gain":0,"player_choice":"Damaged","damage_taken":8,"max_hp_gain":0,"max_hp_loss":0,"event_name":"Wheel of Change","floor":3,"gold_loss":0}],"is_beta":false,"boss_relics":[],"items_purged_floors":[8],"is_endless":false,"potions_floor_spawned":[4,7],"killed_by":"Lagavulin","ascension_level":5}}