{"host":"lnt5dzsuhru0aonl","time":1611414142,"event":{"mods":["2.2 Compatiblity","BaseMod","Colored Map","Colored Powertips","DeckTracker","Keyboard Shortcuts","Minty Spire (QoL Compilation)","Permanent Neow","Rare Cards Sparkle","StSLib","SuperFastMode","everything is the same but u backflip on backflip"],"gold_per_floor":[117,130,130,55,65,65,79,79,79,96,96,127,127,139,139,211,211,222,222,28,46,46,46],"floor_reached":22,"language":"KOR","playtime":845,"items_purged":["Strike_G","Strike_G"],"score":372,"play_id":"c0c6cafa-fc1e-4638-922a-439153442b88","local_time":"20210124000222","is_ascension_mode":true,"campfire_choices":[{"data":"Deadly Poison","floor":6.0,"key":"SMITH"},{"data":"Acrobatics","floor":8.0,"key":"SMITH"},{"data":"Footwork","floor":11.0,"key":"SMITH"},{"data":"Tools of the Trade","floor":13,"key":"SMITH"},{"data":"Backflip","floor":15,"key":"SMITH"}],"circlet_count":0,"master_deck":["AscendersBane","Strike_G","Strike_G","Strike_G","Defend_G","Defend_G","Defend_G","Defend_G","Defend_G","Survivor","Neutralize","Backflip+1","Deadly Poison+1","Acrobatics+1","Footwork+1","Tools of the Trade+1","Underhanded Strike","Bullet Time","Tactician","Cloak And Dagger","Backflip+1"],"relics":["Ring of the Snake","Ancient Tea Set","Centennial Puzzle","Ninja Scroll","The Courier","WristBlade","Nilry\u0027s Codex"],"acts_visited":["Exordium","TheCity"],"potions_floor_usage":[12,16,16],"damage_taken":[{"damage":0.0,"enemies":"2 Louse","floor":1.0,"turns":4.0},{"damage":3.0,"enemies":"Cultist","floor":2.0,"turns":4.0},{"damage":0.0,"enemies":"Jaw Worm","floor":5.0,"turns":4.0},{"damage":3.0,"enemies":"Looter","floor":7.0,"turns":3.0},{"damage":4.0,"enemies":"Blue Slaver","floor":10.0,"turns":3.0},{"damage":5,"enemies":"3 Sentries","floor":12,"turns":8},{"damage":0,"enemies":"3 Louse","floor":14,"turns":4},{"damage":2,"enemies":"Hexaghost","floor":16,"turns":10},{"damage":8,"enemies":"Chosen","floor":18,"turns":5},{"damage":10,"enemies":"2 Thieves","floor":21,"turns":4},{"damage":36,"enemies":"Masked Bandits","floor":22,"turns":3}],"seed_played":"-4833816785738530364","potions_obtained":[{"floor":2.0,"key":"Regen Potion"},{"floor":7.0,"key":"AttackPotion"},{"floor":12,"key":"DistilledChaos"},{"floor":14,"key":"SneckoOil"},{"floor":18,"key":"GamblersBrew"}],"is_trial":false,"path_per_floor":["M","M","?","$","M","R","M","R","T","M","R","E","R","M","R","B",null,"M","?","$","M","?"],"character_chosen":"THE_SILENT","items_purchased":["Tactician","Cloak And Dagger"],"campfire_rested":0,"item_purchase_floors":[20,20],"current_hp_per_floor":[59,56,56,56,56,56,53,53,53,49,49,44,44,44,44,42,60,52,31,31,21,0,0],"gold":46,"neow_bonus":"RANDOM_COMMON_RELIC","is_daily":false,"chose_seed":false,"campfire_upgraded":5,"win_rate":0.0,"timestamp":1611414142,"path_taken":["M","M","?","$","?","R","M","R","T","M","R","E","R","M","R","BOSS","M","?","$","M","?"],"items_purchased_type":["Card","Card"],"build_version":"2020-12-22","purchased_purges":2,"victory":false,"max_hp_per_floor":[66,66,66,66,66,66,66,66,66,66,66,66,66,66,66,66,66,66,66,66,66,66,66],"card_choices":[{"not_picked":["Poisoned Stab","Acrobatics"],"picked":"Backflip","floor":1.0},{"not_picked":["Infinite Blades","Slice"],"picked":"Deadly Poison","floor":2.0},{"not_picked":["Blade Dance","Backflip"],"picked":"Acrobatics","floor":5.0},{"not_picked":["Dodge and Roll","Sucker Punch","Expertise"],"picked":"SKIP","floor":7.0},{"not_picked":["Cloak And Dagger","Quick Slash"],"picked":"Footwork","floor":10.0},{"not_picked":["Cloak And Dagger","Infinite Blades"],"picked":"Tools of the Trade","floor":12},{"not_picked":["Predator","Flying Knee"],"picked":"Underhanded Strike","floor":14},{"not_picked":["Venomology","Tools of the Trade"],"picked":"Bullet Time","floor":16},{"not_picked":["Deflect+1","Flying Knee","Sucker Punch"],"picked":"SKIP","floor":18},{"not_picked":["Terror","Flying Knee"],"picked":"Backflip+1","floor":21}],"player_experience":737627,"relics_obtained":[{"floor":9.0,"key":"Ninja Scroll"},{"floor":12,"key":"The Courier"},{"floor":19,"key":"Nilry\u0027s Codex"}],"event_choices":[{"damage_healed":0.0,"max_hp_gain":0.0,"max_hp_loss":0.0,"gold_gain":0.0,"event_name":"WeMeetAgain","player_choice":"Gave Potion","floor":3.0,"gold_loss":0.0,"damage_taken":0.0,"relics_obtained":["Centennial Puzzle"]},{"damage_healed":0,"gold_gain":0,"player_choice":"Obtained Book","damage_taken":21,"max_hp_gain":0,"max_hp_loss":0,"event_name":"Cursed Tome","floor":19,"gold_loss":0},{"damage_healed":0,"gold_gain":0,"player_choice":"Fought Bandits","damage_taken":0,"max_hp_gain":0,"max_hp_loss":0,"event_name":"Masked Bandits","floor":22,"gold_loss":0}],"is_beta":false,"boss_relics":[{"not_picked":["Fusion Hammer","Empty Cage"],"picked":"WristBlade"}],"items_purged_floors":[4,20],"is_endless":false,"potions_floor_spawned":[2,7,12,14,18],"killed_by":"Masked Bandits","ascension_level":20}}