{"host":"KYO","time":1611379720,"event":{"mods":["ATMod(°¢èªMod)","BaseMod","Minty Spire (QoL Compilation)","Permanent Neow","Replay The Spire","Shop Mod","StSLib","SuperFastMode","TestMod","[IsaacMod]ÒÔÈö¼âËþ","¡¾ÒÅÎï¿¨ÅÆ¡¿REMEMod"],"gold_per_floor":[117,130,130,55,66,98,98,124,171,9,21,56,56,75,75,150,150,170,181,201,215,134,214,214,214,214,245,373,390,390,418,418,551,551,576,604,443,466,866,914,998,1039,1039,1065,1083,1127,1140,1171,1171,1178,1185,1185,1185,595,631,652],"floor_reached":57,"language":"ZHS","playtime":2740,"items_purged":["Strike_R","Strike_R"],"score":3614,"play_id":"9517a9a8-1055-46d8-96bf-4ffb29ec97d3","local_time":"20210123132840","is_ascension_mode":true,"campfire_choices":[{"data":"AT_FamilyPortrait","floor":7.0,"key":"SMITH"},{"data":"Sword Boomerang","floor":13.0,"key":"SMITH"},{"data":"AT_TearsDenial","floor":25.0,"key":"SMITH"},{"data":"Demon Form","floor":30.0,"key":"SMITH"},{"data":"Inflame","floor":32,"key":"SMITH"},{"floor":49,"key":"RECALL"},{"data":"Eclipse","floor":53,"key":"SMITH"}],"circlet_count":0,"master_deck":["AscendersBane","Strike_R+1","Strike_R+1","Strike_R","Defend_R","Defend_R","Defend_R","Defend_R","Bash","AT_FamilyPortrait+1","AT_TearsDenial+1","m_Survivalism","Inflame+1","Sword Boomerang+1","Demon Form+1","Eclipse+1","Evolve+1","Heavy Blade+1","REME_WheelOfFate+1"],"relics":["Burning Blood","HushsDoor","AT_ATBox","testmod-TestBox","BookOfRevelations","testmod-ConstraintPeriapt","GuppysHead","ReplayTheSpireMod:Ring of Collecting","Singing Bowl","Blue Doll","ReplayTheSpireMod:Ring of Challenge","MerchantsRug","PreservedInsect","testmod-IncinerationGenerator","GuppysPaw","GuppysTail","TheAbacus","Replay:Wax Seal","Iron Hammer","Ring of Searing","SalivaCoin","Chameleon Ring","Durian","MagicMushroom","ClockworkSouvenir","AT_ImmortalShieldbow","Toy Ornithopter","Smiling Mask","GnawedLeaf","Guide Book","Nunchaku","Void"],"acts_visited":["Exordium","TheCity","TheBeyond","TheEnding"],"potions_floor_usage":[38,56,56,56],"damage_taken":[{"damage":1.0,"enemies":"Cultist","floor":1.0,"turns":3.0},{"damage":8.0,"enemies":"2 Louse","floor":2.0,"turns":2.0},{"damage":0.0,"enemies":"Small Slimes","floor":5.0,"turns":1.0},{"damage":24.0,"enemies":"Replay:BlueRogue","floor":6.0,"turns":4.0},{"damage":0.0,"enemies":"3 Sentries","floor":8.0,"turns":1.0},{"damage":8.0,"enemies":"Exordium Thugs","floor":11.0,"turns":4.0},{"damage":30.0,"enemies":"Lagavulin","floor":12.0,"turns":6.0},{"damage":3.0,"enemies":"Exordium Wildlife","floor":14.0,"turns":3.0},{"damage":25.0,"enemies":"Hexaghost","floor":16.0,"turns":9.0},{"damage":0.0,"enemies":"Spheric Guardian","floor":18.0,"turns":3.0},{"damage":9.0,"enemies":"Shell Parasite","floor":19.0,"turns":2.0},{"damage":0.0,"enemies":"Cultist and Chosen","floor":20.0,"turns":3.0},{"damage":11.0,"enemies":"Centurion and Healer","floor":21.0,"turns":3.0},{"damage":4.0,"enemies":"Book of Stabbing","floor":23.0,"turns":2.0},{"damage":10.0,"enemies":"Gremlin Leader","floor":27.0,"turns":3.0},{"damage":8.0,"enemies":"Colosseum Slavers","floor":28.0,"turns":2.0},{"damage":10.0,"enemies":"Colosseum Nobs","floor":28.0,"turns":3.0},{"damage":1.0,"enemies":"Snake Plant","floor":29.0,"turns":2.0},{"damage":12,"enemies":"Pondfish","floor":33,"turns":4},{"damage":5,"enemies":"Orb Walker","floor":35,"turns":2},{"damage":9,"enemies":"3 Darklings","floor":36,"turns":2},{"damage":5,"enemies":"Jaw Worm Horde","floor":38,"turns":2},{"damage":10,"enemies":"R_Hoarder","floor":40,"turns":3},{"damage":15,"enemies":"Transient","floor":41,"turns":4},{"damage":8,"enemies":"Giant Head","floor":42,"turns":3},{"damage":5,"enemies":"4 Shapes","floor":44,"turns":2},{"damage":0,"enemies":"Sphere and 2 Shapes","floor":45,"turns":2},{"damage":5,"enemies":"R_Hoarder","floor":46,"turns":3},{"damage":0,"enemies":"Reptomancer","floor":48,"turns":2},{"damage":5,"enemies":"Donu and Deca","floor":50,"turns":4},{"damage":5,"enemies":"Replay:Hell Engine","floor":51,"turns":3},{"damage":4,"enemies":"Shield and Spear","floor":55,"turns":2},{"damage":0,"enemies":"The Heart","floor":56,"turns":5}],"seed_played":"4518986200708898109","potions_obtained":[{"floor":2.0,"key":"Fire Potion"},{"floor":8.0,"key":"Explosive Potion"},{"floor":19.0,"key":"DuplicationPotion"},{"floor":20.0,"key":"Doom Potion"},{"floor":23.0,"key":"FairyPotion"},{"floor":35,"key":"Death Potion"},{"floor":38,"key":"testmod-SpacePotion"},{"floor":45,"key":"LiquidMemories"},{"floor":48,"key":"Doom Potion"},{"floor":55,"key":"SkillPotion"}],"is_trial":false,"path_per_floor":["M","M","?","$","M","E","R","E","T","$","M","E","R","M","R","B",null,"M","M","M","M","$","E","?","R","T","E","?","M","R","?","R","B",null,"M","M","$","M","?","E","M","E","T","M","M","E","?","E","R","B","B",null,"R","$","E","B",null],"character_chosen":"IRONCLAD","items_purchased":["MerchantsRug","GuppysPaw","GuppysTail","TheAbacus","ClockworkSouvenir","Guide Book","Nunchaku","Ancient Potion","REME_WheelOfFate+1"],"campfire_rested":0,"item_purchase_floors":[10,17,17,22,37,54,54,54,54],"current_hp_per_floor":[75,73,73,73,75,60,60,68,68,68,68,49,49,56,56,44,58,65,66,69,66,66,70,83,83,83,81,84,92,92,83,83,79,97,101,100,100,104,104,105,100,102,102,107,115,117,81,89,89,92,94,113,113,113,120,121],"gold":652,"neow_bonus":"ONE_RARE_RELIC","is_daily":false,"chose_seed":false,"campfire_upgraded":6,"win_rate":0.0,"timestamp":1611379720,"path_taken":["M","?","?","?","M","E","R","E","T","?","M","E","R","M","R","BOSS","M","?","M","M","$","E","?","R","T","E","?","M","R","?","R","BOSS","M","M","$","M","?","E","M","E","T","M","M","E","?","E","R","BOSS","BOSS","R","$","E","BOSS"],"items_purchased_type":["Relic","Relic","Relic","Relic","Relic","Relic","Relic","Potion","Card"],"build_version":"2020-12-18","purchased_purges":2,"victory":true,"max_hp_per_floor":[75,75,75,75,75,77,77,79,79,79,79,81,81,83,83,83,63,65,67,69,71,71,73,83,83,83,85,92,94,94,94,94,94,101,103,103,103,105,105,107,109,111,111,113,115,117,119,119,119,119,119,119,119,119,121,121],"card_choices":[{"not_picked":["Iron Wave","Bomb"],"picked":"Inflame","floor":1.0},{"not_picked":["Body Slam","Seeing Red","Combust"],"picked":"SKIP","floor":2.0},{"not_picked":["Sword Boomerang","Replay:Undeath\u0027s Touch"],"picked":"Bomb","floor":5.0},{"not_picked":["Life Link","Heavy Blade","Run Through"],"picked":"Singing Bowl","floor":6.0},{"not_picked":["Replay:Many Hands","Body Slam","Pummel"],"picked":"Singing Bowl","floor":8.0},{"not_picked":["Pommel Strike","Anger"],"picked":"Sword Boomerang","floor":11.0},{"not_picked":["Clash","AT_ManFootWork","Run Through"],"picked":"Singing Bowl","floor":12.0},{"not_picked":["Impervious","AT_BodySlamDance","Replay:Undeath\u0027s Touch"],"picked":"Singing Bowl","floor":14.0},{"not_picked":["Double Tap","Exhume"],"picked":"Demon Form","floor":16.0},{"not_picked":["Flex","Warcry","AT_IchimonjiDouble"],"picked":"Singing Bowl","floor":18.0},{"not_picked":["Warcry","Clothesline","Perfected Strike"],"picked":"Singing Bowl","floor":19.0},{"not_picked":["AT_BodySlamDance","Wild Strike","Run Through"],"picked":"Singing Bowl","floor":20.0},{"not_picked":["Wild Strike","Armaments","Sentinel"],"picked":"Singing Bowl","floor":21.0},{"not_picked":["Havoc+1","AT_BodySlamDance","Dual Wield"],"picked":"Singing Bowl","floor":23.0},{"not_picked":["Cleave","Bludgeon","Headbutt"],"picked":"Singing Bowl","floor":27.0},{"not_picked":["Perfected Strike+1","AT_DrawKnifeCut","Warcry+1"],"picked":"Singing Bowl","floor":28.0},{"not_picked":["True Grit","Heavy Blade","Run Through"],"picked":"Singing Bowl","floor":29.0},{"not_picked":["Fiend Fire","REME_TheLastStrike"],"picked":"Eclipse","floor":33},{"not_picked":["Sword Boomerang","Wild Strike","Flex"],"picked":"Singing Bowl","floor":35},{"not_picked":["Battle Trance+1","Pommel Strike"],"picked":"Evolve+1","floor":36},{"not_picked":["Clash","Bludgeon","Clothesline"],"picked":"Singing Bowl","floor":38},{"not_picked":["Double Tap","Entrench","Clash"],"picked":"Singing Bowl","floor":40},{"not_picked":["Clothesline","Wild Strike+1","AT_DiedThrough"],"picked":"Singing Bowl","floor":41},{"not_picked":["Armaments+1","ReplayReversal","Searing Blow+1"],"picked":"Singing Bowl","floor":42},{"not_picked":["Body Slam","Havoc","Carnage+1"],"picked":"Singing Bowl","floor":44},{"not_picked":["Wild Strike","ReplayTheSpireMod:Strike From Hell","REME_Cut"],"picked":"Singing Bowl","floor":45},{"not_picked":["ReplayTheSpireMod:Corrosion Curse","Iron Wave+1","Double Tap"],"picked":"Singing Bowl","floor":46},{"not_picked":["Warcry","Rampage","Uppercut"],"picked":"Singing Bowl","floor":47},{"not_picked":["Clothesline","AT_CaressingTears"],"picked":"Heavy Blade+1","floor":48},{"not_picked":["Flex","Run Through+1","AT_IchimonjiDouble"],"picked":"Singing Bowl","floor":55}],"player_experience":662669,"relics_obtained":[{"floor":3.0,"key":"Ring of Hypnosis"},{"floor":3.0,"key":"ReplayTheSpireMod:Ring of Collecting"},{"floor":6.0,"key":"Singing Bowl"},{"floor":8.0,"key":"SharpPlug"},{"floor":9.0,"key":"Blue Doll"},{"floor":9.0,"key":"ReplayTheSpireMod:Ring of Challenge"},{"floor":12.0,"key":"PreservedInsect"},{"floor":23.0,"key":"Replay:Wax Seal"},{"floor":26.0,"key":"Iron Hammer"},{"floor":26.0,"key":"Ring of Searing"},{"floor":27.0,"key":"SalivaCoin"},{"floor":28.0,"key":"Chameleon Ring"},{"floor":28.0,"key":"Durian"},{"floor":40,"key":"AT_ImmortalShieldbow"},{"floor":42,"key":"Toy Ornithopter"},{"floor":46,"key":"Smiling Mask"},{"floor":48,"key":"GnawedLeaf"},{"floor":55,"key":"Void"}],"event_choices":[{"cards_removed":["Exhume"],"damage_healed":3.0,"max_hp_gain":10.0,"max_hp_loss":0.0,"gold_gain":0.0,"event_name":"Bonfire Elementals","player_choice":"Offered Rare","floor":24.0,"gold_loss":0.0,"damage_taken":0.0},{"damage_healed":0.0,"max_hp_gain":0.0,"max_hp_loss":0.0,"gold_gain":0.0,"event_name":"Colosseum","player_choice":"Fight","floor":28.0,"gold_loss":0.0,"damage_taken":0.0},{"damage_healed":0.0,"max_hp_gain":0.0,"max_hp_loss":0.0,"gold_gain":0.0,"event_name":"Colosseum","player_choice":"Fought Nobs","floor":28.0,"gold_loss":0.0,"damage_taken":0.0},{"damage_healed":0,"gold_gain":0,"player_choice":"Stopped","damage_taken":9,"max_hp_gain":0,"max_hp_loss":0,"event_name":"Cursed Tome","floor":31,"gold_loss":0},{"damage_healed":0,"gold_gain":400,"player_choice":"Sell","damage_taken":0,"max_hp_gain":0,"max_hp_loss":0,"event_name":"¶÷ÂåË¹µÄÅÌ×Ó","floor":39,"relics_lost":["REME_ComplimentaryCards"],"gold_loss":0}],"is_beta":true,"boss_relics":[{"not_picked":["SacredBark","Kintsugi"],"picked":"testmod-IncinerationGenerator"},{"not_picked":[]},{"not_picked":["REME_ChargedStone","testmod-Recursion"],"picked":"MagicMushroom"},{"not_picked":[]}],"items_purged_floors":[4,54],"is_endless":false,"potions_floor_spawned":[2,8,19,20,23,28,35,38,45,48,55],"ascension_level":20}}