{"host":"gafwejejal4v72m6","time":1611417939,"event":{"mods":["Aspiration","BaseMod","BetterRewards","Clockwork Mod","Conspire","Hermit","Hubris","Minty Spire (QoL Compilation)","Rare Cards Sparkle","Shop Mod","StSLib","The Necromancer"],"gold_per_floor":[119,131,131,158,168,168,185,185,185,185,203,214,214,225,225,323,323,340,265,113,113,133,133,133,133,201,201,214,226,226,242,242,345,345,358,358,358],"floor_reached":36,"language":"RUS","playtime":2448,"items_purged":[],"score":428,"play_id":"b9db7fef-0ec4-451d-81fe-fc9ed764c226","local_time":"20210123230539","is_ascension_mode":true,"campfire_choices":[{"floor":6.0,"key":"REST"},{"floor":8.0,"key":"REST"},{"floor":10.0,"key":"REST"},{"floor":15.0,"key":"REST"},{"floor":23.0,"key":"REST"},{"floor":25.0,"key":"REST"},{"data":"ConjureBlade","floor":27.0,"key":"SMITH"},{"floor":30,"key":"REST"},{"floor":32,"key":"REST"}],"circlet_count":0,"master_deck":["Strike_P","Strike_P","Strike_P","Strike_P","Defend_P","Defend_P","Defend_P","Eruption","Vigilance","ConjureBlade+1","Panache","Adaptation","Madness","CutThroughFate","Prostrate","Prostrate","Collect","Evaluate","EmptyBody","Meditate","JustLucky","Brilliance","JustLucky","DevaForm","ReachHeaven","MasterReality","TalkToTheHand","After Image","Well Laid Plans+1","DeceiveReality","DevaForm","FollowUp"],"relics":["PureWater","hubris:SlimyHat","Ancient Tea Set","PreservedInsect","aspiration:AnachronicSnailShell","aspiration:SilentSkillbook","aspiration:Lifesprig","Nloth\u0027s Gift","hubris:BottledRain","Sozu"],"acts_visited":["Exordium","TheCity","TheBeyond"],"potions_floor_usage":[29,29],"damage_taken":[{"damage":8.0,"enemies":"2 Louse","floor":1.0,"turns":3.0},{"damage":1.0,"enemies":"Jaw Worm","floor":2.0,"turns":5.0},{"damage":7.0,"enemies":"Cultist","floor":5.0,"turns":5.0},{"damage":11.0,"enemies":"Lots of Slimes","floor":7.0,"turns":5.0},{"damage":14.0,"enemies":"2 Fungi Beasts","floor":11.0,"turns":4.0},{"damage":12.0,"enemies":"Gremlin Gang","floor":12.0,"turns":5.0},{"damage":5.0,"enemies":"conspire:2 RoseBushes","floor":14.0,"turns":5.0},{"damage":28.0,"enemies":"Slime Boss","floor":16.0,"turns":12.0},{"damage":7.0,"enemies":"Shell Parasite","floor":18.0,"turns":5.0},{"damage":28.0,"enemies":"3 Byrds","floor":22.0,"turns":7.0},{"damage":37.0,"enemies":"Snake Plant","floor":24.0,"turns":5.0},{"damage":8.0,"enemies":"Snecko","floor":28.0,"turns":4.0},{"damage":18,"enemies":"Chosen and Byrds","floor":29,"turns":7},{"damage":35,"enemies":"3 Cultists","floor":31,"turns":7},{"damage":21,"enemies":"hubris:MusketHawk","floor":33,"turns":8},{"damage":63,"enemies":"3 Shapes","floor":35,"turns":6},{"damage":12,"enemies":"Mind Bloom Boss Battle","floor":36,"turns":2}],"seed_played":"5910825747845899922","potions_obtained":[{"floor":5.0,"key":"Strength Potion"},{"floor":12.0,"key":"Energy Potion"},{"floor":14.0,"key":"FearPotion"},{"floor":16.0,"key":"Swift Potion"},{"floor":29,"key":"GamblersBrew"},{"floor":31,"key":"Weak Potion"}],"is_trial":false,"path_per_floor":["M","M","?","T","M","R","M","R","T","R","M","M","?","M","R","B",null,"M","?","$","?","M","R","M","R","T","R","M","M","R","M","R","B",null,"M","?"],"character_chosen":"WATCHER","items_purchased":["ConjureBlade","Panache","hubris:SlimyHat","Adaptation","Madness","CutThroughFate","aspiration:Lifesprig","conspire:TreasureMap"],"campfire_rested":8,"item_purchase_floors":[0,0,0,0,0,0,20,20],"current_hp_per_floor":[38,37,19,19,12,33,22,43,43,64,50,38,38,33,54,26,72,65,65,65,65,37,58,21,42,42,42,34,16,37,2,23,2,72,9,0,0],"gold":358,"neow_bonus":"","is_daily":false,"chose_seed":false,"campfire_upgraded":1,"win_rate":0.0,"timestamp":1611417939,"path_taken":["M","M","?","?","?","R","M","R","T","R","M","?","?","?","R","BOSS","M","?","$","?","M","R","?","R","T","R","M","M","R","M","R","BOSS","M","?"],"items_purchased_type":["Card","Card","Relic","Card","Card","Card","Relic","Relic"],"build_version":"2020-12-22","purchased_purges":0,"victory":false,"max_hp_per_floor":[72,72,72,72,72,72,72,72,72,72,72,72,72,72,72,72,72,72,72,72,72,72,72,72,72,72,72,72,72,72,72,72,72,72,72,72,72],"card_choices":[{"not_picked":["Conclude","Weave"],"picked":"Prostrate","floor":1.0},{"not_picked":["FlyingSleeves","Halt"],"picked":"Prostrate","floor":2.0},{"not_picked":["Indignation","Pray"],"picked":"Collect","floor":5.0},{"not_picked":["WheelKick","CrushJoints"],"picked":"Evaluate","floor":7.0},{"not_picked":["ThirdEye","FlurryOfBlows"],"picked":"EmptyBody","floor":11.0},{"not_picked":["TalkToTheHand","EmptyFist"],"picked":"Meditate","floor":12.0},{"not_picked":["Meditate","ThirdEye"],"picked":"JustLucky","floor":14.0},{"not_picked":["Ragnarok","Blasphemy"],"picked":"DevaForm","floor":16.0},{"not_picked":["Poisoned Stab","Dagger Spray","InnerPeace"],"picked":"ReachHeaven","floor":18.0},{"not_picked":["Dagger Spray","hubris:SlightOfHand","Halt"],"picked":"MasterReality","floor":22.0},{"not_picked":["FollowUp","Vengeance","Weave"],"picked":"TalkToTheHand","floor":24.0},{"not_picked":["Backflip+1","Leg Sweep","FollowUp+1"],"picked":"After Image","floor":28.0},{"not_picked":["All Out Attack","Distraction","SandsOfTime"],"picked":"Well Laid Plans+1","floor":29},{"not_picked":["Evaluate","Quick Slash","Halt+1"],"picked":"DeceiveReality","floor":31},{"not_picked":["After Image","Envenom","Burst"],"picked":"DevaForm","floor":33},{"not_picked":["Eviscerate","Cloak And Dagger+1","Dodge and Roll"],"picked":"FollowUp","floor":35}],"player_experience":95960,"relics_obtained":[{"floor":4.0,"key":"PreservedInsect"},{"floor":9.0,"key":"aspiration:AnachronicSnailShell"},{"floor":26.0,"key":"hubris:BottledRain"}],"event_choices":[{"damage_healed":0.0,"max_hp_gain":0.0,"max_hp_loss":0.0,"gold_gain":0.0,"event_name":"Scrap Ooze","player_choice":"Success","floor":3.0,"gold_loss":0.0,"damage_taken":18.0,"relics_obtained":["Ancient Tea Set"]},{"damage_healed":0.0,"max_hp_gain":0.0,"max_hp_loss":0.0,"gold_gain":0.0,"event_name":"Match and Keep!","player_choice":"2 cards matched","floor":13.0,"gold_loss":0.0,"damage_taken":0.0,"cards_obtained":["JustLucky","Brilliance"]},{"cards_removed":["Defend_P"],"damage_healed":0.0,"max_hp_gain":0.0,"max_hp_loss":0.0,"gold_gain":0.0,"event_name":"Beggar","player_choice":"Gave Gold","floor":19.0,"gold_loss":75.0,"damage_taken":0.0},{"damage_healed":0.0,"max_hp_gain":0.0,"max_hp_loss":0.0,"gold_gain":0.0,"event_name":"N\u0027loth","player_choice":"Traded Relic","floor":21.0,"relics_lost":["conspire:TreasureMap"],"gold_loss":0.0,"damage_taken":0.0,"relics_obtained":["Nloth\u0027s Gift"]},{"damage_healed":0,"gold_gain":0,"player_choice":"Fight","damage_taken":0,"max_hp_gain":0,"max_hp_loss":0,"event_name":"MindBloom","floor":36,"gold_loss":0}],"is_beta":false,"boss_relics":[{"not_picked":["hubris:BlackHole","Calling Bell"],"picked":"aspiration:SilentSkillbook"},{"not_picked":["Fusion Hammer","aspiration:FutureDiary"],"picked":"Sozu"}],"items_purged_floors":[],"is_endless":false,"potions_floor_spawned":[5,12,14,16,22,29,31],"killed_by":"Mind Bloom Boss Battle","ascension_level":1}}