{"host":"Jinnai","time":1611426013,"event":{"mods":["BaseMod","Bestiary","Block Reminder","Colored Map","Colored Powertips","Highlight Path","Minty Spire (QoL Compilation)","Quick Restart","Relic Stats","StSLib"],"gold_per_floor":[20,20,34,45,45,74,74,85,85,85,85,99,115,144,144,144,144],"floor_reached":16,"language":"ENG","playtime":640,"items_purged":[],"score":218,"play_id":"a9f6a2f6-5dfb-4887-958f-87acf81e1281","local_time":"20210123132013","is_ascension_mode":true,"campfire_choices":[{"data":"Bouncing Flask","floor":7,"key":"SMITH"},{"data":"Crippling Poison","floor":11,"key":"SMITH"},{"data":"Crippling Poison","floor":15,"key":"SMITH"}],"circlet_count":0,"master_deck":["AscendersBane","Strike_G","Strike_G","Strike_G","Strike_G","Defend_G","Defend_G","Defend_G","Defend_G","Defend_G","Survivor","Neutralize","Corpse Explosion","Deadly Poison","Adrenaline","Crippling Poison+1","Bouncing Flask+1","Bane","Injury","Neutralize","Infinite Blades","Crippling Poison+1","Venomology","Bane"],"relics":["Ring of the Snake","Lantern","Paper Crane"],"acts_visited":["Exordium"],"potions_floor_usage":[6,8,12,16],"damage_taken":[{"damage":7,"enemies":"Small Slimes","floor":1,"turns":4},{"damage":0,"enemies":"2 Louse","floor":3,"turns":1},{"damage":3,"enemies":"Cultist","floor":4,"turns":4},{"damage":6,"enemies":"Lagavulin","floor":6,"turns":6},{"damage":0,"enemies":"Gremlin Gang","floor":8,"turns":2},{"damage":0,"enemies":"Looter","floor":12,"turns":2},{"damage":0,"enemies":"3 Louse","floor":13,"turns":1},{"damage":11,"enemies":"3 Sentries","floor":14,"turns":4},{"damage":34,"enemies":"Slime Boss","floor":16,"turns":5}],"seed_played":"636738599588311105","potions_obtained":[{"floor":1,"key":"AttackPotion"},{"floor":3,"key":"Dexterity Potion"},{"floor":6,"key":"Dexterity Potion"},{"floor":8,"key":"Poison Potion"},{"floor":14,"key":"Block Potion"}],"is_trial":false,"path_per_floor":["M","?","M","M","?","E","R","M","T","?","R","M","M","E","R","B"],"character_chosen":"THE_SILENT","items_purchased":[],"campfire_rested":0,"item_purchase_floors":[],"current_hp_per_floor":[52,52,52,49,49,43,43,43,43,43,43,43,43,32,32,0,0],"gold":144,"neow_bonus":"THREE_RARE_CARDS","is_daily":false,"chose_seed":false,"campfire_upgraded":3,"win_rate":0.0,"timestamp":1611426013,"path_taken":["M","?","M","M","?","E","R","M","T","?","R","?","M","E","R","BOSS"],"items_purchased_type":[],"build_version":"2020-12-18","purchased_purges":0,"victory":false,"max_hp_per_floor":[66,66,66,66,66,66,66,66,66,66,66,66,66,66,66,66,66],"relic_stats":{"counters":[9,29],"obtain_stats":[{"Lantern":6,"Paper Crane":9,"Ring of the Snake":0},{"Lantern":4,"Paper Crane":5,"Ring of the Snake":0},{"Lantern":15,"Paper Crane":17,"Ring of the Snake":0}],"Ring of the Snake":[18]},"card_choices":[{"not_picked":["Tools of the Trade","Wraith Form v2"],"picked":"Corpse Explosion","floor":0},{"not_picked":["Well Laid Plans","Acrobatics"],"picked":"Deadly Poison","floor":1},{"not_picked":["Backstab","Flying Knee"],"picked":"Crippling Poison","floor":3},{"not_picked":["Distraction","Quick Slash"],"picked":"Bouncing Flask","floor":4},{"not_picked":["Outmaneuver","PiercingWail"],"picked":"Bane","floor":6},{"not_picked":["Cloak And Dagger","Dagger Throw","Quick Slash"],"picked":"SKIP","floor":8},{"not_picked":["Heel Hook","Distraction"],"picked":"Crippling Poison","floor":12},{"not_picked":["Flying Knee","Skewer"],"picked":"Venomology","floor":13},{"not_picked":["Dagger Throw","Predator"],"picked":"Bane","floor":14}],"player_experience":1541731,"relics_obtained":[{"floor":6,"key":"Lantern"},{"floor":9,"key":"Paper Crane"}],"event_choices":[{"damage_healed":0,"gold_gain":0,"cards_transformed":["Strike_G"],"player_choice":"Change","damage_taken":0,"max_hp_gain":0,"max_hp_loss":0,"event_name":"Living Wall","floor":2,"gold_loss":0,"cards_obtained":["Adrenaline"]},{"damage_healed":0,"gold_gain":0,"player_choice":"Ignored","damage_taken":0,"max_hp_gain":0,"max_hp_loss":0,"event_name":"Liars Game","floor":5,"gold_loss":0},{"damage_healed":0,"gold_gain":0,"player_choice":"3 cards matched","damage_taken":0,"max_hp_gain":0,"max_hp_loss":0,"event_name":"Match and Keep!","floor":10,"gold_loss":0,"cards_obtained":["Injury","Neutralize","Infinite Blades"]}],"is_beta":true,"boss_relics":[],"items_purged_floors":[],"is_endless":false,"potions_floor_spawned":[1,3,6,8,14],"killed_by":"Slime Boss","ascension_level":19}}