{"host":"pyvqvk2ltcevcwmf","time":1611382200,"event":{"mods":["BaseMod","BetterRewards","Good Game Mod","Marisa£®ÏF”Í°°ƒß¿Ì…≥£©","Minty Spire (QoL Compilation)","Rare Cards Sparkle","Shop Mod","Spicy Shops","StSLib","The Alterego","The Servant 0.9.4","Youmu£®ªÍ∆«—˝√Œ£©"],"gold_per_floor":[109,109,73,87,107,142,142,174,174,249,262,282,282,296,296,394,394,379,75,75,86,106,106,106],"floor_reached":23,"language":"ZHS","playtime":2595,"items_purged":[],"score":213,"play_id":"9c4d1bae-9c44-49fc-8079-faad2a7b1a24","local_time":"20210123141000","is_ascension_mode":true,"campfire_choices":[{"data":"HumanGodSword","floor":7.0,"key":"SMITH"},{"floor":13.0,"key":"REST"},{"data":"HumanGodSword","floor":15.0,"key":"SMITH"}],"circlet_count":0,"master_deck":["Strike_YM","Strike_YM+1","Strike_YM","Defend_YM","Defend_YM","Defend_YM","Defend_YM","SlashOfPresentWorld","WheelOfPainOfLivingAndDead","alterego_mod:Palingenesis","SwordExtraction","HumanGodSword+1","SwordOfBindingDesires","EchoesOfTheInclemencyOfAllBeings","PreachingAvici","TenKingsRetributionOnThePreta","HumanGodSword+1","SuddenPhantomFormationSlashOfKarmicWind","SlashOfMeditation+1","HumanRealmSword","StrangeHalfBody","SpiritCuttingSword","HumanRealmSword","CelestialStarSword","Mayhem","Shame","SlashOfMeditation","HeavenlyHaloSlash"],"relics":["HalfPhantom","REME:ComplimentaryCards","SlaversCollar","MerchantsRug","Bronze Scales"],"acts_visited":["Exordium","TheCity"],"potions_floor_usage":[],"damage_taken":[{"damage":0.0,"enemies":"Small Slimes","floor":1.0,"turns":3.0},{"damage":0.0,"enemies":"2 Louse","floor":4.0,"turns":4.0},{"damage":0.0,"enemies":"Cultist","floor":5.0,"turns":3.0},{"damage":36.0,"enemies":"3 Sentries","floor":6.0,"turns":15.0},{"damage":24.0,"enemies":"Lagavulin","floor":8.0,"turns":6.0},{"damage":6.0,"enemies":"Exordium Wildlife","floor":11.0,"turns":5.0},{"damage":3.0,"enemies":"Blue Slaver","floor":12.0,"turns":4.0},{"damage":0.0,"enemies":"Exordium Thugs","floor":14.0,"turns":3.0},{"damage":7.0,"enemies":"Hexaghost","floor":16.0,"turns":12.0},{"damage":10.0,"enemies":"2 Thieves","floor":18.0,"turns":4.0},{"damage":3.0,"enemies":"3 Byrds","floor":21.0,"turns":4.0},{"damage":18.0,"enemies":"Snake Plant","floor":22.0,"turns":3.0},{"damage":59,"enemies":"Book of Stabbing","floor":23,"turns":6}],"seed_played":"7258960258623102141","potions_obtained":[{"floor":4.0,"key":"Energy Potion"},{"floor":8.0,"key":"Fire Potion"},{"floor":12.0,"key":"SkillPotion"},{"floor":14.0,"key":"DistilledChaos"},{"floor":21.0,"key":"ColorlessPotion"}],"is_trial":false,"path_per_floor":["M","?","$","M","M","E","R","E","T","?","M","M","R","M","R","B",null,"M","$","?","M","M","E"],"character_chosen":"YOUMU","items_purchased":["HumanGodSword","Mayhem","MerchantsRug"],"campfire_rested":1,"item_purchase_floors":[3,19,19],"current_hp_per_floor":[75,75,75,75,75,39,39,25,25,17,11,8,33,33,33,26,85,75,75,75,72,54,0,0],"gold":106,"neow_bonus":"REMOVE_CARD","is_daily":false,"chose_seed":false,"campfire_upgraded":2,"win_rate":0.0,"timestamp":1611382200,"path_taken":["M","?","$","M","M","E","R","E","T","?","M","?","R","M","R","BOSS","M","$","?","M","M","E"],"items_purchased_type":["Card","Card","Relic"],"build_version":"2020-12-22","purchased_purges":0,"victory":false,"max_hp_per_floor":[75,75,75,75,75,75,75,85,85,85,85,85,85,85,85,85,85,85,85,85,85,85,85,85],"card_choices":[{"not_picked":["SlashOfDepartureFromHesitation","ObsessionWithThePresentWorld"],"picked":"SwordExtraction","floor":1.0},{"not_picked":["ThreeKonsSevenHakus","SwordExtraction"],"picked":"SuddenPhantomFormationSlashOfKarmicWind","floor":4.0},{"not_picked":["DispleasureOfTheSevenHakus","ConstancyOfTheConventionalTruth"],"picked":"SlashOfMeditation","floor":5.0},{"not_picked":["PhosphoricSlash","SwordExtraction"],"picked":"HumanRealmSword","floor":6.0},{"not_picked":["FiveSignsOfTheDyingDeva","DispleasureOfTheSevenHakus"],"picked":"StrangeHalfBody","floor":8.0},{"not_picked":["HellGodSword","ConstancyOfTheConventionalTruth"],"picked":"SpiritCuttingSword","floor":11.0},{"not_picked":["SwordOfBindingDesires","FlashingScatteredFlowers","PhosphoricSlash"],"picked":"SKIP","floor":12.0},{"not_picked":["PretaSword","HellGodSword"],"picked":"HumanRealmSword","floor":14.0},{"not_picked":["ReincarnationSword","HellRealmSword"],"picked":"CelestialStarSword","floor":16.0},{"not_picked":["ThreeKonsSevenHakus","FourBirthsSword","PreachingAvici"],"picked":"SKIP","floor":18.0},{"not_picked":["GhostSword+1","PretaSword"],"picked":"SlashOfMeditation","floor":21.0},{"not_picked":["HiganSword","ConstancyOfTheConventionalTruth"],"picked":"HeavenlyHaloSlash","floor":22.0}],"player_experience":237965,"relics_obtained":[{"floor":6.0,"key":"Whetstone"},{"floor":8.0,"key":"Pear"}],"event_choices":[{"damage_healed":0.0,"max_hp_gain":0.0,"max_hp_loss":0.0,"gold_gain":75.0,"event_name":"FaceTrader","player_choice":"Touch","floor":10.0,"gold_loss":0.0,"damage_taken":8.0},{"damage_healed":0.0,"max_hp_gain":0.0,"max_hp_loss":0.0,"gold_gain":0.0,"event_name":"Addict","player_choice":"Stole Relic","floor":20.0,"gold_loss":0.0,"damage_taken":0.0,"relics_obtained":["Bronze Scales"],"cards_obtained":["Shame"]}],"is_beta":false,"boss_relics":[{"not_picked":["Snecko Eye","Busted Crown"],"picked":"SlaversCollar"}],"items_purged_floors":[],"is_endless":false,"potions_floor_spawned":[4,8,12,14,21],"killed_by":"Book of Stabbing","ascension_level":1}}