{"host":"6xsbn6ynqlzwllfm","time":1611428197,"event":{"mods":["2.2 Compatiblity","BaseMod","Bestiary","Colored Map","Colored Powertips","Curses Come First","Highlight Path","Keyboard Shortcuts","Minty Spire (QoL Compilation)","Quick Restart","Relic Stats","Slay the Relics Exporter","StSLib","SuperFastMode"],"gold_per_floor":[99,99,60,60,60,60,60,60,60,60,60,60,60,60,60,60,60,30,30,30,30,30,30,30,30,30,30,30,30,30,30,30,30,30,30,30,30,30,30,30,30,30,30,30,30,30,30,30,30,30],"floor_reached":51,"language":"ENG","playtime":2810,"items_purged":[],"score":1123,"play_id":"1851b464-ab54-4d73-9cf0-caed14eac92a","local_time":"20210123135637","is_ascension_mode":true,"campfire_choices":[{"data":"Vengeance","floor":6,"key":"SMITH"},{"data":"DeusExMachina","floor":8,"key":"SMITH"},{"data":"Vault","floor":13,"key":"SMITH"},{"data":"Eruption","floor":15,"key":"SMITH"},{"data":"FlurryOfBlows","floor":30,"key":"SMITH"},{"data":"ForeignInfluence","floor":32,"key":"SMITH"},{"floor":44,"key":"REST"},{"floor":49,"key":"REST"}],"circlet_count":0,"master_deck":["Strike_P+1","Strike_P+1","Strike_P+1","Defend_P+1","Defend_P+1","Eruption+1","Vigilance","Vengeance+1","Study","ClearTheMind","DeusExMachina+1","Fasting2+1","Vault+1","Sanctity","Vault","Wallop","MentalFortress+1","ForeignInfluence+1","Fasting2+1","Adaptation+1","Wallop+1","Study+1","FlurryOfBlows+1","FollowUp+1","Ragnarok","Fasting2+1","Tantrum","FlurryOfBlows+1","JustLucky","FlurryOfBlows+1","CrushJoints+1"],"relics":["Ectoplasm","Frozen Egg 2","CeramicFish","Lantern","Lizard Tail","Bottled Lightning","SlaversCollar","Torii","Happy Flower","Matryoshka","Bottled Flame","Black Star","WingedGreaves","Boot","Prayer Wheel","Mercury Hourglass","Anchor","Akabeko","CaptainsWheel","MealTicket"],"acts_visited":["Exordium","TheCity","TheBeyond"],"potions_floor_usage":[7,12,27,33,40,41,42],"damage_taken":[{"damage":3,"enemies":"Small Slimes","floor":1,"turns":3},{"damage":3,"enemies":"2 Louse","floor":2,"turns":2},{"damage":0,"enemies":"Jaw Worm","floor":5,"turns":3},{"damage":10,"enemies":"Gremlin Nob","floor":7,"turns":3},{"damage":14,"enemies":"Lagavulin","floor":10,"turns":6},{"damage":2,"enemies":"3 Sentries","floor":12,"turns":8},{"damage":2,"enemies":"Exordium Wildlife","floor":14,"turns":5},{"damage":9,"enemies":"The Guardian","floor":16,"turns":13},{"damage":2,"enemies":"2 Thieves","floor":18,"turns":5},{"damage":0,"enemies":"Chosen","floor":21,"turns":3},{"damage":0,"enemies":"Gremlin Leader","floor":23,"turns":5},{"damage":1,"enemies":"3 Cultists","floor":24,"turns":6},{"damage":0,"enemies":"Slavers","floor":25,"turns":4},{"damage":9,"enemies":"Snake Plant","floor":27,"turns":6},{"damage":0,"enemies":"Book of Stabbing","floor":28,"turns":4},{"damage":0,"enemies":"Cultist and Chosen","floor":29,"turns":4},{"damage":1,"enemies":"Shelled Parasite and Fungi","floor":31,"turns":3},{"damage":0,"enemies":"Collector","floor":33,"turns":5},{"damage":0,"enemies":"3 Shapes","floor":35,"turns":3},{"damage":0,"enemies":"3 Darklings","floor":36,"turns":3},{"damage":0,"enemies":"Mind Bloom Boss Battle","floor":38,"turns":4},{"damage":15,"enemies":"Nemesis","floor":40,"turns":4},{"damage":13,"enemies":"Giant Head","floor":41,"turns":5},{"damage":9,"enemies":"Maw","floor":42,"turns":5},{"damage":39,"enemies":"Reptomancer","floor":45,"turns":4},{"damage":0,"enemies":"Writhing Mass","floor":46,"turns":3},{"damage":0,"enemies":"3 Darklings","floor":47,"turns":3},{"damage":30,"enemies":"Donu and Deca","floor":50,"turns":6}],"seed_played":"-3231031715846665524","potions_obtained":[{"floor":1,"key":"SkillPotion"},{"floor":2,"key":"Strength Potion"},{"floor":12,"key":"Block Potion"},{"floor":16,"key":"BlessingOfTheForge"},{"floor":18,"key":"PowerPotion"},{"floor":23,"key":"PowerPotion"},{"floor":28,"key":"BlessingOfTheForge"},{"floor":35,"key":"BottledMiracle"},{"floor":40,"key":"LiquidMemories"},{"floor":41,"key":"GamblersBrew"},{"floor":45,"key":"Weak Potion"},{"floor":46,"key":"Energy Potion"}],"is_trial":false,"path_per_floor":["M","M","?","?","M","R","E","R","T","E","T","E","R","M","R","B",null,"M","?","?","M","?","E","M","E","T","M","E","M","R","M","R","B",null,"M","M","?","?","$","E","E","M","T","R","E","M","M","?","R","B",null],"character_chosen":"WATCHER","items_purchased":[],"campfire_rested":2,"item_purchase_floors":[],"current_hp_per_floor":[69,66,66,66,66,66,56,56,56,42,42,40,40,38,38,29,72,70,70,70,70,70,70,69,69,69,60,60,60,60,59,59,59,72,72,72,72,72,72,57,44,35,35,56,17,17,17,17,38,8],"gold":30,"neow_bonus":"BOSS_RELIC","is_daily":false,"chose_seed":false,"campfire_upgraded":6,"win_rate":0.0,"timestamp":1611428197,"path_taken":["M","M","?","?","M","R","E","R","T","E","?","E","R","?","R","BOSS","M","?","?","?","?","E","M","E","T","M","E","M","R","M","R","BOSS","M","M","?","?","?","E","E","M","T","R","E","M","M","?","R","BOSS"],"items_purchased_type":[],"build_version":"2020-12-22","purchased_purges":0,"victory":true,"max_hp_per_floor":[72,72,72,72,72,72,72,72,72,72,72,72,72,72,72,72,72,72,72,72,72,72,72,72,72,72,72,72,72,72,72,72,72,72,72,72,72,72,72,72,72,72,72,72,72,72,72,72,72,72],"relic_stats":{"Lizard Tail":0,"Torii":6,"Happy Flower":[20],"counters":[28,128],"CeramicFish":0,"Prayer Wheel":3,"MealTicket":0,"Ectoplasm":1089,"Black Star":3,"Boot":[0],"obtain_stats":[{"Lantern":10,"Torii":23,"Happy Flower":25,"CeramicFish":9,"Frozen Egg 2":7,"Boot":40,"Akabeko":43,"Mercury Hourglass":41,"SlaversCollar":17,"Lizard Tail":11,"Bottled Flame":28,"Anchor":41,"CaptainsWheel":45,"Matryoshka":26,"Prayer Wheel":40,"MealTicket":45,"Ectoplasm":0,"WingedGreaves":38,"Black Star":34,"Bottled Lightning":12,"PureWater":0},{"Lantern":5,"Torii":11,"Happy Flower":13,"CeramicFish":4,"Frozen Egg 2":4,"Boot":22,"Akabeko":24,"Mercury Hourglass":23,"SlaversCollar":8,"Lizard Tail":5,"Bottled Flame":15,"Anchor":23,"CaptainsWheel":25,"Matryoshka":13,"Prayer Wheel":22,"MealTicket":25,"Ectoplasm":0,"WingedGreaves":21,"Black Star":18,"Bottled Lightning":6,"PureWater":0},{"Lantern":17,"Torii":56,"Happy Flower":66,"CeramicFish":11,"Frozen Egg 2":11,"Boot":102,"Akabeko":112,"Mercury Hourglass":107,"SlaversCollar":43,"Lizard Tail":17,"Bottled Flame":76,"Anchor":107,"CaptainsWheel":116,"Matryoshka":66,"Prayer Wheel":102,"MealTicket":116,"Ectoplasm":0,"WingedGreaves":98,"Black Star":88,"Bottled Lightning":25,"PureWater":0}],"Mercury Hourglass":[96]},"card_choices":[{"not_picked":["SignatureMove","LikeWater"],"picked":"Vengeance","floor":1},{"not_picked":["Nirvana","Halt"],"picked":"Study","floor":2},{"not_picked":["Halt","Perseverance"],"picked":"ClearTheMind","floor":5},{"not_picked":["CutThroughFate","CrushJoints"],"picked":"DeusExMachina","floor":7},{"not_picked":["BowlingBash","Prostrate"],"picked":"Fasting2+1","floor":10},{"not_picked":["Swivel","CutThroughFate"],"picked":"Vault","floor":12},{"not_picked":["Prostrate","SashWhip"],"picked":"Sanctity","floor":14},{"not_picked":["Establishment+1","Scrawl"],"picked":"Vault","floor":16},{"not_picked":["BowlingBash","Indignation"],"picked":"Wallop","floor":18},{"not_picked":["Protect","Crescendo+1"],"picked":"Adaptation+1","floor":21},{"not_picked":["Crescendo","Halt"],"picked":"Wallop+1","floor":23},{"not_picked":["Halt+1","Meditate"],"picked":"Study+1","floor":24},{"not_picked":["ReachHeaven","Prostrate","CrushJoints"],"picked":"SKIP","floor":25},{"not_picked":["SashWhip+1","CarveReality"],"picked":"FlurryOfBlows","floor":27},{"not_picked":["Perseverance","Study+1"],"picked":"FollowUp+1","floor":28},{"not_picked":["EmptyFist+1","Halt","Study+1"],"picked":"SKIP","floor":29},{"not_picked":["PathToVictory+1","EmptyBody","EmptyFist"],"picked":"SKIP","floor":31},{"not_picked":["Wish","Establishment+1"],"picked":"Ragnarok","floor":33},{"not_picked":["Judgement","ForeignInfluence"],"picked":"Fasting2+1","floor":40},{"not_picked":["Evaluate","PathToVictory"],"picked":"Tantrum","floor":41},{"not_picked":["MentalFortress+1","DeceiveReality"],"picked":"FlurryOfBlows+1","floor":42},{"not_picked":["Study+1","CutThroughFate+1","SashWhip"],"picked":"SKIP","floor":42},{"not_picked":["ClearTheMind","Protect"],"picked":"JustLucky","floor":45},{"not_picked":["FollowUp","Nirvana+1"],"picked":"FlurryOfBlows+1","floor":46},{"not_picked":["BowlingBash","EmptyMind"],"picked":"CrushJoints+1","floor":46}],"player_experience":1091212,"relics_obtained":[{"floor":7,"key":"Frozen Egg 2"},{"floor":9,"key":"CeramicFish"},{"floor":10,"key":"Lantern"},{"floor":11,"key":"Lizard Tail"},{"floor":12,"key":"Bottled Lightning"},{"floor":23,"key":"Torii"},{"floor":25,"key":"Happy Flower"},{"floor":26,"key":"Matryoshka"},{"floor":28,"key":"Bottled Flame"},{"floor":38,"key":"WingedGreaves"},{"floor":40,"key":"Boot"},{"floor":40,"key":"Prayer Wheel"},{"floor":41,"key":"Mercury Hourglass"},{"floor":41,"key":"Anchor"},{"floor":43,"key":"Akabeko"},{"floor":45,"key":"CaptainsWheel"},{"floor":45,"key":"MealTicket"}],"event_choices":[{"damage_healed":0,"gold_gain":0,"player_choice":"Left Gold","damage_taken":0,"max_hp_gain":0,"max_hp_loss":0,"event_name":"World of Goop","floor":3,"gold_loss":39},{"damage_healed":0,"gold_gain":0,"player_choice":"Ignored","damage_taken":0,"max_hp_gain":0,"max_hp_loss":0,"event_name":"Golden Idol","floor":4,"gold_loss":0},{"damage_healed":0,"gold_gain":0,"cards_transformed":["Defend_P","Strike_P"],"player_choice":"Became Test Subject","damage_taken":0,"max_hp_gain":0,"max_hp_loss":0,"event_name":"Drug Dealer","floor":19,"gold_loss":0,"cards_obtained":["MentalFortress","ForeignInfluence"]},{"damage_healed":0,"gold_gain":0,"player_choice":"Copied","damage_taken":0,"max_hp_gain":0,"max_hp_loss":0,"event_name":"Duplicator","floor":20,"gold_loss":0,"cards_obtained":["Fasting2"]},{"damage_healed":0,"gold_gain":0,"player_choice":"Simplicity","damage_taken":0,"max_hp_gain":0,"max_hp_loss":0,"event_name":"Back to Basics","floor":22,"gold_loss":0,"cards_upgraded":["Strike_P","Strike_P","Strike_P","Defend_P","Defend_P","Defend_P"]},{"cards_removed":["Defend_P"],"damage_healed":0,"gold_gain":0,"player_choice":"Removed Skill","damage_taken":0,"max_hp_gain":0,"max_hp_loss":0,"event_name":"Falling","floor":37,"gold_loss":0},{"damage_healed":0,"gold_gain":0,"player_choice":"Fight","damage_taken":0,"max_hp_gain":0,"max_hp_loss":0,"event_name":"MindBloom","floor":38,"gold_loss":0},{"damage_healed":0,"gold_gain":0,"player_choice":"Memory 1","damage_taken":0,"max_hp_gain":0,"max_hp_loss":0,"event_name":"SensoryStone","floor":48,"gold_loss":0}],"is_beta":false,"boss_relics":[{"not_picked":["Tiny House","Coffee Dripper"],"picked":"SlaversCollar"},{"not_picked":["VioletLotus","Empty Cage"],"picked":"Black Star"}],"items_purged_floors":[],"is_endless":false,"potions_floor_spawned":[1,2,12,16,18,23,28,35,40,41,45,46],"ascension_level":4}}