{"host":"bxn2em57qlx5u4i0","time":1611365063,"event":{"mods":["BaseMod","Colored Map","Colored Powertips","Highlight Path","Minty Spire (QoL Compilation)","Random Character Button","Relic Sorter","Relic Stats","StSLib","SuperFastMode"],"gold_per_floor":[119,133,133,133,146,146,173,173,250,282,282,309,38,38,38,109,109,126,51,51,51,51,51,51,51],"floor_reached":24,"language":"ENG","playtime":553,"items_purged":[],"score":441,"play_id":"8299ad52-de32-413f-a1cf-64f6090931ea","local_time":"20210122202423","is_ascension_mode":true,"campfire_choices":[{"data":"Catalyst","floor":6.0,"key":"SMITH"},{"data":"Wraith Form v2","floor":8.0,"key":"SMITH"},{"data":"Deadly Poison","floor":15.0,"key":"SMITH"},{"floor":23.0,"key":"REST"}],"circlet_count":0,"master_deck":["AscendersBane","Defend_G","Defend_G","Defend_G","Defend_G","Defend_G","Survivor","Neutralize","Catalyst+1","Deadly Poison+1","Deadly Poison+1","Wraith Form v2+1","Endless Agony","Backflip","A Thousand Cuts","Dodge and Roll+1","Bite","Bite","Bite","Bite","Bite"],"relics":["Ring of the Snake","NeowsBlessing","CultistMask","Juzu Bracelet","Kunai","Oddly Smooth Stone","WingedGreaves","Toxic Egg 2","Black Star","Nilry\u0027s Codex"],"acts_visited":["Exordium","TheCity"],"potions_floor_usage":[],"damage_taken":[{"damage":0.0,"enemies":"Cultist","floor":1.0,"turns":1.0},{"damage":0.0,"enemies":"Small Slimes","floor":2.0,"turns":1.0},{"damage":0.0,"enemies":"2 Louse","floor":5.0,"turns":1.0},{"damage":12.0,"enemies":"Lagavulin","floor":7.0,"turns":6.0},{"damage":1.0,"enemies":"Gremlin Nob","floor":10.0,"turns":4.0},{"damage":29.0,"enemies":"3 Sentries","floor":12.0,"turns":11.0},{"damage":9.0,"enemies":"Hexaghost","floor":16.0,"turns":9.0},{"damage":4.0,"enemies":"Spheric Guardian","floor":18.0,"turns":7.0},{"damage":57,"enemies":"Gremlin Leader","floor":24,"turns":9}],"seed_played":"3341906703640807419","potions_obtained":[{"floor":1.0,"key":"Block Potion"},{"floor":7.0,"key":"SkillPotion"}],"is_trial":false,"path_per_floor":["M","M","?","?","M","R","E","R","T","E","?","E","$","$","R","B",null,"M","?","?","?","?","R","E"],"character_chosen":"THE_SILENT","items_purchased":["Toxic Egg 2"],"campfire_rested":1,"item_purchase_floors":[13],"current_hp_per_floor":[59,59,59,59,59,59,47,47,47,46,46,17,17,17,17,8,52,48,48,27,27,16,31,0,0],"gold":51,"neow_bonus":"THREE_ENEMY_KILL","is_daily":false,"chose_seed":false,"campfire_upgraded":3,"win_rate":0.0,"timestamp":1611365063,"path_taken":["M","?","?","?","M","R","E","R","T","E","?","E","?","$","R","BOSS","M","?","?","?","?","R","E"],"items_purchased_type":["Relic"],"build_version":"2020-12-22","purchased_purges":0,"victory":false,"max_hp_per_floor":[66,66,66,66,66,66,66,66,66,66,66,66,66,66,66,66,66,66,66,66,46,51,51,51,51],"relic_stats":{"counters":[9,49],"Juzu Bracelet":1,"Black Star":0,"Kunai":[6],"obtain_stats":[{"NeowsBlessing":0,"Nilry\u0027s Codex":20,"Oddly Smooth Stone":10,"CultistMask":4,"WingedGreaves":12,"Juzu Bracelet":7,"Black Star":17,"Kunai":9,"Toxic Egg 2":13,"Ring of the Snake":0},{"NeowsBlessing":0,"Nilry\u0027s Codex":8,"Oddly Smooth Stone":5,"CultistMask":2,"WingedGreaves":6,"Juzu Bracelet":4,"Black Star":7,"Kunai":4,"Toxic Egg 2":6,"Ring of the Snake":0},{"NeowsBlessing":0,"Nilry\u0027s Codex":40,"Oddly Smooth Stone":13,"CultistMask":2,"WingedGreaves":24,"Juzu Bracelet":9,"Black Star":33,"Kunai":9,"Toxic Egg 2":24,"Ring of the Snake":0}],"Ring of the Snake":[18]},"card_choices":[{"not_picked":["Expertise","Dagger Throw"],"picked":"Catalyst","floor":1.0},{"not_picked":["Dagger Throw","Cloak And Dagger"],"picked":"Deadly Poison","floor":2.0},{"not_picked":["Underhanded Strike","Finisher"],"picked":"Deadly Poison","floor":5.0},{"not_picked":["Bouncing Flask","Dash"],"picked":"Wraith Form v2","floor":7.0},{"not_picked":["Bane","Storm of Steel"],"picked":"Endless Agony","floor":10.0},{"not_picked":["Skewer","Setup"],"picked":"Backflip","floor":12.0},{"not_picked":["Unload","Storm of Steel+1"],"picked":"A Thousand Cuts","floor":16.0},{"not_picked":["Backflip+1","Bane"],"picked":"Dodge and Roll+1","floor":18.0}],"player_experience":2907614,"relics_obtained":[{"floor":7.0,"key":"Juzu Bracelet"},{"floor":9.0,"key":"Kunai"},{"floor":10.0,"key":"Oddly Smooth Stone"},{"floor":12.0,"key":"WingedGreaves"},{"floor":20.0,"key":"Nilry\u0027s Codex"}],"event_choices":[{"damage_healed":0.0,"max_hp_gain":0.0,"max_hp_loss":0.0,"gold_gain":0.0,"event_name":"Liars Game","player_choice":"Ignored","floor":3.0,"gold_loss":0.0,"damage_taken":0.0},{"damage_healed":0.0,"max_hp_gain":0.0,"max_hp_loss":0.0,"gold_gain":0.0,"event_name":"FaceTrader","player_choice":"Trade","floor":4.0,"gold_loss":0.0,"damage_taken":0.0,"relics_obtained":["CultistMask"]},{"damage_healed":0.0,"max_hp_gain":0.0,"max_hp_loss":0.0,"gold_gain":0.0,"event_name":"Upgrade Shrine","player_choice":"Upgraded","floor":11.0,"gold_loss":0.0,"damage_taken":0.0,"cards_upgraded":["Deadly Poison"]},{"cards_removed":["Strike_G"],"damage_healed":0.0,"max_hp_gain":0.0,"max_hp_loss":0.0,"gold_gain":0.0,"event_name":"Beggar","player_choice":"Gave Gold","floor":19.0,"gold_loss":75.0,"damage_taken":0.0},{"damage_healed":0.0,"max_hp_gain":0.0,"max_hp_loss":0.0,"gold_gain":0.0,"event_name":"Cursed Tome","player_choice":"Obtained Book","floor":20.0,"gold_loss":0.0,"damage_taken":21.0},{"damage_healed":0.0,"max_hp_gain":0.0,"max_hp_loss":20.0,"gold_gain":0.0,"event_name":"Vampires","player_choice":"Became a vampire","floor":21.0,"gold_loss":0.0,"damage_taken":0.0,"cards_obtained":["Bite","Bite","Bite","Bite","Bite"]},{"damage_healed":0.0,"max_hp_gain":5.0,"max_hp_loss":0.0,"gold_gain":0.0,"event_name":"Forgotten Altar","player_choice":"Shed Blood","floor":22.0,"gold_loss":0.0,"damage_taken":16.0}],"is_beta":false,"boss_relics":[{"not_picked":["WristBlade","SacredBark"],"picked":"Black Star"}],"items_purged_floors":[],"is_endless":false,"potions_floor_spawned":[1,7],"killed_by":"Gremlin Leader","ascension_level":20}}