{"host":"ni5mix2lh3q94rpg","time":1611370149,"event":{"mods":["AchievementEnabler","Act Like it!","BaseMod","Better Altar","Better Note","Better Silent Start","Better Skull","Better Third Choice","Better Vampires","Card Forge","Colored Map","Colored Powertips","Custom Start","Displayed Cursed Tome","Gensokyo","GifTheSpireLib","Hermit","Highlight Path","Marisa????????","Minty Spire (QoL Compilation)","Remilia??????","Shop Mod","StSLib","The Cursed","The Servant 0.9.4","Transform Curses","everything is the same but u backflip on backflip","slay the spire mod where everything is the same but ironclad has a cowboy hat"],"gold_per_floor":[116,29,41,6,6,6,6,6,6,6,6,6,21,41,41,119,119,132,132,182,197,197,197,232,232,232,3,34,34,50,79,79,154,154,165,185,185,105,125,125,456,456,456,501,513,525,525,540,540,540],"floor_reached":51,"language":"ENG","playtime":3035,"items_purged":[],"score":1266,"play_id":"59ee87ce-8f7d-4fa3-b872-a9d43053d0fa","local_time":"20210123054909","is_ascension_mode":true,"campfire_choices":[{"data":"Infinite Blades","floor":6.0,"key":"SMITH"},{"data":"Neutralize","floor":8.0,"key":"SMITH"},{"data":"Well Laid Plans","floor":10.0,"key":"SMITH"},{"data":"Calculated Gamble","floor":15.0,"key":"SMITH"},{"data":"Malaise","floor":23.0,"key":"SMITH"},{"data":"Cloak And Dagger","floor":25.0,"key":"SMITH"},{"data":"Cloak And Dagger","floor":29.0,"key":"SMITH"},{"data":"Accuracy","floor":32.0,"key":"SMITH"},{"floor":40.0,"key":"REST"},{"data":"Accuracy","floor":47,"key":"SMITH"},{"data":"Phantasmal Killer","floor":49,"key":"SMITH"}],"circlet_count":0,"master_deck":["AscendersBane","Defend_G+1","Defend_G","Defend_G","Survivor","Neutralize+1","Calculated Gamble+1","Infinite Blades+1","Well Laid Plans+1","Backflip","White Noise+1","Cloak And Dagger+1","Malaise+1","Blade Dance+1","Bite","Bite","Cloak And Dagger+1","PiercingWail","Malaise","Accuracy+1","Adrenaline","Phantasmal Killer+1","Terror+1","Accuracy+1","PiercingWail+1","PiercingWail"],"relics":["Ring of the Snake","Hammer of Thor","Seething Fire","Anvil of the Gods","PreservedInsect","Bag of Marbles","Cursed Key","Bird Faced Urn","Chemical X","Blood Vial","War Paint","Black Star","Juzu Bracelet","Old Coin","CatCart"],"acts_visited":["Exordium","TheCity","TheBeyond"],"potions_floor_usage":[44,48,50,50],"damage_taken":[{"damage":0.0,"enemies":"2 Louse","floor":1.0,"turns":3.0},{"damage":4.0,"enemies":"Small Slimes","floor":3.0,"turns":4.0},{"damage":12.0,"enemies":"Jaw Worm","floor":13.0,"turns":4.0},{"damage":0.0,"enemies":"Blue Slaver","floor":14.0,"turns":5.0},{"damage":13.0,"enemies":"Hexaghost","floor":16.0,"turns":10.0},{"damage":18.0,"enemies":"Shell Parasite","floor":18.0,"turns":8.0},{"damage":9.0,"enemies":"Chosen","floor":21.0,"turns":6.0},{"damage":11.0,"enemies":"Slavers","floor":24.0,"turns":5.0},{"damage":14.0,"enemies":"Gremlin Leader","floor":28.0,"turns":12.0},{"damage":6.0,"enemies":"Snake Plant","floor":30.0,"turns":8.0},{"damage":1.0,"enemies":"Book of Stabbing","floor":31.0,"turns":4.0},{"damage":20.0,"enemies":"Champ","floor":33.0,"turns":13.0},{"damage":10.0,"enemies":"3 Shapes","floor":35.0,"turns":6.0},{"damage":8.0,"enemies":"3 Darklings","floor":36.0,"turns":3.0},{"damage":28.0,"enemies":"4 Shapes","floor":39.0,"turns":5.0},{"damage":18.0,"enemies":"Reptomancer","floor":41.0,"turns":7.0},{"damage":18,"enemies":"Orin","floor":44,"turns":5},{"damage":0,"enemies":"Maw","floor":45,"turns":6},{"damage":9,"enemies":"Writhing Mass","floor":46,"turns":5},{"damage":13,"enemies":"Jaw Worm Horde","floor":48,"turns":4},{"damage":32,"enemies":"Awakened One","floor":50,"turns":10}],"seed_played":"-9143430952289757649","potions_obtained":[{"floor":1.0,"key":"PowerPotion"},{"floor":3.0,"key":"FearPotion"},{"floor":21.0,"key":"Dexterity Potion"},{"floor":28.0,"key":"Fire Potion"},{"floor":35.0,"key":"Swift Potion"},{"floor":44,"key":"Energy Potion"},{"floor":45,"key":"PowerPotion"},{"floor":48,"key":"ColorlessPotion"}],"is_trial":false,"path_per_floor":["M","$","M","?","?","R","$","R","T","R","$","?","M","M","R","B",null,"M","?","?","M","?","R","E","R","T","$","E","R","M","E","R","B",null,"M","M","?","$","M","R","E","?","T","?","M","M","R","M","R","B",null],"character_chosen":"THE_SILENT","items_purchased":["Well Laid Plans","Chemical X","PiercingWail","Accuracy"],"campfire_rested":1,"item_purchase_floors":[2,27,27,38],"current_hp_per_floor":[59,59,55,66,58,58,58,58,58,58,58,58,46,46,46,33,58,40,40,40,41,46,46,39,39,39,39,50,50,50,50,50,36,47,45,46,46,46,23,37,41,41,41,31,47,46,46,42,42,25],"gold":540,"neow_bonus":"THREE_CARDS","is_daily":false,"chose_seed":false,"campfire_upgraded":10,"win_rate":0.0,"timestamp":1611370149,"path_taken":["M","$","M","?","?","R","?","R","T","R","?","?","M","M","R","BOSS","M","?","?","?","?","R","E","R","T","$","E","R","?","E","R","BOSS","M","M","?","$","M","R","E","?","T","?","M","M","R","M","R","BOSS"],"items_purchased_type":["Card","Relic","Card","Card"],"build_version":"2020-12-22","purchased_purges":0,"victory":true,"max_hp_per_floor":[66,66,66,66,66,66,66,66,66,66,66,66,66,66,66,66,66,66,50,50,50,50,50,50,50,50,50,50,50,50,50,50,50,50,50,50,47,47,47,47,47,47,47,47,47,47,47,47,47,47],"card_choices":[{"not_picked":["Heel Hook","Blur"],"picked":"Calculated Gamble","floor":0.0},{"not_picked":["Tactician","Blade Dance"],"picked":"Infinite Blades","floor":1.0},{"not_picked":["Poisoned Stab","Deadly Poison"],"picked":"Backflip","floor":3.0},{"not_picked":["Dagger Throw","Slice"],"picked":"Cloak And Dagger","floor":13.0},{"not_picked":["Flying Knee","Outmaneuver","Prepared"],"picked":"SKIP","floor":14.0},{"not_picked":["Doppelganger","Die Die Die"],"picked":"Malaise","floor":16.0},{"not_picked":["All Out Attack","Endless Agony"],"picked":"Blade Dance+1","floor":18.0},{"not_picked":["PiercingWail","Backflip"],"picked":"Cloak And Dagger","floor":21.0},{"not_picked":["Flying Knee","Calculated Gamble","Well Laid Plans"],"picked":"SKIP","floor":24.0},{"not_picked":["Quick Slash","Flying Knee"],"picked":"Malaise","floor":28.0},{"not_picked":["Cloak And Dagger","Skewer"],"picked":"Accuracy","floor":30.0},{"not_picked":["Acrobatics","Expertise"],"picked":"Adrenaline","floor":31.0},{"not_picked":["Night Terror","Doppelganger"],"picked":"Phantasmal Killer","floor":33.0},{"not_picked":["Choke+1","Slice","Quick Slash+1"],"picked":"SKIP","floor":35.0},{"not_picked":["Quick Slash","Blade Dance"],"picked":"Terror+1","floor":36.0},{"not_picked":["Bane","Flechettes","Terror"],"picked":"SKIP","floor":39.0},{"not_picked":["Acrobatics","Malaise","Accuracy"],"picked":"SKIP","floor":41.0},{"not_picked":["Slice","Outmaneuver"],"picked":"PiercingWail+1","floor":45},{"not_picked":["Grand Finale","Prepared","Masterful Stab+1"],"picked":"SKIP","floor":46},{"not_picked":["Flying Knee","Backstab"],"picked":"PiercingWail","floor":48}],"player_experience":876874,"relics_obtained":[{"floor":9.0,"key":"Bag of Marbles"},{"floor":24.0,"key":"Bird Faced Urn"},{"floor":28.0,"key":"Blood Vial"},{"floor":31.0,"key":"War Paint"},{"floor":41.0,"key":"Juzu Bracelet"},{"floor":41.0,"key":"Old Coin"},{"floor":44,"key":"CatCart"}],"event_choices":[{"damage_healed":16.0,"max_hp_gain":0.0,"max_hp_loss":0.0,"gold_gain":0.0,"event_name":"The Cleric","player_choice":"Healed","floor":4.0,"gold_loss":35.0,"damage_taken":0.0},{"cards_removed":["Defend_G"],"damage_healed":0.0,"max_hp_gain":0.0,"max_hp_loss":0.0,"gold_gain":0.0,"event_name":"Purifier","player_choice":"Purged","floor":12.0,"gold_loss":0.0,"damage_taken":0.0},{"damage_healed":0.0,"max_hp_gain":0.0,"max_hp_loss":16.0,"gold_gain":0.0,"event_name":"Vampires","player_choice":"Became a vampire","floor":19.0,"gold_loss":0.0,"damage_taken":0.0,"cards_obtained":["Bite","Bite","Bite","Bite"]},{"damage_healed":0.0,"max_hp_gain":0.0,"max_hp_loss":0.0,"gold_gain":100.0,"event_name":"The Joust","player_choice":"Bet on Murderer","floor":20.0,"gold_loss":50.0,"damage_taken":0.0},{"cards_removed":["Bite"],"damage_healed":5.0,"max_hp_gain":0.0,"max_hp_loss":0.0,"gold_gain":0.0,"event_name":"Bonfire Elementals","player_choice":"Offered Special","floor":22.0,"gold_loss":0.0,"damage_taken":0.0},{"damage_healed":0.0,"max_hp_gain":0.0,"max_hp_loss":3.0,"gold_gain":0.0,"event_name":"Winding Halls","player_choice":"Max HP","floor":37.0,"gold_loss":0.0,"damage_taken":0.0},{"cards_removed":["Bite"],"damage_healed":0.0,"max_hp_gain":0.0,"max_hp_loss":0.0,"gold_gain":0.0,"event_name":"Falling","player_choice":"Removed Attack","floor":42.0,"gold_loss":0.0,"damage_taken":0.0},{"damage_healed":0,"gold_gain":0,"player_choice":"Fight","damage_taken":0,"max_hp_gain":0,"max_hp_loss":0,"event_name":"OrinTheCat","floor":44,"gold_loss":0}],"is_beta":false,"boss_relics":[{"not_picked":["Runic Dome","Tiny House"],"picked":"Cursed Key"},{"not_picked":["Coffee Dripper","Fusion Hammer"],"picked":"Black Star"}],"items_purged_floors":[],"is_endless":false,"potions_floor_spawned":[1,3,14,21,28,35,44,45,48],"ascension_level":17}}