{"host":"awrw1gk2acwismlg","time":1611404294,"event":{"mods":["100% Spire Juice","ATMod(°¢èªMod)","BaseMod","Bestiary","Hero for Fun","KinomotoSakuraMod(Ä¾Ö®±¾Ó£)","Marisa£¨ìFÓê¡¡Ä§ÀíÉ³£©","Minty Spire (QoL Compilation)","Remilia£¨ÀÙÃ×ÀòÑÇ£©","Robot Space Explorer","Small Relic Pack","StSLib","The Dragon Tamer","Wide Potions","Yakumo Yukari mod","Youmu£¨»êÆÇÑýÃÎ£©","¡¾ÒÅÎï¿¨ÅÆ¡¿REMEMod","óô»ðÖ¸ÄÏ"],"gold_per_floor":[110,110,110,134,199,257,308,16,52,160,211,103,183,139,151,163,163],"floor_reached":16,"language":"ZHS","playtime":1730,"items_purged":[],"score":139,"play_id":"93ff0ab7-f5e5-45d1-87a5-e46c74883aa2","local_time":"20210123201814","is_ascension_mode":false,"campfire_choices":[{"floor":12,"key":"REST"},{"floor":15,"key":"REST"}],"circlet_count":0,"master_deck":["Moonworks:Strike","Moonworks:Strike","Moonworks:Strike","Moonworks:Strike","Moonworks:Defend","Moonworks:Defend","Moonworks:Defend","Moonworks:Ambush","Moonworks:LongDistanceShot","Moonworks:MeltingMemories","AT_FamilyPortrait","Moonworks:FinalSurgery","Moonworks:EvilSpyWorkPreparation","Moonworks:FullSpeedAlicianrone+1","Moonworks:JonathanRush","Moonworks:JonathanRush+1","Moonworks:BigBangBell","Moonworks:JonathanRush","Moonworks:CloudOfSeagulls","Moonworks:NicePresent"],"relics":["Moonworks:BrokenBomb","Moonworks:Homemark","AT_ATBox","REME_ComplimentaryCards","NeowsBlessing","Golden Idol","AT_MibuBalloonWealth","MawBank","PreservedInsect","Whetstone"],"acts_visited":["Exordium"],"potions_floor_usage":[16,16],"damage_taken":[{"damage":0,"enemies":"Jaw Worm","floor":1,"turns":3},{"damage":0,"enemies":"Small Slimes","floor":5,"turns":7},{"damage":3,"enemies":"Lagavulin","floor":6,"turns":3},{"damage":1,"enemies":"Cultist","floor":7,"turns":3},{"damage":21,"enemies":"Gremlin Nob","floor":8,"turns":4},{"damage":15,"enemies":"3 Louse","floor":10,"turns":3},{"damage":10,"enemies":"Looter","floor":11,"turns":2},{"damage":13,"enemies":"2 Fungi Beasts","floor":13,"turns":4},{"damage":12,"enemies":"Large Slime","floor":14,"turns":3},{"damage":29,"enemies":"The Guardian","floor":16,"turns":3}],"seed_played":"5709377260217381529","potions_obtained":[{"floor":5,"key":"Weak Potion"},{"floor":6,"key":"Strength Potion"},{"floor":13,"key":"Regen Potion"}],"is_trial":false,"path_per_floor":["M","?","?","T","M","E","M","E","T","M","M","R","M","M","R","B"],"character_chosen":"THE_STARBREAKER","items_purchased":[],"campfire_rested":2,"item_purchase_floors":[],"current_hp_per_floor":[60,45,38,38,38,35,42,21,21,11,6,24,11,2,20,0,0],"gold":163,"neow_bonus":"THREE_ENEMY_KILL","is_daily":false,"chose_seed":false,"campfire_upgraded":0,"win_rate":0.0,"timestamp":1611404294,"path_taken":["M","?","?","?","M","E","?","E","T","M","M","R","M","?","R","BOSS"],"items_purchased_type":[],"build_version":"2020-12-22","purchased_purges":0,"victory":false,"max_hp_per_floor":[60,60,60,60,60,60,60,60,60,60,60,60,60,60,60,60,60],"card_choices":[{"not_picked":["Moonworks:ImOnFire","Moonworks:LulusLuckyEgg"],"picked":"Moonworks:FinalSurgery","floor":1},{"not_picked":["Moonworks:FinalSurgery","Moonworks:LulusLuckyEgg"],"picked":"Moonworks:EvilSpyWorkPreparation","floor":5},{"not_picked":["Moonworks:ImOnFire","Moonworks:Heat300Percent"],"picked":"Moonworks:FullSpeedAlicianrone","floor":6},{"not_picked":["Moonworks:IndiscriminateFireSupport","Moonworks:NicePresent"],"picked":"Moonworks:JonathanRush","floor":7},{"not_picked":["Moonworks:MixPhenomenon","Moonworks:CompletionReward"],"picked":"Moonworks:JonathanRush","floor":8},{"not_picked":["Moonworks:NicePresent","Moonworks:ImOnFire"],"picked":"Moonworks:BigBangBell","floor":10},{"not_picked":["Moonworks:Poppoformation","Moonworks:AwakeningOfTalent"],"picked":"Moonworks:JonathanRush","floor":11},{"not_picked":["Moonworks:IndiscriminateFireSupport","Moonworks:BigMagnum"],"picked":"Moonworks:CloudOfSeagulls","floor":13},{"not_picked":["Moonworks:Bloodlust","Moonworks:CrystalBarrier"],"picked":"Moonworks:NicePresent","floor":14}],"player_experience":33076,"relics_obtained":[{"floor":4,"key":"AT_MibuBalloonWealth"},{"floor":6,"key":"MawBank"},{"floor":8,"key":"PreservedInsect"},{"floor":9,"key":"Whetstone"}],"event_choices":[{"damage_healed":0,"gold_gain":0,"player_choice":"Take Damage","damage_taken":15,"relics_obtained":["Golden Idol"],"max_hp_gain":0,"max_hp_loss":0,"event_name":"Golden Idol","floor":2,"gold_loss":0},{"cards_removed":["Moonworks:Defend"],"damage_healed":0,"gold_gain":0,"player_choice":"Card Removal","damage_taken":7,"max_hp_gain":0,"max_hp_loss":0,"event_name":"Golden Wing","floor":3,"gold_loss":0}],"is_beta":false,"boss_relics":[],"items_purged_floors":[],"is_endless":false,"potions_floor_spawned":[5,6,7,11,13],"killed_by":"The Guardian","ascension_level":0}}