{"host":"Oniwa","time":1611418682,"event":{"mods":["BaseMod","Colored Map","Colored Powertips","Minty Spire (QoL Compilation)","Relic Stats","Slay the Relics Exporter","SpireBot","StSLib","ojb\u0027s Better Paths Mod","ojb\u0027s Info Mod"],"gold_per_floor":[112,112,112,112,187,223,223,266,266,266,281,42,42,78,78,174,174,195,195,218,268,292,292,292,333,333,368,383,398,398,411,411,501,501,515,515,790,808,263,297,297,332,332,332,363,363,363,363,363,363,363],"floor_reached":52,"language":"JPN","playtime":2386,"items_purged":["Strike_G","Regret"],"score":2226,"play_id":"26614ab6-cbdd-44ba-b4e0-2d0804a1acd6","local_time":"20210124011802","is_ascension_mode":true,"campfire_choices":[{"data":"Wraith Form v2","floor":7.0,"key":"SMITH"},{"data":"Poisoned Stab","floor":10.0,"key":"SMITH"},{"data":"Bane","floor":13.0,"key":"SMITH"},{"data":"Neutralize","floor":15.0,"key":"SMITH"},{"floor":23,"key":"REST"},{"data":"Bouncing Flask","floor":30,"key":"SMITH"},{"data":"Corpse Explosion","floor":32,"key":"SMITH"},{"data":"Wraith Form v2","floor":41,"key":"SMITH"},{"floor":46,"key":"REST"},{"data":"Pain","floor":49,"key":"PURGE"}],"circlet_count":0,"master_deck":["AscendersBane","Strike_G+1","Strike_G+1","Strike_G","Defend_G","Defend_G","Defend_G","Defend_G","Defend_G","Survivor","Neutralize+1","Blade Dance","Wraith Form v2+1","Poisoned Stab+1","Bane+1","PiercingWail","Corpse Explosion+1","Deadly Poison","Bouncing Flask+1","Crippling Poison+1","Wraith Form v2+1","PiercingWail","Noxious Fumes","Backflip+1"],"relics":["Ring of the Snake","NeowsBlessing","Golden Idol","InkBottle","Tiny Chest","Letter Opener","Art of War","Matryoshka","Snecko Eye","Orichalcum","Akabeko","Whetstone","Bag of Preparation","Turnip","Bronze Scales","Velvet Choker","The Specimen","ClockworkSouvenir","Question Card","Boot","Peace Pipe","Incense Burner","Shuriken","WarpedTongs"],"acts_visited":["Exordium","TheCity","TheBeyond"],"potions_floor_usage":[27,45],"damage_taken":[{"damage":0.0,"enemies":"Jaw Worm","floor":1.0,"turns":1.0},{"damage":0.0,"enemies":"Lagavulin","floor":6.0,"turns":1.0},{"damage":0.0,"enemies":"Gremlin Nob","floor":8.0,"turns":1.0},{"damage":0.0,"enemies":"2 Louse","floor":11.0,"turns":3.0},{"damage":15.0,"enemies":"Lagavulin","floor":14.0,"turns":9.0},{"damage":24.0,"enemies":"The Guardian","floor":16.0,"turns":15.0},{"damage":12.0,"enemies":"2 Thieves","floor":18.0,"turns":4.0},{"damage":7,"enemies":"3 Byrds","floor":20,"turns":3},{"damage":5,"enemies":"Book of Stabbing","floor":25,"turns":5},{"damage":0,"enemies":"Slavers","floor":27,"turns":1},{"damage":0,"enemies":"Centurion and Healer","floor":28,"turns":4},{"damage":0,"enemies":"Snecko","floor":29,"turns":5},{"damage":0,"enemies":"Sentry and Sphere","floor":31,"turns":4},{"damage":14,"enemies":"Automaton","floor":33,"turns":8},{"damage":0,"enemies":"3 Darklings","floor":35,"turns":3},{"damage":1,"enemies":"3 Shapes","floor":38,"turns":4},{"damage":22,"enemies":"Reptomancer","floor":40,"turns":5},{"damage":0,"enemies":"Giant Head","floor":42,"turns":7},{"damage":13,"enemies":"Reptomancer","floor":45,"turns":5},{"damage":14,"enemies":"Donu and Deca","floor":50,"turns":8},{"damage":10,"enemies":"Time Eater","floor":51,"turns":12}],"seed_played":"-5682930489372039978","potions_obtained":[{"floor":6.0,"key":"LiquidMemories"},{"floor":11.0,"key":"ColorlessPotion"},{"floor":18.0,"key":"FearPotion"},{"floor":29,"key":"Fire Potion"},{"floor":35,"key":"LiquidBronze"},{"floor":45,"key":"GamblersBrew"}],"is_trial":false,"path_per_floor":["M","?","?","?","?","E","R","E","T","R","M","$","R","E","R","B",null,"M","?","M","?","T","R","?","E","T","E","M","M","R","M","R","B",null,"M","T","?","M","$","E","R","E","T","?","E","R","T","?","R","B","B",null],"character_chosen":"THE_SILENT","items_purchased":["Art of War","ClockworkSouvenir","Question Card"],"campfire_rested":2,"item_purchase_floors":[12,39,39],"current_hp_per_floor":[59,52,52,57,46,46,46,46,46,46,46,46,46,31,31,7,51,39,39,32,32,32,51,51,46,46,46,46,46,46,46,46,32,57,57,57,57,56,56,34,34,34,34,34,21,40,40,40,40,26,16],"gold":363,"neow_bonus":"THREE_ENEMY_KILL","is_daily":false,"chose_seed":true,"campfire_upgraded":7,"win_rate":0.0,"timestamp":1611418682,"path_taken":["M","?","?","?","?","E","R","E","T","R","?","$","R","E","R","BOSS","M","?","M","?","?","R","?","E","T","E","?","?","R","M","R","BOSS","M","?","?","?","$","E","R","E","T","?","E","R","?","?","R","BOSS","BOSS"],"items_purchased_type":["Relic","Relic","Relic"],"build_version":"2020-12-18","purchased_purges":2,"victory":true,"max_hp_per_floor":[66,66,60,65,65,65,65,65,65,65,65,65,65,65,65,65,65,65,65,65,65,65,65,65,65,65,65,65,65,65,65,65,65,65,65,65,65,65,65,65,65,65,65,65,65,65,65,65,65,65,65],"relic_stats":{"counters":[21,108],"Golden Idol":161,"Bag of Preparation":[12],"Letter Opener":[240],"Whetstone":["Strike_G","Strike_G"],"Orichalcum":[228],"Question Card":3,"Boot":[2],"WarpedTongs":[18],"Peace Pipe":2,"Shuriken":[1],"Bronze Scales":[186],"Snecko Eye":[142,166,139,138],"Tiny Chest":3,"Turnip":[8],"Art of War":[38],"obtain_stats":[{"NeowsBlessing":0,"The Specimen":36,"Golden Idol":3,"Velvet Choker":34,"Bag of Preparation":26,"Incense Burner":45,"Letter Opener":9,"Whetstone":25,"Orichalcum":22,"Question Card":39,"Boot":40,"Akabeko":22,"ClockworkSouvenir":39,"WarpedTongs":48,"Peace Pipe":42,"Matryoshka":14,"Shuriken":47,"Bronze Scales":27,"Snecko Eye":17,"Tiny Chest":8,"Turnip":26,"Art of War":12,"InkBottle":6,"Ring of the Snake":0},{"NeowsBlessing":0,"The Specimen":15,"Golden Idol":1,"Velvet Choker":14,"Bag of Preparation":9,"Incense Burner":19,"Letter Opener":3,"Whetstone":9,"Orichalcum":8,"Question Card":16,"Boot":17,"Akabeko":8,"ClockworkSouvenir":16,"WarpedTongs":19,"Peace Pipe":18,"Matryoshka":5,"Shuriken":19,"Bronze Scales":10,"Snecko Eye":6,"Tiny Chest":3,"Turnip":9,"Art of War":4,"InkBottle":2,"Ring of the Snake":0},{"NeowsBlessing":0,"The Specimen":67,"Golden Idol":1,"Velvet Choker":64,"Bag of Preparation":42,"Incense Burner":88,"Letter Opener":3,"Whetstone":42,"Orichalcum":37,"Question Card":71,"Boot":76,"Akabeko":37,"ClockworkSouvenir":71,"WarpedTongs":88,"Peace Pipe":83,"Matryoshka":15,"Shuriken":88,"Bronze Scales":43,"Snecko Eye":30,"Tiny Chest":3,"Turnip":42,"Art of War":6,"InkBottle":2,"Ring of the Snake":0}],"InkBottle":[34],"Ring of the Snake":[42]},"card_choices":[{"not_picked":["Dodge and Roll","Quick Slash"],"picked":"Blade Dance","floor":1.0},{"not_picked":["Distraction","PiercingWail"],"picked":"Wraith Form v2","floor":6.0},{"not_picked":["Quick Slash","Dodge and Roll"],"picked":"Poisoned Stab","floor":8.0},{"not_picked":["Underhanded Strike","Sucker Punch"],"picked":"Bane","floor":11.0},{"not_picked":["Quick Slash","Flying Knee"],"picked":"PiercingWail","floor":14.0},{"not_picked":["A Thousand Cuts","Grand Finale"],"picked":"Corpse Explosion","floor":16.0},{"not_picked":["Dodge and Roll","Prepared"],"picked":"Deadly Poison","floor":18.0},{"not_picked":["Deflect","Prepared+1","Masterful Stab"],"picked":"SKIP","floor":20},{"not_picked":["Concentrate","Dagger Throw"],"picked":"Bouncing Flask","floor":25},{"not_picked":["Sucker Punch","Tactician","Backstab+1"],"picked":"SKIP","floor":27},{"not_picked":["Eviscerate","Bane"],"picked":"Crippling Poison+1","floor":28},{"not_picked":["Accuracy","Underhanded Strike","Prepared"],"picked":"SKIP","floor":29},{"not_picked":["Prepared","Blade Dance+1","Dodge and Roll"],"picked":"SKIP","floor":31},{"not_picked":["Envenom","Corpse Explosion"],"picked":"Wraith Form v2","floor":33},{"not_picked":["Deadly Poison","Deflect+1"],"picked":"PiercingWail","floor":35},{"not_picked":["Sucker Punch","Setup"],"picked":"Noxious Fumes","floor":38},{"not_picked":["Cloak And Dagger","Masterful Stab","PiercingWail"],"picked":"Backflip+1","floor":40},{"not_picked":["Unload","Prepared","Slice","Dagger Throw"],"picked":"SKIP","floor":42},{"not_picked":["Caltrops","Flying Knee","Poisoned Stab+1","Deadly Poison"],"picked":"SKIP","floor":45}],"player_experience":2576496,"relics_obtained":[{"floor":6.0,"key":"InkBottle"},{"floor":8.0,"key":"Tiny Chest"},{"floor":9.0,"key":"Letter Opener"},{"floor":14.0,"key":"Matryoshka"},{"floor":22,"key":"Orichalcum"},{"floor":22,"key":"Akabeko"},{"floor":25,"key":"Whetstone"},{"floor":26,"key":"Bag of Preparation"},{"floor":26,"key":"Turnip"},{"floor":27,"key":"Bronze Scales"},{"floor":36,"key":"The Specimen"},{"floor":40,"key":"Boot"},{"floor":42,"key":"Peace Pipe"},{"floor":45,"key":"Incense Burner"},{"floor":47,"key":"Shuriken"}],"event_choices":[{"cards_removed":["Strike_G"],"damage_healed":0.0,"max_hp_gain":0.0,"max_hp_loss":0.0,"gold_gain":0.0,"event_name":"Golden Wing","player_choice":"Card Removal","floor":2.0,"gold_loss":0.0,"damage_taken":7.0},{"damage_healed":0.0,"max_hp_gain":0.0,"max_hp_loss":6.0,"gold_gain":0.0,"event_name":"Golden Idol","player_choice":"Lose Max HP","floor":3.0,"gold_loss":0.0,"damage_taken":0.0,"relics_obtained":["Golden Idol"]},{"damage_healed":0.0,"max_hp_gain":5.0,"max_hp_loss":0.0,"gold_gain":0.0,"event_name":"Big Fish","player_choice":"Donut","floor":4.0,"gold_loss":0.0,"damage_taken":0.0},{"damage_healed":0.0,"max_hp_gain":0.0,"max_hp_loss":0.0,"gold_gain":75.0,"event_name":"World of Goop","player_choice":"Gather Gold","floor":5.0,"gold_loss":0.0,"damage_taken":11.0},{"damage_healed":0.0,"max_hp_gain":0.0,"max_hp_loss":0.0,"gold_gain":0.0,"event_name":"Vampires","player_choice":"Ignored","floor":19.0,"gold_loss":0.0,"damage_taken":0.0},{"damage_healed":0,"gold_gain":50,"player_choice":"Stole From Cult","damage_taken":0,"max_hp_gain":0,"max_hp_loss":0,"event_name":"Nest","floor":21,"gold_loss":0},{"damage_healed":0,"gold_gain":0,"player_choice":"Ignored","damage_taken":0,"max_hp_gain":0,"max_hp_loss":0,"event_name":"The Mausoleum","floor":24,"gold_loss":0},{"damage_healed":0,"gold_gain":275,"player_choice":"Desecrate","damage_taken":0,"max_hp_gain":0,"max_hp_loss":0,"event_name":"Golden Shrine","floor":37,"gold_loss":0,"cards_obtained":["Regret"]},{"damage_healed":0,"gold_gain":0,"player_choice":"Ignored","damage_taken":0,"max_hp_gain":0,"max_hp_loss":0,"event_name":"Tomb of Lord Red Mask","floor":44,"gold_loss":0},{"damage_healed":0,"gold_gain":0,"player_choice":"Rummage","damage_taken":0,"relics_obtained":["WarpedTongs"],"max_hp_gain":0,"max_hp_loss":0,"event_name":"Accursed Blacksmith","floor":48,"gold_loss":0,"cards_obtained":["Pain"]}],"is_beta":true,"boss_relics":[{"not_picked":["Empty Cage","Coffee Dripper"],"picked":"Snecko Eye"},{"not_picked":["Philosopher\u0027s Stone","Fusion Hammer"],"picked":"Velvet Choker"}],"items_purged_floors":[12,39],"is_endless":false,"potions_floor_spawned":[6,11,18,29,35,45],"ascension_level":20}}