{"host":"7jl4uf745pjtflnx","time":1611414509,"event":{"mods":["BaseMod","BetterRewards","Hubris","Minty Spire (QoL Compilation)","Replay The Spire","StSLib","SuperFastMode","The Construct"],"gold_per_floor":[116,116,134,134,146,146,146,171,243,263,263,263,280,313,313,313,313],"floor_reached":16,"language":"ENG","playtime":622,"items_purged":["Strike_G"],"score":304,"play_id":"79aa82b3-fd7f-409e-bbef-3de660946092","local_time":"20210123100829","is_ascension_mode":true,"campfire_choices":[{"floor":6,"key":"REST"},{"floor":11,"key":"REST"},{"floor":15,"key":"REST"}],"circlet_count":0,"master_deck":["AscendersBane","Strike_G","Strike_G","Strike_G","Strike_G","Defend_G","Defend_G","Defend_G","Defend_G","Survivor","Neutralize","Noxious Fumes","Noxious Fumes","Backflip","Quick Slash","Terror","Bouncing Flask","Footwork+1","Bane","Pot Of Greed","Pot Of Greed","All Out Attack","Fluid Movement+1","PiercingWail","Cloak And Dagger"],"relics":["Ring of the Snake","DollysMirror","Pen Nib","hubris:Towel","Grinning Jar","Frozen Egg 2","Lantern"],"acts_visited":["Exordium"],"potions_floor_usage":[8,13,14,14],"damage_taken":[{"damage":0,"enemies":"2 Louse","floor":1,"turns":2},{"damage":7,"enemies":"Jaw Worm","floor":3,"turns":4},{"damage":0,"enemies":"Small Slimes","floor":5,"turns":4},{"damage":21,"enemies":"Gremlin Nob","floor":8,"turns":4},{"damage":0,"enemies":"Exordium Wildlife","floor":10,"turns":7},{"damage":12,"enemies":"Red Slaver","floor":13,"turns":4},{"damage":14,"enemies":"Replay:BlueRogue","floor":14,"turns":6},{"damage":36,"enemies":"The Guardian","floor":16,"turns":2}],"seed_played":"5577945060723526888","potions_obtained":[{"floor":8,"key":"SkillPotion"},{"floor":10,"key":"Explosive Potion"},{"floor":13,"key":"Venom Potion"},{"floor":14,"key":"SmokeBomb"}],"is_trial":false,"path_per_floor":["M","?","M","?","M","R","?","E","T","M","R","?","M","E","R","B"],"character_chosen":"THE_SILENT","items_purchased":["Noxious Fumes","DollysMirror","Backflip","Quick Slash","Terror","Explosive Potion"],"campfire_rested":3,"item_purchase_floors":[0,0,0,0,0,0],"current_hp_per_floor":[40,29,22,22,22,41,41,20,20,20,39,39,27,13,32,0,0],"gold":313,"neow_bonus":"","is_daily":false,"chose_seed":false,"campfire_upgraded":0,"win_rate":0.0,"timestamp":1611414509,"path_taken":["M","?","M","?","M","R","?","E","T","M","R","?","?","E","R","BOSS"],"items_purchased_type":["Card","Relic","Card","Card","Card","Potion"],"build_version":"2020-12-22","purchased_purges":1,"victory":false,"max_hp_per_floor":[66,66,66,66,66,66,66,66,66,66,66,66,66,66,66,66,66],"card_choices":[{"not_picked":["Backflip","Noxious Fumes"],"picked":"Bouncing Flask","floor":1},{"not_picked":["Dagger Throw","ReplayTheSpireMod:Speed Training"],"picked":"Footwork","floor":3},{"not_picked":["Acrobatics","Dagger Throw"],"picked":"Bane","floor":5},{"not_picked":["Underhanded Strike","Flying Knee"],"picked":"All Out Attack","floor":8},{"not_picked":["All Out Attack","Backflip"],"picked":"Fluid Movement+1","floor":10},{"not_picked":["Flying Knee","hubris:Counter"],"picked":"PiercingWail","floor":13},{"not_picked":["Blur","Outmaneuver"],"picked":"Cloak And Dagger","floor":14}],"player_experience":726582,"relics_obtained":[{"floor":8,"key":"Grinning Jar"},{"floor":9,"key":"Frozen Egg 2"},{"floor":14,"key":"Lantern"}],"event_choices":[{"damage_healed":0,"gold_gain":0,"player_choice":"Success","damage_taken":11,"relics_obtained":["Pen Nib"],"max_hp_gain":0,"max_hp_loss":0,"event_name":"Scrap Ooze","floor":2,"gold_loss":0}],"is_beta":false,"boss_relics":[],"items_purged_floors":[0],"is_endless":false,"potions_floor_spawned":[8,10,13,14],"killed_by":"The Guardian","ascension_level":18}}