{"host":"b7mawubrjc2hdxhd","time":1611401624,"event":{"mods":["AchievementEnabler","BaseMod","BetterRewards","Ironclad Rager","Minty Spire (QoL Compilation)","Relic Stats","Spicy Shops","Spire Arcade","StSLib"],"gold_per_floor":[109,124,124,137,212,212,212],"floor_reached":6,"language":"ENG","playtime":265,"items_purged":[],"score":38,"play_id":"8728f798-f8c5-4708-b293-dd70112f9bf9","local_time":"20210123113344","is_ascension_mode":true,"campfire_choices":[],"circlet_count":0,"master_deck":["Strike_G","Strike_G","Strike_G","Strike_G","Strike_G","Defend_G","Defend_G","Defend_G","Defend_G","Defend_G","Survivor","Neutralize","Accuracy+1","Footwork","Quick Slash"],"relics":["WristBlade"],"acts_visited":["Exordium"],"potions_floor_usage":[6],"damage_taken":[{"damage":0,"enemies":"Small Slimes","floor":1,"turns":3},{"damage":0,"enemies":"2 Louse","floor":2,"turns":4},{"damage":4,"enemies":"Jaw Worm","floor":4,"turns":6},{"damage":77,"enemies":"Gremlin Nob","floor":6,"turns":6}],"seed_played":"-1633405057918077477","potions_obtained":[{"floor":4,"key":"FearPotion"}],"is_trial":false,"path_per_floor":["M","M","?","M","?","E"],"character_chosen":"THE_SILENT","items_purchased":[],"campfire_rested":0,"item_purchase_floors":[],"current_hp_per_floor":[70,70,70,66,55,0,0],"gold":212,"neow_bonus":"BOSS_RELIC","is_daily":false,"chose_seed":false,"campfire_upgraded":0,"win_rate":0.0,"timestamp":1611401624,"path_taken":["M","M","?","M","?","E"],"items_purchased_type":[],"build_version":"2020-12-22","purchased_purges":0,"victory":false,"max_hp_per_floor":[70,70,70,70,70,70,70],"relic_stats":{"counters":[41,193],"obtain_stats":[{"Lantern":21,"Regal Pillow":39,"CeramicFish":43,"HoveringKite":17,"Ginger":10,"PrismaticShard":4,"Blood Vial":9,"TheAbacus":21,"Matryoshka":6,"WristBlade":0,"Mummified Hand":41,"HandDrill":0,"Ring of the Snake":0,"The Courier":23,"Letter Opener":3,"Frozen Egg 2":9,"Question Card":9,"Akabeko":41,"White Beast Statue":8,"WarpedTongs":13,"SlaversCollar":17,"Ornamental Fan":27,"Shuriken":46,"Black Star":34,"StrikeDummy":7,"Pocketwatch":0,"Meat on the Bone":26},{"Lantern":12,"Regal Pillow":22,"CeramicFish":23,"HoveringKite":36,"Ginger":33,"PrismaticShard":3,"Blood Vial":33,"TheAbacus":12,"Matryoshka":31,"WristBlade":37,"Mummified Hand":23,"HandDrill":27,"Ring of the Snake":0,"The Courier":13,"Letter Opener":28,"Frozen Egg 2":5,"Question Card":33,"Akabeko":23,"White Beast Statue":33,"WarpedTongs":34,"SlaversCollar":10,"Ornamental Fan":14,"Shuriken":25,"Black Star":19,"StrikeDummy":5,"Pocketwatch":0,"Meat on the Bone":14},{"Lantern":45,"Regal Pillow":91,"CeramicFish":98,"HoveringKite":169,"Ginger":153,"PrismaticShard":12,"Blood Vial":153,"TheAbacus":45,"Matryoshka":137,"WristBlade":174,"Mummified Hand":98,"HandDrill":115,"Ring of the Snake":0,"The Courier":49,"Letter Opener":120,"Frozen Egg 2":21,"Question Card":153,"Akabeko":98,"White Beast Statue":153,"WarpedTongs":156,"SlaversCollar":38,"Ornamental Fan":54,"Shuriken":108,"Black Star":76,"StrikeDummy":21,"Pocketwatch":0,"Meat on the Bone":54}]},"card_choices":[{"not_picked":["Sucker Punch","Dash"],"picked":"Accuracy","floor":1},{"not_picked":["Dagger Throw","Outmaneuver"],"picked":"Footwork","floor":2},{"not_picked":["Masterful Stab","Bane"],"picked":"Quick Slash","floor":4}],"player_experience":58142,"relics_obtained":[],"event_choices":[{"damage_healed":0,"gold_gain":0,"player_choice":"Grow","damage_taken":0,"max_hp_gain":0,"max_hp_loss":0,"event_name":"Living Wall","floor":3,"gold_loss":0,"cards_upgraded":["Accuracy"]},{"damage_healed":0,"gold_gain":75,"player_choice":"Gather Gold","damage_taken":11,"max_hp_gain":0,"max_hp_loss":0,"event_name":"World of Goop","floor":5,"gold_loss":0}],"is_beta":false,"boss_relics":[],"items_purged_floors":[],"is_endless":false,"potions_floor_spawned":[4],"killed_by":"Gremlin Nob","ascension_level":1}}