{"host":"l6vifo5ajdb3p20b","time":1611393160,"event":{"mods":["2.2 Compatiblity","Arknights The Spire","BaseMod","Better Altar","Better Sensory Stone","Better Skull","Better Third Choice","BetterRewards","Block Reminder","Booster Modes","Card Forge","Colored Map","Defuse TimeMaze Blight","Energized Spire","Evolution","Minty Spire (QoL Compilation)","Relic Stats","StSLib","The Marked"],"gold_per_floor":[119,69,79,94,94,94,126,126,126,154,172,200,200,275,275,372,372,389,422,422,440,458,458,493,493,493,43,43,75,75,110,110,210,210,222,272,288,510,510,510,543,543,543,543,560,212,223,253,253,253],"floor_reached":51,"language":"ENG","playtime":12353,"items_purged":["Strike_R","Clumsy"],"score":972,"play_id":"b036f7da-31a3-4db9-bb81-a50497eb68a9","local_time":"20210123161240","is_ascension_mode":true,"campfire_choices":[{"data":"Bash","floor":6.0,"key":"SMITH"},{"data":"Armaments","floor":13.0,"key":"SMITH"},{"data":"Whirlwind","floor":15.0,"key":"SMITH"},{"data":"Fiend Fire","floor":23.0,"key":"SMITH"},{"data":"Pommel Strike","floor":25,"key":"SMITH"},{"data":"Pommel Strike","floor":28,"key":"SMITH"},{"data":"Pommel Strike","floor":30,"key":"SMITH"},{"data":"Cleave","floor":32,"key":"SMITH"},{"data":"Double Tap","floor":40,"key":"SMITH"},{"data":"Sword Boomerang","floor":42,"key":"SMITH"},{"data":"Thunderclap","floor":44,"key":"SMITH"},{"data":"Shockwave","floor":49,"key":"SMITH"}],"circlet_count":0,"master_deck":["Pommel Strike+1","Pommel Strike+1","Pommel Strike+1","Defend_R","Defend_R","Defend_R","Defend_R","Bash+1","Clash","Flex+1","Sword Boomerang+1","Clash","Armaments+1","Whirlwind+1","Fire Breathing+1","Corruption+1","True Grit+1","Feel No Pain+1","Fiend Fire+1","Thunderclap+1","Dark Embrace+1","Cleave+1","Double Tap+1","Shockwave+1"],"relics":["Hammer of Thor","Seething Fire","Anvil of the Gods","EVO:Axolotl","Philosopher\u0027s Stone","Frozen Egg 2","Letter Opener","Art of War","Juzu Bracelet","energizedSpire:CursedPentagram","Red Mask","Torii","Du-Vu Doll","FossilizedHelix","Dead Branch","Bag of Marbles","energizedSpire:DecayingSkull","Unceasing Top","MealTicket","Ginger","Ornamental Fan","Blood Vial"],"acts_visited":["Exordium","TheCity","TheBeyond"],"potions_floor_usage":[29,31,50,50],"damage_taken":[{"damage":0.0,"enemies":"2 Louse","floor":1.0,"turns":2.0},{"damage":2.0,"enemies":"Small Slimes","floor":3.0,"turns":2.0},{"damage":0.0,"enemies":"Cultist","floor":4.0,"turns":2.0},{"damage":0.0,"enemies":"3 Sentries","floor":7.0,"turns":3.0},{"damage":15.0,"enemies":"Gremlin Nob","floor":10.0,"turns":3.0},{"damage":0.0,"enemies":"Large Slime","floor":11.0,"turns":2.0},{"damage":5.0,"enemies":"3 Sentries","floor":12.0,"turns":4.0},{"damage":25.0,"enemies":"Hexaghost","floor":16.0,"turns":5.0},{"damage":0.0,"enemies":"3 Byrds","floor":18.0,"turns":1.0},{"damage":5.0,"enemies":"Masked Bandits","floor":19.0,"turns":3.0},{"damage":15.0,"enemies":"2 Thieves","floor":21.0,"turns":4.0},{"damage":3.0,"enemies":"Cultist and Chosen","floor":22.0,"turns":3.0},{"damage":0,"enemies":"Gremlin Leader","floor":24,"turns":4},{"damage":16,"enemies":"Slavers","floor":29,"turns":2},{"damage":0,"enemies":"Gremlin Leader","floor":31,"turns":3},{"damage":0,"enemies":"Champ","floor":33,"turns":4},{"damage":0,"enemies":"Orb Walker","floor":35,"turns":2},{"damage":0,"enemies":"Mind Bloom Boss Battle","floor":36,"turns":2},{"damage":0,"enemies":"3 Darklings","floor":37,"turns":1},{"damage":7,"enemies":"Giant Head","floor":41,"turns":4},{"damage":0,"enemies":"Maw","floor":45,"turns":4},{"damage":0,"enemies":"Transient","floor":47,"turns":5},{"damage":0,"enemies":"Reptomancer","floor":48,"turns":3},{"damage":50,"enemies":"Awakened One","floor":50,"turns":5}],"seed_played":"5900931513941748939","potions_obtained":[{"floor":1.0,"key":"Strength Potion"},{"floor":7.0,"key":"SpeedPotion"},{"floor":11.0,"key":"SpeedPotion"},{"floor":12.0,"key":"Strength Potion"},{"floor":24,"key":"Regen Potion"},{"floor":29,"key":"SpeedPotion"},{"floor":33,"key":"Dexterity Potion"},{"floor":47,"key":"Block Potion"},{"floor":48,"key":"ColorlessPotion"}],"is_trial":false,"path_per_floor":["M","?","M","M","?","R","E","?","T","E","M","E","R","?","R","B",null,"M","?","?","M","M","R","E","R","T","$","R","E","R","E","R","B",null,"M","?","M","?","?","R","E","R","T","R","M","$","M","E","R","B",null],"character_chosen":"IRONCLAD","items_purchased":["FossilizedHelix","Dark Embrace+1","Ornamental Fan"],"campfire_rested":0,"item_purchase_floors":[27,27,46],"current_hp_per_floor":[80,80,78,78,78,78,78,78,78,63,63,58,58,47,47,22,80,80,75,75,60,57,57,57,57,57,57,57,41,41,50,50,50,80,80,80,80,80,80,80,73,73,73,73,73,80,80,80,80,30],"gold":253,"neow_bonus":"BOSS_RELIC","is_daily":false,"chose_seed":false,"campfire_upgraded":12,"win_rate":0.0,"timestamp":1611393160,"path_taken":["M","?","M","M","?","R","E","?","T","E","M","E","R","?","R","BOSS","M","?","?","M","M","R","E","R","T","$","R","E","R","E","R","BOSS","M","?","M","?","?","R","E","R","T","R","M","$","M","E","R","BOSS"],"items_purchased_type":["Relic","Card","Relic"],"build_version":"2020-12-22","purchased_purges":2,"victory":true,"max_hp_per_floor":[80,80,80,80,80,80,80,80,80,80,80,80,80,80,80,80,80,80,80,80,80,80,80,80,80,80,80,80,80,80,80,80,80,80,80,80,80,80,80,80,80,80,80,80,80,80,80,80,80,80],"relic_stats":{"Blood Vial":0,"Torii":5,"counters":[24,73],"Ornamental Fan":[48],"Dead Branch":[140],"MealTicket":7,"Art of War":[0],"Juzu Bracelet":1,"Letter Opener":[200],"Ginger":[4],"obtain_stats":[{"Torii":24,"Dead Branch":29,"Hammer of Thor":0,"Juzu Bracelet":12,"EVO:Axolotl":0,"Seething Fire":0,"Letter Opener":9,"Ginger":43,"Frozen Egg 2":7,"Burning Blood":0,"Du-Vu Doll":26,"Blood Vial":48,"energizedSpire:CursedPentagram":17,"Anvil of the Gods":0,"Ornamental Fan":46,"Philosopher\u0027s Stone":0,"MealTicket":41,"Art of War":10,"Red Mask":19,"Bag of Marbles":31,"energizedSpire:DecayingSkull":34,"FossilizedHelix":27,"Unceasing Top":36},{"Torii":13,"Dead Branch":14,"Hammer of Thor":0,"Juzu Bracelet":7,"EVO:Axolotl":0,"Seething Fire":0,"Letter Opener":4,"Ginger":20,"Frozen Egg 2":4,"Burning Blood":0,"Du-Vu Doll":13,"Blood Vial":23,"energizedSpire:CursedPentagram":8,"Anvil of the Gods":0,"Ornamental Fan":21,"Philosopher\u0027s Stone":0,"MealTicket":20,"Art of War":5,"Red Mask":10,"Bag of Marbles":15,"energizedSpire:DecayingSkull":16,"FossilizedHelix":13,"Unceasing Top":18},{"Torii":38,"Dead Branch":40,"Hammer of Thor":0,"Juzu Bracelet":18,"EVO:Axolotl":0,"Seething Fire":0,"Letter Opener":9,"Ginger":56,"Frozen Egg 2":9,"Burning Blood":0,"Du-Vu Doll":38,"Blood Vial":68,"energizedSpire:CursedPentagram":23,"Anvil of the Gods":0,"Ornamental Fan":60,"Philosopher\u0027s Stone":0,"MealTicket":56,"Art of War":12,"Red Mask":27,"Bag of Marbles":43,"energizedSpire:DecayingSkull":47,"FossilizedHelix":38,"Unceasing Top":51}],"Unceasing Top":[4]},"card_choices":[{"not_picked":["Sever Soul","Carnage"],"picked":"Clash","floor":1.0},{"not_picked":["Pommel Strike","Heavy Blade"],"picked":"Flex","floor":3.0},{"not_picked":["Warcry","Anger"],"picked":"Sword Boomerang","floor":4.0},{"not_picked":["Juggernaut+1","Reaper"],"picked":"Clash","floor":7.0},{"not_picked":["Flex","Clothesline"],"picked":"Armaments","floor":10.0},{"not_picked":["Iron Wave","Sentinel"],"picked":"Whirlwind","floor":11.0},{"not_picked":["Sever Soul","Carnage"],"picked":"Fire Breathing+1","floor":12.0},{"not_picked":["Demon Form+1","Reaper"],"picked":"Corruption+1","floor":16.0},{"not_picked":["Warcry+1","Heavy Blade"],"picked":"True Grit+1","floor":18.0},{"not_picked":["Disarm","Dual Wield"],"picked":"Feel No Pain+1","floor":19.0},{"not_picked":["True Grit","Iron Wave","Entrench"],"picked":"SKIP","floor":21.0},{"not_picked":["Havoc","True Grit+1"],"picked":"Fiend Fire","floor":22.0},{"not_picked":["Heavy Blade","Dual Wield"],"picked":"Thunderclap","floor":24},{"not_picked":["Sword Boomerang+1","True Grit"],"picked":"Cleave","floor":29},{"not_picked":["Anger","Sever Soul","Perfected Strike"],"picked":"SKIP","floor":31},{"not_picked":["Reaper","Impervious"],"picked":"Double Tap","floor":33},{"not_picked":["Warcry","Armaments","True Grit"],"picked":"SKIP","floor":35},{"not_picked":["True Grit+1","Entrench+1","Evolve+1"],"picked":"SKIP","floor":37},{"not_picked":["Pommel Strike+1","Clash+1","Warcry+1"],"picked":"SKIP","floor":41},{"not_picked":["Headbutt","Searing Blow","Heavy Blade+1"],"picked":"SKIP","floor":45},{"not_picked":["Combust+1","Flex+1","Iron Wave"],"picked":"SKIP","floor":47},{"not_picked":["Armaments+1","Thunderclap+1"],"picked":"Shockwave","floor":48}],"player_experience":832870,"relics_obtained":[{"floor":7.0,"key":"Frozen Egg 2"},{"floor":9.0,"key":"Letter Opener"},{"floor":10.0,"key":"Art of War"},{"floor":12.0,"key":"Juzu Bracelet"},{"floor":19.0,"key":"Red Mask"},{"floor":24,"key":"Torii"},{"floor":26,"key":"Du-Vu Doll"},{"floor":29,"key":"Dead Branch"},{"floor":31,"key":"Bag of Marbles"},{"floor":36,"key":"Unceasing Top"},{"floor":41,"key":"MealTicket"},{"floor":43,"key":"Ginger"},{"floor":48,"key":"Blood Vial"}],"event_choices":[{"cards_removed":["Strike_R"],"damage_healed":0.0,"max_hp_gain":0.0,"max_hp_loss":0.0,"gold_gain":0.0,"event_name":"The Cleric","player_choice":"Card Removal","floor":2.0,"gold_loss":50.0,"damage_taken":0.0},{"damage_healed":0.0,"max_hp_gain":0.0,"max_hp_loss":0.0,"gold_gain":0.0,"event_name":"Living Wall","player_choice":"Grow","floor":5.0,"gold_loss":0.0,"damage_taken":0.0,"cards_upgraded":["Flex"]},{"damage_healed":0.0,"max_hp_gain":0.0,"max_hp_loss":0.0,"gold_gain":0.0,"event_name":"Match and Keep!","player_choice":"0 cards matched","floor":8.0,"gold_loss":0.0,"damage_taken":0.0,"cards_obtained":[]},{"damage_healed":0.0,"max_hp_gain":0.0,"max_hp_loss":0.0,"gold_gain":75.0,"event_name":"betterThird:BetterGoop","player_choice":"Gold","floor":14.0,"gold_loss":0.0,"damage_taken":11.0},{"damage_healed":0.0,"max_hp_gain":0.0,"max_hp_loss":0.0,"gold_gain":0.0,"event_name":"Masked Bandits","player_choice":"Fought Bandits","floor":19.0,"gold_loss":0.0,"damage_taken":0.0},{"damage_healed":0.0,"max_hp_gain":0.0,"max_hp_loss":0.0,"gold_gain":0.0,"event_name":"Ghosts","player_choice":"Ignored","floor":20.0,"gold_loss":0.0,"damage_taken":0.0},{"damage_healed":0,"gold_gain":0,"player_choice":"Fight","damage_taken":0,"max_hp_gain":0,"max_hp_loss":0,"event_name":"MindBloom","floor":36,"gold_loss":0},{"damage_healed":0,"gold_gain":222,"player_choice":"Wore Mask","damage_taken":0,"max_hp_gain":0,"max_hp_loss":0,"event_name":"Tomb of Lord Red Mask","floor":38,"gold_loss":0},{"damage_healed":0,"gold_gain":3,"player_choice":"1","damage_taken":0,"max_hp_gain":0,"max_hp_loss":0,"event_name":"betterStone:BetterStone","floor":39,"gold_loss":0}],"is_beta":false,"boss_relics":[{"not_picked":["SacredBark","energizedSpire:SpiderWeb"],"picked":"energizedSpire:CursedPentagram"},{"not_picked":["SlaversCollar","Calling Bell"],"picked":"energizedSpire:DecayingSkull"}],"items_purged_floors":[27,46],"is_endless":false,"potions_floor_spawned":[1,7,11,12,22,24,29,33,36,47,48],"ascension_level":1}}