{"host":"r10yh36zs2k9z1sa","time":1611437643,"event":{"mods":["AchievementEnabler","Act Like it!","Aspiration","Astrologer","BaseMod","Colored Map","Conspire","Decade(¤ý¤p©ú)","Gensokyo","Hermit","Highlight Path","KinomotoSakuraMod(¤ì¤§¥»?)","Koishi","KomeijiMod","Marisa¡]Ãú«B¡@Å]²z¨F¡^","Minty Spire (QoL Compilation)","Permanent Neow","Quick Restart","Reimu¡]³Õ???¡^","Remilia¡]Á¢¦Ì²ú?¡^","StSLib","SuperFastMode","The Administrix","The Blackbeard","The Bug Knight","The Cursed","The Gatherer","The Marked","The Mystic","The Saiyan","The Senshi","The Servant 0.9.4","Youmu¡]»î¾z§¯?¡^","Yuri Mod","Yuyuko"],"gold_per_floor":[118,134,152,152,327,327,340,383,383,383,401,401,401,401,401,524,524,542,167,167,167,167,167,167],"floor_reached":23,"language":"ZHS","playtime":1568,"items_purged":[],"score":246,"play_id":"60f25126-aff9-496f-84db-3d90c3182e41","local_time":"20210124053403","is_ascension_mode":true,"campfire_choices":[{"data":"Koishi:EmbersOfLove","floor":10,"key":"SMITH"},{"data":"Koishi:TerrifyingSpectre","floor":12,"key":"SMITH"},{"data":"Koishi:HauntingSlash","floor":15,"key":"SMITH"}],"circlet_count":0,"master_deck":["conspire:GhostlyStrike","conspire:GhostlyStrike","conspire:GhostlyStrike","conspire:GhostlyStrike","conspire:GhostlyDefend","conspire:GhostlyDefend","conspire:GhostlyDefend","conspire:GhostlyDefend","Koishi:Provoke","Koishi:HauntingSlash+1","Koishi:EmbersOfLove+1","Koishi:Untouchable","Koishi:TerrifyingSpectre+1","Koishi:PerfectMindControl","Koishi:PhantomBarrier+1","Gensokyo:RustyChest","Gensokyo:ScrapIron","Gensokyo:TarnishedGold","Gensokyo:DepletedGenerator","Gensokyo:RPG","Gensokyo:ReactiveArmor","Koishi:TerrifyingSpectre+1","Gensokyo:EightFeetTall"],"relics":["Koishi:ImaginaryFriend","aspiration:Nostalgia","HollowMod:VesselMask","Golden Idol","Oddly Smooth Stone","Meat on the Bone","RedLine:ReiMu","DollysMirror"],"acts_visited":["Exordium","Exordium"],"potions_floor_usage":[16,23,23],"damage_taken":[{"damage":5.0,"enemies":"Small Slimes","floor":1.0,"turns":11.0},{"damage":0.0,"enemies":"Jaw Worm","floor":2.0,"turns":6.0},{"damage":0,"enemies":"Cultist","floor":3,"turns":4},{"damage":0,"enemies":"Large Slime","floor":7,"turns":25},{"damage":20,"enemies":"3 Sentries","floor":8,"turns":19},{"damage":0,"enemies":"2 Fungi Beasts","floor":11,"turns":8},{"damage":12,"enemies":"Slime Boss","floor":16,"turns":33},{"damage":20,"enemies":"Gensokyo:2_Gloops","floor":18,"turns":8},{"damage":101,"enemies":"Gensokyo:Tenshi","floor":23,"turns":13}],"seed_played":"1991712003233900510","potions_obtained":[{"floor":2.0,"key":"LiquidMemories"},{"floor":3,"key":"ZuzhouPotion:ReiMu"},{"floor":8,"key":"FearPotion"},{"floor":16,"key":"LiquidBronze"}],"is_trial":false,"path_per_floor":["M","M","M","?","?","?","M","E","T","R","M","R","?","?","R","B",null,"M","COS","?","?","?","E"],"character_chosen":"KOISHI","items_purchased":[],"campfire_rested":0,"item_purchase_floors":[],"current_hp_per_floor":[58,60,60,45,45,45,54,38,38,38,42,42,42,42,42,56,60,54,54,54,54,54,0,0],"gold":167,"neow_bonus":"NOSTALGIA","is_daily":false,"chose_seed":false,"campfire_upgraded":3,"win_rate":0.0,"timestamp":1611437643,"path_taken":["M","M","M","?","?","?","?","E","T","R","M","R","?","?","R","BOSS","M","COS","?","?","?","E"],"items_purchased_type":[],"build_version":"2020-12-22","purchased_purges":0,"victory":false,"max_hp_per_floor":[60,60,60,60,60,60,60,60,60,60,60,60,60,60,60,60,60,60,60,54,54,54,54,54],"card_choices":[{"not_picked":["Koishi:ReflexRadar","Koishi:SpiritedAway"],"picked":"Koishi:EmbersOfLove","floor":1.0},{"not_picked":["Koishi:BramblyRoseGarden","Koishi:MassHysteria","Koishi:Vanish"],"picked":"SKIP","floor":2.0},{"not_picked":["Koishi:FourthEye","Koishi:LastRemote"],"picked":"Koishi:Untouchable","floor":3},{"not_picked":["Koishi:Jaunt","Koishi:PhantomBarrier","Koishi:ApparitionsStalkTheNight"],"picked":"SKIP","floor":7},{"not_picked":["Koishi:Jaunt","Koishi:PhantomBarrier","Koishi:ApparitionsStalkTheNight"],"picked":"SKIP","floor":7},{"not_picked":["Koishi:Jaunt","Koishi:PhantomBarrier","Koishi:ApparitionsStalkTheNight"],"picked":"SKIP","floor":7},{"not_picked":["Koishi:Bloodlust","Koishi:Vanish","Koishi:SubconsciousSweep"],"picked":"SKIP","floor":8},{"not_picked":["Koishi:Jaunt","Koishi:VengefulSpirit"],"picked":"Koishi:TerrifyingSpectre","floor":11},{"not_picked":["Koishi:FormlessExistence","Koishi:HeartStoppingHorror"],"picked":"Koishi:PerfectMindControl","floor":16},{"not_picked":["Koishi:StrangeCloudFist","Koishi:RorschachInDanmaku+1"],"picked":"Koishi:PhantomBarrier+1","floor":18},{"not_picked":["Gensokyo:GapWoman","Gensokyo:Kunekune"],"picked":"Gensokyo:EightFeetTall","floor":20}],"player_experience":337764,"relics_obtained":[{"floor":8,"key":"Oddly Smooth Stone"},{"floor":9,"key":"Meat on the Bone"}],"event_choices":[{"damage_healed":0,"gold_gain":0,"player_choice":"Take Damage","damage_taken":15,"relics_obtained":["Golden Idol"],"max_hp_gain":0,"max_hp_loss":0,"event_name":"Golden Idol","floor":4,"gold_loss":0},{"damage_healed":0,"gold_gain":175,"player_choice":"AGREE","damage_taken":0,"max_hp_gain":0,"max_hp_loss":0,"event_name":"Liars Game","floor":5,"gold_loss":0,"cards_obtained":["Doubt"]},{"cards_removed":["Doubt"],"damage_healed":0,"gold_gain":0,"player_choice":"Card Removal","damage_taken":0,"max_hp_gain":0,"max_hp_loss":0,"event_name":"Wheel of Change","floor":6,"gold_loss":0},{"damage_healed":0,"gold_gain":0,"player_choice":"Agree","damage_taken":0,"max_hp_gain":0,"max_hp_loss":0,"event_name":"conspire:LoneGhost","floor":13,"gold_loss":0}],"is_beta":false,"boss_relics":[{"not_picked":["Empty Cage","aspiration:RunicSpoon"],"picked":"RedLine:ReiMu"}],"items_purged_floors":[],"is_endless":false,"potions_floor_spawned":[2,3,8,16],"killed_by":"Gensokyo:Tenshi","ascension_level":1}}