{"host":"qnw6fh3z6mhgqap2","time":1611439523,"event":{"mods":["BaseMod","Downfall","Minty Spire (QoL Compilation)","Quick Restart","Replay The Spire","StSLib","SuperFastMode"],"gold_per_floor":[109,109,71,71,84,116,116,130,130,159,177,206,222,255,255,355,355,367,240,240,268,199,234,234,268,268,298,324,324,340,367,367,463,463,475,489,499,514,514,542,542,576,576,607,607,200,4,24,24,24],"floor_reached":51,"language":"ENG","playtime":3283,"items_purged":["Strike_R"],"score":1035,"play_id":"c030ab39-c435-4adb-b726-98f7aa4d0874","local_time":"20210123230523","is_ascension_mode":true,"campfire_choices":[{"data":"Inflame","floor":7,"key":"SMITH"},{"data":"Armaments","floor":15,"key":"SMITH"},{"data":"Barricade","floor":29,"key":"SMITH"},{"floor":41,"key":"DIG"},{"data":"Limit Break","floor":45,"key":"SMITH"},{"data":"Strike_R","floor":49,"key":"PURGE"}],"circlet_count":0,"master_deck":["Strike_R","Strike_R","Defend_R","Defend_R","Defend_R","Defend_R","ReplayReversal","Survivor","Neutralize","Inflame+1","Uppercut","Replay:Undeath\u0027s Touch","Armaments+1","Dual Wield+1","Twin Strike","Barricade+1","ReplayTheSpireMod:Stacked","Juggernaut","Exhume","Body Slam","RitualDagger","ReplayTheSpireMod:Stacked","Metallicize","Body Slam+1","Flex","Metallicize","Body Slam+1","Impervious","Flex+1","ReplayTheSpireMod:Stacked+1","Parasite","Second Wind","Berserk","Hemogenesis","Whirlwind+1","Limit Break+1","Mayhem","Thunderclap"],"relics":["Burning Blood","NeowsBlessing","Counterbalance","Art of War","Bronze Scales","Mummified Hand","Coffee Dripper","TungstenRod","Replay:Baseball","Ancient Tea Set","Singing Bowl","Replay:Multitool","Red Mask","ReplayTheSpireMod:Shallot","Honey Jar","Replay:Ringing Soul","Toy Ornithopter","Ice Cream","ReplayTheSpireMod:Spearhead","Ornamental Fan","Vajra","Bottled Lightning"],"acts_visited":["Exordium","TheCity","TheBeyond"],"potions_floor_usage":[11,23,25,33,37,42,42,50,50],"damage_taken":[{"damage":0,"enemies":"2 Louse","floor":1,"turns":1},{"damage":0,"enemies":"Cultist","floor":5,"turns":1},{"damage":0,"enemies":"3 Sentries","floor":6,"turns":2},{"damage":9,"enemies":"Small Slimes","floor":8,"turns":4},{"damage":8,"enemies":"Lagavulin","floor":10,"turns":6},{"damage":16,"enemies":"Exordium Wildlife","floor":11,"turns":5},{"damage":25,"enemies":"3 Sentries","floor":12,"turns":9},{"damage":9,"enemies":"Large Slime","floor":13,"turns":6},{"damage":27,"enemies":"Gremlin Nob","floor":14,"turns":4},{"damage":5,"enemies":"Fading Forest","floor":16,"turns":11},{"damage":17,"enemies":"Spheric Guardian","floor":18,"turns":5},{"damage":31,"enemies":"Slavers","floor":23,"turns":6},{"damage":5,"enemies":"Book of Stabbing","floor":25,"turns":5},{"damage":5,"enemies":"Slavers","floor":27,"turns":5},{"damage":13,"enemies":"Masked Bandits","floor":28,"turns":5},{"damage":4,"enemies":"2 Thieves","floor":30,"turns":3},{"damage":10,"enemies":"Gremlin Leader","floor":31,"turns":5},{"damage":10,"enemies":"Champ","floor":33,"turns":11},{"damage":0,"enemies":"3 Darklings","floor":35,"turns":6},{"damage":0,"enemies":"3 Shapes","floor":36,"turns":3},{"damage":0,"enemies":"Writhing Mass","floor":37,"turns":5},{"damage":45,"enemies":"4 Shapes","floor":38,"turns":5},{"damage":0,"enemies":"R_Hoarder","floor":40,"turns":6},{"damage":18,"enemies":"Reptomancer","floor":42,"turns":6},{"damage":10,"enemies":"R_Hoarder","floor":44,"turns":6},{"damage":0,"enemies":"Maw","floor":48,"turns":6},{"damage":29,"enemies":"Time Eater","floor":50,"turns":8}],"seed_played":"-9158929546429343051","potions_obtained":[{"floor":5,"key":"ElixirPotion"},{"floor":10,"key":"Fire Potion"},{"floor":11,"key":"Elixir"},{"floor":14,"key":"BloodPotion"},{"floor":23,"key":"HeartOfIron"},{"floor":28,"key":"DistilledChaos"},{"floor":33,"key":"FearPotion"},{"floor":36,"key":"AttackPotion"},{"floor":38,"key":"BlessingOfTheForge"},{"floor":42,"key":"BloodPotion"}],"is_trial":false,"path_per_floor":["M","?","$","?","M","E","R","M","T","E","M","E","M","E","R","B",null,"M","$","?","?","$","E","$","E","T","E","?","R","M","E","R","B",null,"M","M","M","M","?","E","R","E","T","E","R","$","$","M","R","B",null],"character_chosen":"IRONCLAD","items_purchased":["Inflame","Body Slam","Metallicize","Vajra","Bottled Lightning","Mayhem"],"campfire_rested":0,"item_purchase_floors":[3,19,22,46,46,47],"current_hp_per_floor":[80,80,80,80,80,80,80,77,77,75,65,46,43,22,22,43,80,69,69,63,43,43,34,34,35,35,36,31,31,33,29,53,49,82,82,82,84,45,45,54,54,62,62,61,61,61,64,80,80,92],"gold":24,"neow_bonus":"THREE_ENEMY_KILL","is_daily":false,"chose_seed":false,"campfire_upgraded":4,"win_rate":0.0,"timestamp":1611439523,"path_taken":["M","?","$","?","?","E","R","M","T","E","M","E","M","E","R","BOSS","M","$","?","?","?","E","$","E","T","E","?","R","?","E","R","BOSS","M","M","M","M","?","E","R","E","T","E","R","?","$","M","R","BOSS"],"items_purchased_type":["Card","Card","Card","Relic","Relic","Card"],"build_version":"2020-12-22","purchased_purges":1,"victory":true,"max_hp_per_floor":[80,80,80,80,80,80,80,80,80,80,80,80,80,80,80,80,80,80,80,80,80,80,80,80,80,80,80,82,82,82,82,82,82,82,82,82,84,84,84,87,87,92,92,95,95,95,98,103,103,103],"card_choices":[{"not_picked":["Anger","Flex"],"picked":"ReplayReversal","floor":1},{"not_picked":["Clothesline","Carnage"],"picked":"Uppercut","floor":5},{"not_picked":["Run Through","True Grit"],"picked":"Replay:Undeath\u0027s Touch","floor":6},{"not_picked":["Seeing Red","Thunderclap"],"picked":"Armaments","floor":8},{"not_picked":["Thunderclap","Cleave"],"picked":"Dual Wield","floor":10},{"not_picked":["ReplayTheSpireMod:Strike From Hell","Wild Strike"],"picked":"Twin Strike","floor":11},{"not_picked":["Clothesline","Thunderclap"],"picked":"Barricade","floor":12},{"not_picked":["Anger","Twin Strike"],"picked":"ReplayTheSpireMod:Stacked","floor":13},{"not_picked":["Wild Strike","Defy Death"],"picked":"Juggernaut","floor":14},{"not_picked":["Immolate","Juggernaut"],"picked":"Exhume","floor":16},{"not_picked":["Cleave+1","Heavy Blade","ReplayTheSpireMod:Strike From Hell+1"],"picked":"SKIP","floor":18},{"not_picked":["Heavy Blade","Wild Strike"],"picked":"ReplayTheSpireMod:Stacked","floor":21},{"not_picked":["Rupture","Wild Strike","Dual Wield"],"picked":"SKIP","floor":23},{"not_picked":["ReplayReversal","Life Link+1"],"picked":"Body Slam+1","floor":25},{"not_picked":["True Grit","Burning Pact"],"picked":"Flex","floor":27},{"not_picked":["Dropkick+1","Reaper","True Grit+1"],"picked":"Singing Bowl","floor":28},{"not_picked":["Feel No Pain","Bloodletting"],"picked":"Metallicize","floor":30},{"not_picked":["Wild Strike","Perfected Strike"],"picked":"Body Slam+1","floor":31},{"not_picked":["Demonic Infusion","Berserk"],"picked":"Impervious","floor":33},{"not_picked":["Bloodletting+1","Havoc","Clash+1"],"picked":"Flex+1","floor":35},{"not_picked":["Ghostly Armor","Body Slam","Anger+1"],"picked":"ReplayTheSpireMod:Stacked+1","floor":36},{"not_picked":["Second Wind","Armaments","Clothesline","Havoc+1"],"picked":"Singing Bowl","floor":37},{"not_picked":["Massacre+1","Run Through+1","Disarm"],"picked":"Berserk","floor":38},{"not_picked":["Havoc","Iron Wave","ReplayTheSpireMod:Corrosion Curse"],"picked":"Hemogenesis","floor":40},{"not_picked":["Whirlwind+1","Clash+1","ReplayTheSpireMod:Strike From Hell","Seeing Red"],"picked":"Singing Bowl","floor":42},{"not_picked":["Anger","Spot Weakness","Cleave"],"picked":"Limit Break","floor":44},{"not_picked":["Thunderclap","Pommel Strike+1","Run Through+1","Armaments"],"picked":"Singing Bowl","floor":48}],"player_experience":164026,"relics_obtained":[{"floor":6,"key":"Counterbalance"},{"floor":10,"key":"Art of War"},{"floor":12,"key":"Bronze Scales"},{"floor":14,"key":"Mummified Hand"},{"floor":21,"key":"TungstenRod"},{"floor":23,"key":"Replay:Baseball"},{"floor":25,"key":"Ancient Tea Set"},{"floor":26,"key":"Singing Bowl"},{"floor":27,"key":"Replay:Multitool"},{"floor":28,"key":"Red Mask"},{"floor":31,"key":"ReplayTheSpireMod:Shallot"},{"floor":40,"key":"Replay:Ringing Soul"},{"floor":41,"key":"Toy Ornithopter"},{"floor":42,"key":"Ice Cream"},{"floor":43,"key":"ReplayTheSpireMod:Spearhead"},{"floor":44,"key":"Ornamental Fan"}],"event_choices":[{"damage_healed":0,"gold_gain":0,"player_choice":"Bought 0 Potions","damage_taken":0,"max_hp_gain":0,"max_hp_loss":0,"event_name":"The Woman in Blue","floor":4,"gold_loss":0},{"damage_healed":0,"gold_gain":0,"player_choice":"Joined the Cult","damage_taken":6,"max_hp_gain":0,"max_hp_loss":0,"event_name":"Nest","floor":20,"gold_loss":0,"cards_obtained":["RitualDagger"]},{"damage_healed":0,"gold_gain":0,"player_choice":"Fought Bandits","damage_taken":0,"max_hp_gain":0,"max_hp_loss":0,"event_name":"Masked Bandits","floor":28,"gold_loss":0},{"cards_removed":["Strike_R"],"damage_healed":0,"gold_gain":0,"player_choice":"Removed Attack","damage_taken":0,"max_hp_gain":0,"max_hp_loss":0,"event_name":"Falling","floor":39,"gold_loss":0}],"is_beta":false,"boss_relics":[{"not_picked":["Ectoplasm","Cursed Key"],"picked":"Coffee Dripper"},{"not_picked":["SacredBark","Electric Blood"],"picked":"Honey Jar"}],"items_purged_floors":[19],"is_endless":false,"potions_floor_spawned":[5,10,11,14,23,28,33,36,38,42],"ascension_level":1}}