{"host":"atu1skz5iq69e5lr","time":1611420343,"event":{"mods":["AchievementEnabler","Aspiration","BaseMod","Better Third Choice","Colored Map","Conspire","Evolution","Friendly Minions","Halation","Highlight Path","HololiveMod","Hubris","Infinite Spire","Keyboard Shortcuts","Lobotomy","Minty Spire (QoL Compilation)","Replay The Spire","Shop Mod","StSLib"],"gold_per_floor":[76,76,25,45,59,88,103,120,120,120,155,105,156,81,81,187,187,202,227,259,259,275,275,312,312,338,338,372,400,413,425,425,539,539,564,564,564,591,624,624,658,658,658,687,704,39,60,60,60,60,60],"floor_reached":52,"language":"ENG","playtime":2356,"items_purged":["Hololive_Drill","Hololive_AWSL"],"score":1132,"play_id":"b0afef7b-e639-4e60-a4c9-dce9a56cda0c","local_time":"20210123174543","is_ascension_mode":true,"campfire_choices":[{"data":"Hololive_CallDoris","floor":10,"key":"SMITH"},{"data":"Hololive_CallHimemoriLuna","floor":15,"key":"SMITH"},{"data":"Hololive_Trident","floor":23,"key":"SMITH"},{"data":"Hololive_CallAkaiHaato","floor":25,"key":"SMITH"},{"data":"Hololive_CallYozoraMel","floor":32,"key":"SMITH"},{"data":"Hololive_DurableLive","floor":40,"key":"SMITH"},{"data":"Hololive_CallNatsuiroMatsuri","floor":42,"key":"SMITH"},{"data":"hubris:InfiniteBlow+26","floor":49,"key":"SMITH"}],"circlet_count":0,"master_deck":["Hololive_Defend","Hololive_Trident+1","Hololive_CallHimemoriLuna+1","Hololive_CallAkiRosenthal","Hololive_CallShirakamiFubuki","Hololive_CallDoris+1","BlackSwan","Hololive_Teleport+1","Hololive_CallAkaiHaato+1","conspire:SpireCoStock","hubris:InfiniteBlow+27","Hololive_CallYozoraMel+1","Hololive_DurableLive+1","Hololive_CallNatsuiroMatsuri+1","LongBird"],"relics":["Hololive_TheStar","EVO:Axolotl","CogitoBucket","BehaviorAdjustment","infinitespire:Broken Mirror","aspiration:PoetsPen_weak","Anchor","Nunchaku","Happy Flower","halation:KoshaPiece","HellTrain","Coffee Dripper","hubris:Icosahedron","halation:PapillonHeart","aspiration:Lifesprig","Replay:Mystery Machine","Strawberry","MerchantsRug","Replay:Lucky Slots","Happy Flower","conspire:BottledYoYo","Ring of Peace"],"acts_visited":["Exordium","TheCity","TheBeyond"],"potions_floor_usage":[11,16,20,20,20,31,31,31,50,50,50],"damage_taken":[{"damage":0,"enemies":"Jaw Worm","floor":1,"turns":2},{"damage":0,"enemies":"Cultist","floor":4,"turns":2},{"damage":0,"enemies":"conspire:RoseBush","floor":5,"turns":2},{"damage":0,"enemies":"Lagavulin","floor":6,"turns":4},{"damage":0,"enemies":"Exordium Wildlife","floor":7,"turns":2},{"damage":1,"enemies":"Lots of Slimes","floor":8,"turns":4},{"damage":0,"enemies":"Replay:BlueRogue","floor":11,"turns":3},{"damage":0,"enemies":"Lagavulin","floor":13,"turns":4},{"damage":0,"enemies":"Fading Forest","floor":16,"turns":10},{"damage":0,"enemies":"Chosen","floor":18,"turns":3},{"damage":0,"enemies":"Shell Parasite","floor":20,"turns":4},{"damage":0,"enemies":"Snecko","floor":22,"turns":4},{"damage":0,"enemies":"Gremlin Leader","floor":24,"turns":5},{"damage":0,"enemies":"Nightmare","floor":28,"turns":2},{"damage":0,"enemies":"Shelled Parasite and Fungi","floor":29,"turns":2},{"damage":0,"enemies":"Sentry and Sphere","floor":30,"turns":1},{"damage":0,"enemies":"3 Cultists","floor":31,"turns":2},{"damage":0,"enemies":"Collector","floor":33,"turns":2},{"damage":0,"enemies":"3 Shapes","floor":35,"turns":3},{"damage":0,"enemies":"3 Darklings","floor":39,"turns":3},{"damage":0,"enemies":"R_Hoarder","floor":41,"turns":4},{"damage":0,"enemies":"Nemesis","floor":44,"turns":1},{"damage":9,"enemies":"4 Shapes","floor":45,"turns":3},{"damage":0,"enemies":"Jaw Worm Horde","floor":47,"turns":2},{"damage":0,"enemies":"Replay:Hell Engine","floor":50,"turns":2}],"seed_played":"-7776148253982990757","potions_obtained":[{"floor":1,"key":"DistilledChaos"},{"floor":4,"key":"Languid Potion"},{"floor":6,"key":"Explosive Potion"},{"floor":8,"key":"EntropicBrew"},{"floor":13,"key":"Block Potion"},{"floor":18,"key":"Venom Potion"},{"floor":31,"key":"FearPotion"},{"floor":39,"key":"SkillPotion"},{"floor":41,"key":"SteroidPotion"}],"is_trial":false,"path_per_floor":["M","?","$","M","M","E","M","M","T","R","E","?","E","$","R","B",null,"M","T","M","?","M","R","E","R","T","AVR","NM","M","M","M","R","B",null,"M","?","?","T","M","R","E","R","T","E","M","$","M","?","R","B",null,null],"character_chosen":"Hololive_HololiveCharacter","items_purchased":["Hololive_Teleport+1","MerchantsRug","Replay:Lucky Slots","Happy Flower","conspire:BottledYoYo"],"campfire_rested":0,"item_purchase_floors":[3,46,46,46,46],"current_hp_per_floor":[35,35,35,35,35,35,35,34,34,34,34,34,34,34,34,34,35,36,36,37,33,34,34,35,35,35,35,36,37,38,39,39,45,49,50,50,47,47,48,48,49,49,49,57,53,58,58,58,58,58,58],"gold":60,"neow_bonus":"","is_daily":false,"chose_seed":false,"campfire_upgraded":8,"win_rate":0.0,"timestamp":1611420343,"path_taken":["M","?","$","M","M","E","M","?","T","R","E","?","E","?","R","BOSS","M","?","M","?","?","R","E","R","T","AVR","NM","M","M","M","R","BOSS","M","?","?","?","M","R","E","R","T","E","M","$","M","?","R","BOSS"],"items_purchased_type":["Card","Relic","Relic","Relic","Relic"],"build_version":"2020-12-22","purchased_purges":2,"victory":true,"max_hp_per_floor":[35,35,35,35,35,35,35,35,35,35,35,35,35,35,35,35,35,36,36,37,42,43,43,44,44,44,44,45,46,47,48,48,49,49,50,50,47,47,48,48,49,49,49,57,58,58,58,58,58,58,58],"card_choices":[{"not_picked":["NakedNest","PunishingBird"],"picked":"BlackSwan","floor":1},{"not_picked":["Hololive_StrengthChampion","Hololive_Trident","Hololive_Drill","Hololive_CocoNews"],"picked":"SKIP","floor":1},{"not_picked":["Hololive_CallAmaneKanata","Hololive_Drill","Hololive_LuckPotion","Hololive_Sequa"],"picked":"SKIP","floor":4},{"not_picked":["Hololive_CocoNews","Hololive_Drill","Hololive_CallShirakamiFubuki"],"picked":"Hololive_CallAkaiHaato","floor":5},{"not_picked":["Hololive_CallAiraniIofifteen","Hololive_Drill","Hololive_FlyingPonyTail","Hololive_CallDoris"],"picked":"SKIP","floor":6},{"not_picked":["Hololive_Rebound","Hololive_Rebirth","Hololive_OvertimeWork","Hololive_CallShiranuiFlare"],"picked":"SKIP","floor":7},{"not_picked":["Hololive_Psychosis","Hololive_FlareMind","Hololive_CallAmaneKanata","Hololive_FlyingPonyTail"],"picked":"SKIP","floor":8},{"not_picked":["Hololive_RevenueBasedLive","Hololive_CocoNews","Hololive_Trident","Hololive_Drill"],"picked":"SKIP","floor":11},{"not_picked":["Hololive_CallShishiroBotan","Hololive_OvertimeWork","Hololive_LuckPotion","Hololive_CallOzoraSubaru"],"picked":"SKIP","floor":13},{"not_picked":["Hololive_OpenUp","Hololive_ASMR","Hololive_IdolExercise"],"picked":"Hololive_AWSL","floor":16},{"not_picked":["Hololive_CocoNews","Hololive_Drill","Hololive_CallTokoyamiTowa","Hololive_Rebound"],"picked":"SKIP","floor":18},{"not_picked":["Hololive_OvertimeWork","Hololive_Sequa","Hololive_Psychosis+1","Hololive_Breathe"],"picked":"SKIP","floor":20},{"not_picked":["Hololive_StrengthChampion+1","Hololive_CallHimemoriLuna+1","Hololive_CallOmaruPolka+1","Hololive_CocoNews+1"],"picked":"SKIP","floor":22},{"not_picked":["Hololive_StrengthChampion+1","Hololive_CallHimemoriLuna+1","Hololive_CallOmaruPolka+1","Hololive_CocoNews+1"],"picked":"SKIP","floor":22},{"not_picked":["Hololive_CocoNews","Hololive_LuckPotion","Hololive_Teleport","Hololive_CallOzoraSubaru"],"picked":"SKIP","floor":24},{"not_picked":["Hololive_LuckPotion","Hololive_DiamondStrike","Hololive_Drill","Hololive_CallAyundaRisu"],"picked":"SKIP","floor":28},{"not_picked":["Hololive_Trident","Hololive_Drill+1","Hololive_SummonFox"],"picked":"Hololive_CallYozoraMel","floor":29},{"not_picked":["Hololive_HuntDinosaur+1","Hololive_Psychosis+1","Hololive_StrengthChampion+1","Hololive_LuckPotion"],"picked":"SKIP","floor":30},{"not_picked":["Hololive_FlyingPonyTail","Hololive_CallYukihanaLamy","Hololive_CallMoonaHoshinova","Hololive_SoulCatcher"],"picked":"SKIP","floor":31},{"not_picked":["Hololive_Rebirth","Hololive_ScarfAndHalo","Hololive_HighAtkLowDef"],"picked":"Hololive_DurableLive","floor":33},{"not_picked":["Hololive_Psychosis+1","Hololive_OvertimeWork+1","Hololive_Trident","Hololive_RevenueBasedLive"],"picked":"SKIP","floor":35},{"not_picked":["Hololive_Psychosis+1","Hololive_Sequa+1","Hololive_LuckPotion","Hololive_FlyingPonyTail"],"picked":"SKIP","floor":39},{"not_picked":["Hololive_CallNekomataOkayu","Hololive_Teleport+1","Hololive_CallCivia"],"picked":"Hololive_CallNatsuiroMatsuri","floor":41},{"not_picked":["Hololive_CallFriendA","Hololive_Psychosis","Hololive_CallShishiroBotan+1","Hololive_CallShirakamiFubuki"],"picked":"SKIP","floor":44},{"not_picked":["Hololive_CallFriendA","Hololive_Psychosis","Hololive_CallShishiroBotan+1","Hololive_CallShirakamiFubuki"],"picked":"SKIP","floor":44},{"not_picked":["Hololive_RevenueBasedLive+1","Hololive_CallKiryuuCoco","Hololive_LuckPotion","Hololive_Breathe+1"],"picked":"SKIP","floor":45},{"not_picked":["Yin","SnowQueen"],"picked":"LongBird","floor":47},{"not_picked":["Hololive_MaximGun","Hololive_Breathe+1","Hololive_CocoNews","Hololive_CallInugamiKorone+1"],"picked":"SKIP","floor":47}],"player_experience":46902,"relics_obtained":[{"floor":6,"key":"Centennial Puzzle"},{"floor":9,"key":"infinitespire:Broken Mirror"},{"floor":11,"key":"Dream Catcher"},{"floor":19,"key":"Anchor"},{"floor":24,"key":"MealTicket"},{"floor":26,"key":"Nunchaku"},{"floor":28,"key":"halation:KoshaPiece"},{"floor":38,"key":"aspiration:Lifesprig"},{"floor":41,"key":"Replay:Mystery Machine"},{"floor":43,"key":"aspiration:HiddenCompartment"},{"floor":44,"key":"Strawberry"},{"floor":48,"key":"Ring of Peace"}],"event_choices":[{"cards_removed":["Hololive_Strike"],"damage_healed":5,"gold_gain":0,"player_choice":"Offered Special","damage_taken":0,"max_hp_gain":0,"max_hp_loss":0,"event_name":"Bonfire Elementals","floor":2,"gold_loss":0},{"damage_healed":0,"gold_gain":0,"player_choice":"Invest 1","damage_taken":0,"max_hp_gain":0,"max_hp_loss":0,"event_name":"conspire:Investor","floor":12,"gold_loss":0},{"damage_healed":0,"gold_gain":0,"player_choice":"Shed Blood","damage_taken":9,"max_hp_gain":5,"max_hp_loss":0,"event_name":"Forgotten Altar","floor":21,"gold_loss":0}],"is_beta":false,"boss_relics":[{"not_picked":["Kintsugi","Sozu"],"picked":"aspiration:PoetsPen_weak"},{"not_picked":["aspiration:SilentSkillbook","halation:ForbiddenBikini"],"picked":"Coffee Dripper"}],"items_purged_floors":[14,46],"is_endless":false,"potions_floor_spawned":[1,4,6,8,13,18,22,31,39,41,45],"ascension_level":2}}