{"host":"lnt5dzsuhru0aonl","time":1611373315,"event":{"mods":["2.2 Compatiblity","BaseMod","Colored Map","Colored Powertips","DeckTracker","Keyboard Shortcuts","Minty Spire (QoL Compilation)","Permanent Neow","Rare Cards Sparkle","StSLib","SuperFastMode","everything is the same but u backflip on backflip"],"gold_per_floor":[117,117,117,142,157,157,157,71,71,71,102,22,22,43,43,139,139,157,157,157,157,176,176,216,237,261,279,294,333,333,381,381,484,484,499,526,278,302,302,349,349,392,419,459,459,792,839,862,862,862,862],"floor_reached":52,"language":"KOR","playtime":2277,"items_purged":["Strike_R"],"score":2049,"play_id":"d1778fb0-3e5d-453a-b33d-9b9818f661f6","local_time":"20210123124155","is_ascension_mode":true,"campfire_choices":[{"data":"Inflame","floor":6.0,"key":"SMITH"},{"data":"Spot Weakness","floor":10.0,"key":"SMITH"},{"data":"Pummel","floor":13.0,"key":"SMITH"},{"data":"Battle Trance","floor":15.0,"key":"SMITH"},{"floor":23.0,"key":"REST"},{"data":"Exhume","floor":30.0,"key":"SMITH"},{"data":"Twin Strike","floor":32.0,"key":"SMITH"},{"data":"Shockwave","floor":41,"key":"SMITH"},{"data":"Offering","floor":45,"key":"SMITH"},{"data":"Secret Technique","floor":49,"key":"SMITH"}],"circlet_count":0,"master_deck":["AscendersBane","Strike_R","Strike_R+1","Strike_R+1","Defend_R","Defend_R","Defend_R","Bash","Inflame+1","Battle Trance+1","Spot Weakness+1","Reaper","Pummel+1","Rage+1","Exhume+1","Twin Strike+1","Offering+1","Secret Technique+1","Purity+1","Dark Shackles+1","Shockwave+1","Pommel Strike+1"],"relics":["Burning Blood","Singing Bowl","Self Forming Clay","Runic Pyramid","MutagenicStrength","Enchiridion","Letter Opener","CeramicFish","Meat on the Bone","Kunai","Sozu","Sling","Art of War","Blood Vial","War Paint","Calipers","Torii","Potion Belt"],"acts_visited":["Exordium","TheCity","TheBeyond"],"potions_floor_usage":[33],"damage_taken":[{"damage":2.0,"enemies":"2 Louse","floor":1.0,"turns":3.0},{"damage":11.0,"enemies":"Small Slimes","floor":4.0,"turns":4.0},{"damage":1.0,"enemies":"Cultist","floor":5.0,"turns":3.0},{"damage":25.0,"enemies":"3 Sentries","floor":11.0,"turns":5.0},{"damage":7.0,"enemies":"Large Slime","floor":14.0,"turns":5.0},{"damage":45.0,"enemies":"Hexaghost","floor":16.0,"turns":8.0},{"damage":24.0,"enemies":"Shell Parasite","floor":18.0,"turns":3.0},{"damage":21.0,"enemies":"2 Thieves","floor":22.0,"turns":3.0},{"damage":23.0,"enemies":"Gremlin Leader","floor":24.0,"turns":5.0},{"damage":2.0,"enemies":"Cultist and Chosen","floor":25.0,"turns":3.0},{"damage":0.0,"enemies":"Snecko","floor":27.0,"turns":2.0},{"damage":14.0,"enemies":"Centurion and Healer","floor":28.0,"turns":5.0},{"damage":87.0,"enemies":"Slavers","floor":29.0,"turns":5.0},{"damage":12.0,"enemies":"Gremlin Leader","floor":31.0,"turns":6.0},{"damage":79,"enemies":"Automaton","floor":33,"turns":9},{"damage":10,"enemies":"Orb Walker","floor":35,"turns":2},{"damage":9,"enemies":"3 Darklings","floor":38,"turns":3},{"damage":6,"enemies":"Nemesis","floor":40,"turns":3},{"damage":20,"enemies":"Giant Head","floor":42,"turns":5},{"damage":15,"enemies":"Mind Bloom Boss Battle","floor":44,"turns":4},{"damage":28,"enemies":"2 Orb Walkers","floor":47,"turns":3},{"damage":50,"enemies":"Donu and Deca","floor":50,"turns":6},{"damage":45,"enemies":"Awakened One","floor":51,"turns":8}],"seed_played":"-3613302104664493323","potions_obtained":[{"floor":1.0,"key":"Fire Potion"},{"floor":7.0,"key":"Fire Potion"},{"floor":18.0,"key":"Fire Potion"},{"floor":27.0,"key":"SteroidPotion"},{"floor":29.0,"key":"Block Potion"},{"floor":31.0,"key":"GamblersBrew"}],"is_trial":false,"path_per_floor":["M","?","?","M","M","R","?","$","T","R","E","$","R","M","R","B",null,"M","?","?","?","M","R","E","M","T","M","M","E","R","E","R","B",null,"M","?","$","M","?","E","R","E","T","?","R","?","?","T","R","B","B",null],"character_chosen":"IRONCLAD","items_purchased":["Reaper","Pummel","Sling"],"campfire_rested":1,"item_purchase_floors":[8,12,37],"current_hp_per_floor":[68,45,25,20,25,25,25,25,25,25,41,41,41,49,49,12,59,43,43,43,22,18,40,69,75,75,80,82,59,59,82,82,21,68,66,56,56,79,79,79,79,67,67,76,76,76,88,88,88,88,88],"gold":862,"neow_bonus":"REMOVE_TWO","is_daily":false,"chose_seed":false,"campfire_upgraded":9,"win_rate":0.0,"timestamp":1611373315,"path_taken":["M","?","?","M","M","R","?","$","T","R","E","$","R","?","R","BOSS","M","?","?","?","M","R","E","M","T","M","M","E","R","E","R","BOSS","M","?","$","M","?","E","R","E","T","?","R","?","?","?","R","BOSS","BOSS"],"items_purchased_type":["Card","Card","Relic"],"build_version":"2020-12-22","purchased_purges":1,"victory":true,"max_hp_per_floor":[68,68,68,68,68,68,68,68,68,68,70,70,70,72,72,74,74,76,76,76,76,76,76,76,78,78,80,82,84,84,84,84,84,84,86,86,86,88,84,84,84,86,86,86,86,86,88,88,88,88,88],"card_choices":[{"not_picked":["Headbutt","Havoc"],"picked":"Inflame","floor":1.0},{"not_picked":["Armaments","Sword Boomerang"],"picked":"Battle Trance","floor":4.0},{"not_picked":["Armaments","Blood for Blood"],"picked":"Spot Weakness","floor":5.0},{"not_picked":["Flex","Combust","Spot Weakness"],"picked":"Singing Bowl","floor":11.0},{"not_picked":["Body Slam","Flex","Berserk"],"picked":"Singing Bowl","floor":14.0},{"not_picked":["Demon Form","Barricade","Corruption"],"picked":"Singing Bowl","floor":16.0},{"not_picked":["True Grit","Iron Wave+1","Fire Breathing"],"picked":"Singing Bowl","floor":18.0},{"not_picked":["Shrug It Off","Cleave"],"picked":"Rage+1","floor":22.0},{"not_picked":["Anger+1","Bloodletting"],"picked":"Exhume","floor":24.0},{"not_picked":["Sword Boomerang","Cleave","Pommel Strike"],"picked":"Singing Bowl","floor":25.0},{"not_picked":["Whirlwind+1","Armaments","Cleave"],"picked":"Singing Bowl","floor":27.0},{"not_picked":["Disarm","Anger","True Grit"],"picked":"Singing Bowl","floor":28.0},{"not_picked":["Thunderclap","Clash","Intimidate"],"picked":"Singing Bowl","floor":29.0},{"not_picked":["Combust","Hemokinesis"],"picked":"Twin Strike","floor":31.0},{"not_picked":["Feed","Juggernaut"],"picked":"Offering","floor":33},{"not_picked":["Whirlwind","Sword Boomerang","Flex"],"picked":"Singing Bowl","floor":35},{"not_picked":["Bandage Up","Flash of Steel"],"picked":"Secret Technique","floor":36},{"not_picked":["Swift Strike","Mind Blast"],"picked":"Purity","floor":36},{"not_picked":["Enlightenment","Discovery"],"picked":"Dark Shackles","floor":36},{"not_picked":["Flex","Thunderclap","Iron Wave"],"picked":"Singing Bowl","floor":38},{"not_picked":["Warcry","Blood for Blood"],"picked":"Shockwave","floor":40},{"not_picked":["Iron Wave","Rage","Rupture"],"picked":"Singing Bowl","floor":42},{"not_picked":["Wild Strike+1","Cleave"],"picked":"Pommel Strike+1","floor":44},{"not_picked":["Flex","Anger","Evolve"],"picked":"Singing Bowl","floor":47}],"player_experience":730611,"relics_obtained":[{"floor":9.0,"key":"Singing Bowl"},{"floor":11.0,"key":"Self Forming Clay"},{"floor":21.0,"key":"Enchiridion"},{"floor":24.0,"key":"Letter Opener"},{"floor":26.0,"key":"CeramicFish"},{"floor":29.0,"key":"Meat on the Bone"},{"floor":31.0,"key":"Kunai"},{"floor":40,"key":"Art of War"},{"floor":42,"key":"Blood Vial"},{"floor":43,"key":"War Paint"},{"floor":44,"key":"Calipers"},{"floor":47,"key":"Torii"},{"floor":48,"key":"Potion Belt"}],"event_choices":[{"damage_healed":0.0,"max_hp_gain":0.0,"max_hp_loss":0.0,"gold_gain":0.0,"event_name":"Golden Idol","player_choice":"Take Damage","floor":2.0,"gold_loss":0.0,"damage_taken":23.0,"relics_obtained":["Golden Idol"]},{"damage_healed":0.0,"max_hp_gain":0.0,"max_hp_loss":0.0,"gold_gain":0.0,"event_name":"Shining Light","player_choice":"Entered Light","floor":3.0,"gold_loss":0.0,"damage_taken":20.0,"cards_upgraded":["Strike_R","Strike_R"]},{"damage_healed":0.0,"max_hp_gain":0.0,"max_hp_loss":0.0,"gold_gain":0.0,"event_name":"Lab","player_choice":"Got Potions","floor":7.0,"gold_loss":0.0,"damage_taken":0.0},{"damage_healed":0.0,"max_hp_gain":0.0,"max_hp_loss":0.0,"gold_gain":0.0,"event_name":"The Mausoleum","player_choice":"Ignored","floor":19.0,"gold_loss":0.0,"damage_taken":0.0},{"damage_healed":0.0,"max_hp_gain":0.0,"max_hp_loss":0.0,"gold_gain":0.0,"event_name":"Drug Dealer","player_choice":"Inject Mutagens","floor":20.0,"gold_loss":0.0,"damage_taken":0.0,"relics_obtained":["MutagenicStrength"]},{"damage_healed":0.0,"max_hp_gain":0.0,"max_hp_loss":0.0,"gold_gain":0.0,"event_name":"Cursed Tome","player_choice":"Obtained Book","floor":21.0,"gold_loss":0.0,"damage_taken":21.0},{"damage_healed":0,"gold_gain":0,"player_choice":"Memory 3","damage_taken":10,"max_hp_gain":0,"max_hp_loss":0,"event_name":"SensoryStone","floor":36,"gold_loss":0},{"damage_healed":0,"gold_gain":0,"player_choice":"Max HP","damage_taken":0,"max_hp_gain":0,"max_hp_loss":4,"event_name":"Winding Halls","floor":39,"gold_loss":0},{"damage_healed":0,"gold_gain":0,"player_choice":"Fight","damage_taken":0,"max_hp_gain":0,"max_hp_loss":0,"event_name":"MindBloom","floor":44,"gold_loss":0},{"damage_healed":0,"gold_gain":333,"player_choice":"Gave Idol","damage_taken":0,"max_hp_gain":0,"max_hp_loss":0,"event_name":"The Moai Head","floor":46,"relics_lost":["Golden Idol"],"gold_loss":0},{"damage_healed":0,"gold_gain":0,"player_choice":"Fight","damage_taken":0,"max_hp_gain":0,"max_hp_loss":0,"event_name":"Mysterious Sphere","floor":47,"gold_loss":0}],"is_beta":false,"boss_relics":[{"not_picked":["Coffee Dripper","Cursed Key"],"picked":"Runic Pyramid"},{"not_picked":["Pandora\u0027s Box","Velvet Choker"],"picked":"Sozu"}],"items_purged_floors":[37],"is_endless":false,"potions_floor_spawned":[1,11,14,16,18,27,29,31,42,44],"ascension_level":20}}