{"host":"jrmqsbok61y7b34d","time":1611443727,"event":{"mods":["BaseMod","Better Skull","Challenge The Spire","Colored Map","Colored Powertips","Emptier Cage","Minty Spire (QoL Compilation)","Permanent Neow","Quick Restart","Relic Stats","StSLib","Unceasing Turn Reminder"],"gold_per_floor":[109,73,84,95,105,136,136,86,86,86,100,100,120,152,152,251,251,263,281,281,295,66,66,100,120,173,173,173],"floor_reached":27,"language":"ENG","playtime":7381,"items_purged":["Strike_R"],"score":380,"play_id":"eb85a4e8-131d-48ed-91c7-8735d19211aa","local_time":"20210123231527","is_ascension_mode":true,"campfire_choices":[{"floor":7.0,"key":"REST"},{"data":"Inflame","floor":10.0,"key":"SMITH"},{"data":"Uppercut","floor":12.0,"key":"SMITH"},{"floor":15.0,"key":"REST"},{"floor":23.0,"key":"REST"}],"circlet_count":0,"master_deck":["AscendersBane","Strike_R","Strike_R","Defend_R","Defend_R","Defend_R","Defend_R","Bash","Armaments","Inflame+1","Uppercut+1","Clothesline","Ghostly Armor","Pommel Strike","Demon Form","Impervious","Flame Barrier","Offering"],"relics":["SacredBark","Tiny Chest","Mummified Hand","White Beast Statue","Fusion Hammer","Potion Belt","Darkstone Periapt","Happy Flower"],"acts_visited":["Exordium","TheCity"],"potions_floor_usage":[27,27],"damage_taken":[{"damage":10.0,"enemies":"Small Slimes","floor":1.0,"turns":4.0},{"damage":0.0,"enemies":"2 Louse","floor":3.0,"turns":3.0},{"damage":1.0,"enemies":"Cultist","floor":4.0,"turns":3.0},{"damage":13.0,"enemies":"3 Louse","floor":5.0,"turns":4.0},{"damage":22.0,"enemies":"Lagavulin","floor":6.0,"turns":6.0},{"damage":10.0,"enemies":"Exordium Wildlife","floor":11.0,"turns":4.0},{"damage":8.0,"enemies":"Large Slime","floor":13.0,"turns":6.0},{"damage":20.0,"enemies":"Gremlin Nob","floor":14.0,"turns":4.0},{"damage":17.0,"enemies":"Hexaghost","floor":16.0,"turns":9.0},{"damage":15.0,"enemies":"2 Thieves","floor":18.0,"turns":5.0},{"damage":5.0,"enemies":"3 Byrds","floor":19.0,"turns":6.0},{"damage":17.0,"enemies":"Snake Plant","floor":21.0,"turns":3.0},{"damage":38.0,"enemies":"Book of Stabbing","floor":24.0,"turns":7.0},{"damage":9.0,"enemies":"Chosen and Byrds","floor":25.0,"turns":6.0},{"damage":16,"enemies":"Gremlin Leader","floor":27,"turns":4}],"seed_played":"-2315067644781275863","potions_obtained":[{"floor":3.0,"key":"AttackPotion"},{"floor":11.0,"key":"Dexterity Potion"},{"floor":16.0,"key":"AttackPotion"},{"floor":18.0,"key":"GamblersBrew"},{"floor":19.0,"key":"LiquidBronze"},{"floor":21.0,"key":"FearPotion"},{"floor":24.0,"key":"DuplicationPotion"},{"floor":25.0,"key":"SteroidPotion"}],"is_trial":false,"path_per_floor":["M","$","M","M","M","E","R","?","T","R","M","R","M","E","R","B",null,"M","M","?","M","$","R","E","M","T","E"],"character_chosen":"IRONCLAD","items_purchased":["Inflame","Potion Belt"],"campfire_rested":3,"item_purchase_floors":[2,22],"current_hp_per_floor":[62,62,62,61,48,26,50,50,50,50,40,40,32,12,36,19,65,50,45,45,28,28,52,14,5,5,0,0],"gold":173,"neow_bonus":"BOSS_RELIC","is_daily":false,"chose_seed":false,"campfire_upgraded":2,"win_rate":0.0,"timestamp":1611443727,"path_taken":["M","$","M","M","M","E","R","?","T","R","M","R","M","E","R","BOSS","M","M","?","?","$","R","E","M","T","E"],"items_purchased_type":["Card","Relic"],"build_version":"2020-12-22","purchased_purges":1,"victory":false,"max_hp_per_floor":[80,80,80,80,80,80,80,80,80,80,80,80,80,80,80,80,80,80,80,80,80,80,80,80,80,80,80,80],"relic_stats":{"Darkstone Periapt":0,"Happy Flower":[1],"counters":[15,74],"Mummified Hand":[17],"Tiny Chest":0,"obtain_stats":[{"Potion Belt":22,"Darkstone Periapt":24,"Happy Flower":26,"Mummified Hand":9,"SacredBark":0,"Tiny Chest":6,"Fusion Hammer":17,"Burning Blood":0,"White Beast Statue":14},{"Potion Belt":12,"Darkstone Periapt":13,"Happy Flower":14,"Mummified Hand":5,"SacredBark":0,"Tiny Chest":5,"Fusion Hammer":9,"Burning Blood":0,"White Beast Statue":8},{"Potion Belt":57,"Darkstone Periapt":64,"Happy Flower":70,"Mummified Hand":20,"SacredBark":0,"Tiny Chest":20,"Fusion Hammer":43,"Burning Blood":0,"White Beast Statue":34}]},"card_choices":[{"not_picked":["Heavy Blade","Combust"],"picked":"Armaments","floor":1.0},{"not_picked":["Armaments","Warcry","Body Slam"],"picked":"SKIP","floor":3.0},{"not_picked":["Armaments","Anger"],"picked":"Uppercut","floor":4.0},{"not_picked":["Seeing Red","Heavy Blade"],"picked":"Clothesline","floor":5.0},{"not_picked":["Berserk","Rampage"],"picked":"Ghostly Armor","floor":6.0},{"not_picked":["Infernal Blade","Clothesline"],"picked":"Pommel Strike","floor":11.0},{"not_picked":["Intimidate","Headbutt","Clash"],"picked":"SKIP","floor":13.0},{"not_picked":["Armaments","Anger"],"picked":"Demon Form","floor":14.0},{"not_picked":["Berserk","Demon Form"],"picked":"Impervious","floor":16.0},{"not_picked":["Sentinel","Havoc","Rupture"],"picked":"SKIP","floor":18.0},{"not_picked":["Pommel Strike","Flex","True Grit"],"picked":"SKIP","floor":19.0},{"not_picked":["Flex","Heavy Blade"],"picked":"Flame Barrier","floor":21.0},{"not_picked":["Inflame","Clash"],"picked":"Offering","floor":24.0},{"not_picked":["Wild Strike+1","Havoc","Iron Wave+1"],"picked":"SKIP","floor":25.0}],"player_experience":1050118,"relics_obtained":[{"floor":6.0,"key":"Tiny Chest"},{"floor":9.0,"key":"Mummified Hand"},{"floor":14.0,"key":"White Beast Statue"},{"floor":24.0,"key":"Darkstone Periapt"},{"floor":26.0,"key":"Happy Flower"}],"event_choices":[{"cards_removed":["Strike_R"],"damage_healed":0.0,"max_hp_gain":0.0,"max_hp_loss":0.0,"gold_gain":0.0,"event_name":"The Cleric","player_choice":"Card Removal","floor":8.0,"gold_loss":50.0,"damage_taken":0.0},{"cards_removed":["Strike_R"],"damage_healed":0.0,"max_hp_gain":0.0,"max_hp_loss":0.0,"gold_gain":0.0,"event_name":"Purifier","player_choice":"Purged","floor":20.0,"gold_loss":0.0,"damage_taken":0.0}],"is_beta":false,"boss_relics":[{"not_picked":["Black Star","Runic Dome"],"picked":"Fusion Hammer"}],"items_purged_floors":[22],"is_endless":false,"potions_floor_spawned":[3,11,16,18,19,21,24,25],"killed_by":"Gremlin Leader","ascension_level":11}}