{"host":"k5ce38i4ey85p5tz","time":1611376419,"event":{"mods":["BaseMod","Colored Map","Colored Powertips","Downfall","Highlight Path","Marisa£®ÏF”Í°°ƒß¿Ì…≥£©","Minty Spire (QoL Compilation)","Quick Restart","StSLib","Td1madao Mod","The Bug Knight","The Servant 0.9.4","°æ“≈ŒÔø®≈∆°øREMEMod"],"gold_per_floor":[109,109,109,127,141,174,174,184,184,204,217,233,244,274,274,372,372,385,385,385,231,247,247,260,288,313,332,28,28,28,28,28,124,124,135,149,1148,1148,1148],"floor_reached":38,"language":"ZHS","playtime":2452,"items_purged":[],"score":533,"play_id":"db0756e9-6921-4cd4-81d9-8a1474da5930","local_time":"20210123123339","is_ascension_mode":false,"campfire_choices":[{"floor":7,"key":"REST"},{"floor":15,"key":"REST"},{"floor":23,"key":"REST"},{"floor":29,"key":"REST"},{"floor":32,"key":"REST"}],"circlet_count":0,"master_deck":["Strike_G","Strike_G","Strike_G","Strike_G","Defend_G","Defend_G","Defend_G","Survivor","Neutralize","Dodge and Roll","Deadly Poison","All Out Attack","REME_GrazeFinale","Poisoned Stab","Distraction","Underhanded Strike","Poisoned Stab","Poisoned Stab","Dodge and Roll","Die Die Die","Deadly Poison+1","RitualDagger","Deadly Poison","Phantasmal Killer","Bane","Poisoned Stab","Noxious Fumes","Flying Knee","Deflect+1","Dash","Deflect+1","REME_GreenPollution","Deadly Poison","PiercingWail","Calculated Gamble","Bullet Time","Venomology","Underhanded Strike+1","Deflect","Normality","Normality"],"relics":["Ring of the Snake","Snake Skull","Pear","Lizard Tail","Philosopher\u0027s Stone","Orrery","Thread and Needle","Bag of Preparation","HandDrill","SlaversCollar"],"acts_visited":["TheCity","TheBeyond"],"potions_floor_usage":[6,16,22,27,27,35,38,38,38],"damage_taken":[{"damage":0,"enemies":"2 Louse","floor":1,"turns":4},{"damage":0,"enemies":"Small Slimes","floor":4,"turns":4},{"damage":0,"enemies":"Cultist","floor":5,"turns":3},{"damage":33,"enemies":"3 Sentries","floor":6,"turns":11},{"damage":23,"enemies":"Gremlin Gang","floor":8,"turns":4},{"damage":0,"enemies":"Lots of Slimes","floor":10,"turns":2},{"damage":0,"enemies":"2 Fungi Beasts","floor":11,"turns":3},{"damage":3,"enemies":"3 Louse","floor":12,"turns":4},{"damage":0,"enemies":"Blue Slaver","floor":13,"turns":3},{"damage":24,"enemies":"Gremlin Nob","floor":14,"turns":4},{"damage":51,"enemies":"Slime Boss","floor":16,"turns":12},{"damage":22,"enemies":"Shell Parasite","floor":18,"turns":5},{"damage":10,"enemies":"3 Byrds","floor":22,"turns":3},{"damage":39,"enemies":"Shelled Parasite and Fungi","floor":24,"turns":5},{"damage":13,"enemies":"HollowMod:Nosk","floor":25,"turns":6},{"damage":10,"enemies":"Snake Plant","floor":27,"turns":4},{"damage":123,"enemies":"Collector","floor":33,"turns":7},{"damage":14,"enemies":"3 Darklings","floor":35,"turns":5},{"damage":30,"enemies":"3 Shapes","floor":36,"turns":5},{"damage":52,"enemies":"Sphere and 2 Shapes","floor":38,"turns":5}],"seed_played":"1060673016958350237","potions_obtained":[{"floor":1,"key":"SpeedPotion"},{"floor":5,"key":"SneckoOil"},{"floor":8,"key":"Weak Potion"},{"floor":16,"key":"champ:CounterPotion"},{"floor":18,"key":"Swift Potion"},{"floor":24,"key":"SkillPotion"},{"floor":27,"key":"SpeedPotion"},{"floor":36,"key":"Poison Potion"}],"is_trial":false,"path_per_floor":["M","?","?","M","M","E","R","M","T","M","M","M","M","E","R","B",null,"M","?","?","$","M","R","M","E","T","M","$","R","?","$","R","B",null,"M","M","?","M"],"character_chosen":"THE_SILENT","items_purchased":["Orrery","REME_GreenPollution","Deadly Poison","PiercingWail","HandDrill"],"campfire_rested":5,"item_purchase_floors":[21,28,28,28,28],"current_hp_per_floor":[77,77,77,77,77,44,67,44,54,54,54,51,51,27,53,2,87,65,65,59,59,49,75,36,23,23,13,13,39,39,39,65,43,87,73,43,43,0,0],"gold":1148,"neow_bonus":"TEN_PERCENT_HP_BONUS","is_daily":false,"chose_seed":false,"campfire_upgraded":0,"win_rate":0.0,"timestamp":1611376419,"path_taken":["M","?","?","?","?","E","R","M","T","?","M","M","M","E","R","BOSS","M","?","?","$","M","R","M","E","T","M","$","R","?","?","R","BOSS","M","M","?","M"],"items_purchased_type":["Relic","Card","Card","Card","Relic"],"build_version":"2020-12-22","purchased_purges":0,"victory":false,"max_hp_per_floor":[77,77,77,77,77,77,77,77,87,87,87,87,87,87,87,87,87,87,87,87,87,87,87,87,87,87,87,87,87,87,87,87,87,87,87,87,87,87,87],"card_choices":[{"not_picked":["Tactician","Blur"],"picked":"Dodge and Roll","floor":1},{"not_picked":["Quick Slash","Terror"],"picked":"Deadly Poison","floor":4},{"not_picked":["Dagger Throw","Sucker Punch"],"picked":"All Out Attack","floor":5},{"not_picked":["Choke","Footwork"],"picked":"REME_GrazeFinale","floor":6},{"not_picked":["Underhanded Strike","Eviscerate"],"picked":"Poisoned Stab","floor":8},{"not_picked":["Outmaneuver","Backflip"],"picked":"Distraction","floor":10},{"not_picked":["Glass Knife","Calculated Gamble"],"picked":"Underhanded Strike","floor":11},{"not_picked":["Dagger Throw","Underhanded Strike"],"picked":"Poisoned Stab","floor":12},{"not_picked":["Backflip","Choke"],"picked":"Poisoned Stab","floor":13},{"not_picked":["Sucker Punch","Blade Dance"],"picked":"Dodge and Roll","floor":14},{"not_picked":["Wraith Form v2","Adrenaline"],"picked":"Die Die Die","floor":16},{"not_picked":["Caltrops","Masterful Stab"],"picked":"Deadly Poison+1","floor":18},{"not_picked":["Quick Slash","REME_GreenPollution+1"],"picked":"Deadly Poison","floor":21},{"not_picked":["Corpse Explosion","Dodge and Roll"],"picked":"Phantasmal Killer","floor":21},{"not_picked":["Flying Knee+1","REME_ShadowStrike"],"picked":"Bane","floor":21},{"not_picked":["Dodge and Roll+1","Acrobatics"],"picked":"Poisoned Stab","floor":21},{"not_picked":["Poisoned Stab","Acrobatics+1"],"picked":"Noxious Fumes","floor":21},{"not_picked":["Backflip+1","Distraction"],"picked":"Flying Knee","floor":22},{"not_picked":["Blade Dance","Poisoned Stab+1"],"picked":"Deflect+1","floor":24},{"not_picked":["Flechettes","Wraith Form v2"],"picked":"Dash","floor":25},{"not_picked":["Dagger Throw","Masterful Stab"],"picked":"Deflect+1","floor":27},{"not_picked":["Envenom","Tools of the Trade"],"picked":"Venomology","floor":33},{"not_picked":["Sucker Punch","Slice"],"picked":"Underhanded Strike+1","floor":35},{"not_picked":["Well Laid Plans","Flying Knee"],"picked":"Deflect","floor":36}],"player_experience":40895,"relics_obtained":[{"floor":6,"key":"Snake Skull"},{"floor":9,"key":"Pear"},{"floor":14,"key":"Lizard Tail"},{"floor":25,"key":"Thread and Needle"},{"floor":26,"key":"Bag of Preparation"}],"event_choices":[{"damage_healed":0,"gold_gain":0,"player_choice":"Leave","damage_taken":0,"max_hp_gain":0,"max_hp_loss":0,"event_name":"The Cleric","floor":2,"gold_loss":0},{"cards_removed":["Defend_G"],"damage_healed":0,"gold_gain":0,"player_choice":"Purged","damage_taken":0,"max_hp_gain":0,"max_hp_loss":0,"event_name":"Purifier","floor":3,"gold_loss":0},{"damage_healed":0,"gold_gain":0,"player_choice":"Ignored","damage_taken":0,"max_hp_gain":0,"max_hp_loss":0,"event_name":"Beggar","floor":19,"gold_loss":0},{"damage_healed":0,"gold_gain":0,"player_choice":"Joined the Cult","damage_taken":6,"max_hp_gain":0,"max_hp_loss":0,"event_name":"Nest","floor":20,"gold_loss":0,"cards_obtained":["RitualDagger"]},{"damage_healed":0,"gold_gain":0,"cards_transformed":["Strike_G","Defend_G"],"player_choice":"Became Test Subject","damage_taken":0,"max_hp_gain":0,"max_hp_loss":0,"event_name":"Drug Dealer","floor":30,"gold_loss":0,"cards_obtained":["Calculated Gamble","Bullet Time"]},{"damage_healed":0,"gold_gain":999,"player_choice":"Gold","damage_taken":0,"max_hp_gain":0,"max_hp_loss":0,"event_name":"MindBloom","floor":37,"gold_loss":0,"cards_obtained":["Normality","Normality"]}],"is_beta":false,"boss_relics":[{"not_picked":["Tiny House","Coffee Dripper"],"picked":"Philosopher\u0027s Stone"},{"not_picked":["Runic Dome","Cursed Key"],"picked":"SlaversCollar"}],"items_purged_floors":[],"is_endless":false,"potions_floor_spawned":[1,5,8,16,18,24,27,36],"killed_by":"Sphere and 2 Shapes","ascension_level":0}}