{"host":"7k2a2omxz3voj5ax","time":1611368073,"event":{"mods":["BaseMod","Marisa£¨ìFÓê¡¡Ä§ÀíÉ³£©","Minty Spire (QoL Compilation)","Quick Restart","Spicy Shops","StSLib","Starting Relic: Pandora\u0027s Box","¡¾ÒÅÎï¿¨ÅÆ¡¿REMEMod","óô»ðÖ¸ÄÏ"],"gold_per_floor":[117,117,42,53,53,53,64,127,139,151,176,201,241,272,284,368,380,406,436,462,485,412,500,512,557,578,578],"floor_reached":26,"language":"ZHS","playtime":878,"items_purged":[],"score":514,"play_id":"341e2abe-9bd1-4bca-bfd8-f80b96f33530","local_time":"20210123111433","is_ascension_mode":true,"campfire_choices":[{"data":"BlazingStar","floor":6.0,"key":"SMITH"},{"data":"EarthLightRay","floor":10.0,"key":"SMITH"},{"data":"GasGiant","floor":15.0,"key":"SMITH"},{"data":"UltimateShortwave","floor":24,"key":"SMITH"}],"circlet_count":0,"master_deck":["AscendersBane","UpSweep","SporeBomb","PowerUp","PowerUp","NonDirectionalLaser","GravityBeat","GasGiant+1","DoubleSpark","AsteroidBelt","BlazingStar+1","EarthLightRay+1","UltimateShortwave+1","WitchLeyline"],"relics":["MiniHakkero","REME_ComplimentaryCards","NeowsBlessing","MawBank","Gremlin Horn","StoneCalendar","Black Star","REME_ArchaeologicalTools","InkBottle","CeramicFish"],"acts_visited":["Exordium","TheCity"],"potions_floor_usage":[],"damage_taken":[{"damage":0.0,"enemies":"Small Slimes","floor":1.0,"turns":1.0},{"damage":0.0,"enemies":"2 Louse","floor":4.0,"turns":1.0},{"damage":0.0,"enemies":"Jaw Worm","floor":7.0,"turns":1.0},{"damage":14.0,"enemies":"3 Sentries","floor":8.0,"turns":5.0},{"damage":1.0,"enemies":"Blue Slaver","floor":11.0,"turns":2.0},{"damage":0.0,"enemies":"Large Slime","floor":12.0,"turns":3.0},{"damage":8.0,"enemies":"Gremlin Nob","floor":13.0,"turns":3.0},{"damage":11.0,"enemies":"Looter","floor":14.0,"turns":2.0},{"damage":14.0,"enemies":"The Guardian","floor":16.0,"turns":5.0},{"damage":24,"enemies":"Chosen","floor":18,"turns":4},{"damage":23,"enemies":"3 Byrds","floor":19,"turns":5},{"damage":10,"enemies":"Snake Plant","floor":20,"turns":2},{"damage":21,"enemies":"Centurion and Healer","floor":21,"turns":3},{"damage":2,"enemies":"Gremlin Leader","floor":23,"turns":3},{"damage":0,"enemies":"3 Cultists","floor":25,"turns":3},{"damage":29,"enemies":"Slavers","floor":26,"turns":2}],"seed_played":"3718606149912016373","potions_obtained":[{"floor":7.0,"key":"BlessingOfTheForge"},{"floor":8.0,"key":"CultistPotion"},{"floor":16.0,"key":"REME_GoldPotion"}],"is_trial":false,"path_per_floor":["M","?","?","M","?","R","M","?","T","R","M","M","E","M","R","B",null,"M","M","M","M","?","E","R","M","E"],"character_chosen":"MARISA","items_purchased":[],"campfire_rested":0,"item_purchase_floors":[],"current_hp_per_floor":[63,63,63,63,68,68,68,58,58,58,63,69,61,56,56,48,68,50,33,23,8,8,12,12,18,0,0],"gold":578,"neow_bonus":"THREE_ENEMY_KILL","is_daily":false,"chose_seed":false,"campfire_upgraded":4,"win_rate":0.0,"timestamp":1611368073,"path_taken":["M","?","?","M","?","R","?","?","T","R","M","M","E","M","R","BOSS","M","M","M","M","?","E","R","M","E"],"items_purchased_type":[],"build_version":"2020-12-22","purchased_purges":0,"victory":false,"max_hp_per_floor":[70,70,70,70,75,75,75,75,75,75,75,75,75,75,75,75,75,75,75,75,75,75,75,75,75,75,75],"card_choices":[{"not_picked":["MilkyWay","GrandCross"],"picked":"EarthLightRay","floor":1.0},{"not_picked":["MysteriousBeam","GrandCross","ManaConvection"],"picked":"SKIP","floor":4.0},{"not_picked":["AsteroidBelt","WitchOfGreed","SporeBomb"],"picked":"SKIP","floor":7.0},{"not_picked":["ManaConvection","ShootTheMoon","EnergyFlow"],"picked":"SKIP","floor":11.0},{"not_picked":["AsteroidBelt","GalacticHalo","NonDirectionalLaser"],"picked":"SKIP","floor":12.0},{"not_picked":["GalacticHalo","FairyDestructionRay","DC"],"picked":"SKIP","floor":13.0},{"not_picked":["GrandCross","6A","DC"],"picked":"SKIP","floor":14.0},{"not_picked":["CollectingQuirk","StarDustReverie"],"picked":"UltimateShortwave","floor":16.0},{"not_picked":["LuminesStrike","UnstableBomb","WitchLeyline"],"picked":"SKIP","floor":18},{"not_picked":["LuminesStrike","UnstableBomb"],"picked":"WitchLeyline","floor":18},{"not_picked":["Occultation","DC","EarthLightRay"],"picked":"SKIP","floor":19},{"not_picked":["UnstableBomb","MachineGunSpark","AsteroidBelt"],"picked":"SKIP","floor":20},{"not_picked":["GrandCross","BinaryStars","Acceleration"],"picked":"SKIP","floor":21},{"not_picked":["DoubleSpark","WitchLeyline","ShootTheMoon"],"picked":"SKIP","floor":23},{"not_picked":["SporeBomb","NonDirectionalLaser","AsteroidBelt"],"picked":"SKIP","floor":25}],"player_experience":474082,"relics_obtained":[{"floor":9.0,"key":"Gremlin Horn"},{"floor":13.0,"key":"StoneCalendar"},{"floor":23,"key":"InkBottle"},{"floor":23,"key":"CeramicFish"}],"event_choices":[{"damage_healed":0.0,"max_hp_gain":0.0,"max_hp_loss":0.0,"gold_gain":0.0,"event_name":"Liars Game","player_choice":"Ignored","floor":2.0,"gold_loss":0.0,"damage_taken":0.0},{"cards_removed":["MasterSpark"],"damage_healed":0.0,"max_hp_gain":0.0,"max_hp_loss":0.0,"gold_gain":0.0,"event_name":"The Cleric","player_choice":"Card Removal","floor":3.0,"gold_loss":75.0,"damage_taken":0.0},{"damage_healed":0.0,"max_hp_gain":5.0,"max_hp_loss":0.0,"gold_gain":0.0,"event_name":"Big Fish","player_choice":"Donut","floor":5.0,"gold_loss":0.0,"damage_taken":0.0},{"damage_healed":0.0,"max_hp_gain":0.0,"max_hp_loss":0.0,"gold_gain":0.0,"event_name":"Dead Adventurer","player_choice":"Searched \u00272\u0027 times","floor":8.0,"gold_loss":0.0,"damage_taken":0.0,"relics_obtained":["MawBank"]},{"damage_healed":0,"gold_gain":0,"player_choice":"Obtained Relic","damage_taken":0,"relics_obtained":["REME_ArchaeologicalTools"],"max_hp_gain":0,"max_hp_loss":0,"event_name":"Addict","floor":22,"gold_loss":85}],"is_beta":false,"boss_relics":[{"not_picked":["REME_DemonsWealth","Ectoplasm"],"picked":"Black Star"}],"items_purged_floors":[],"is_endless":false,"potions_floor_spawned":[7,8,12,16,20,23,25],"killed_by":"Slavers","ascension_level":20}}