{"host":"x7xd4wkamhrqrrvw","time":1611434294,"event":{"mods":["AchievementEnabler","BaseMod","Minty Spire (QoL Compilation)","StSLib"],"gold_per_floor":[117,130,130,55,74,74,100,100,100,100,0,0,28,45,45,45,45],"floor_reached":16,"language":"ENG","playtime":645,"items_purged":["Strike_R","Strike_R"],"score":200,"play_id":"e80aac7a-72da-46c0-b192-1261b7a074df","local_time":"20210123183814","is_ascension_mode":true,"campfire_choices":[{"data":"Flame Barrier","floor":6.0,"key":"SMITH"},{"data":"Entrench","floor":10.0,"key":"SMITH"},{"data":"Clothesline","floor":12.0,"key":"SMITH"},{"data":"Metallicize","floor":15.0,"key":"SMITH"}],"circlet_count":0,"master_deck":["AscendersBane","Strike_R","Strike_R+1","Defend_R","Defend_R","Defend_R","Defend_R","Bash+1","Offering","Flame Barrier+1","Clothesline+1","Entrench+1","Metallicize+1"],"relics":["Burning Blood","Bottled Flame","Art of War","Whetstone"],"acts_visited":["Exordium"],"potions_floor_usage":[16,16],"damage_taken":[{"damage":8.0,"enemies":"2 Louse","floor":1.0,"turns":3.0},{"damage":13.0,"enemies":"Small Slimes","floor":2.0,"turns":4.0},{"damage":0.0,"enemies":"Jaw Worm","floor":5.0,"turns":6.0},{"damage":11.0,"enemies":"3 Sentries","floor":7.0,"turns":5.0},{"damage":24.0,"enemies":"Lagavulin","floor":13.0,"turns":10.0},{"damage":6.0,"enemies":"2 Fungi Beasts","floor":14.0,"turns":5.0},{"damage":38,"enemies":"Hexaghost","floor":16,"turns":16}],"seed_played":"-462464631443063368","potions_obtained":[{"floor":1.0,"key":"PowerPotion"},{"floor":2.0,"key":"Swift Potion"},{"floor":13.0,"key":"Energy Potion"}],"is_trial":false,"path_per_floor":["M","M","?","$","M","R","E","?","T","R","$","R","E","M","R","B"],"character_chosen":"IRONCLAD","items_purchased":[],"campfire_rested":0,"item_purchase_floors":[],"current_hp_per_floor":[66,59,59,59,65,65,60,53,53,53,53,53,35,35,35,0,0],"gold":45,"neow_bonus":"ONE_RANDOM_RARE_CARD","is_daily":false,"chose_seed":false,"campfire_upgraded":4,"win_rate":0.0,"timestamp":1611434294,"path_taken":["M","M","?","$","M","R","E","?","T","R","$","R","E","M","R","BOSS"],"items_purchased_type":[],"build_version":"2020-12-22","purchased_purges":2,"victory":false,"max_hp_per_floor":[75,75,75,75,75,75,75,75,75,75,75,75,75,75,75,75,75],"card_choices":[{"not_picked":["Fire Breathing","Blood for Blood"],"picked":"Flame Barrier","floor":1.0},{"not_picked":["Pummel","Body Slam"],"picked":"Clothesline","floor":2.0},{"not_picked":["Heavy Blade","Searing Blow","Iron Wave"],"picked":"SKIP","floor":5.0},{"not_picked":["Warcry","Iron Wave"],"picked":"Entrench","floor":7.0},{"not_picked":["Clothesline","Shockwave"],"picked":"Metallicize","floor":13.0},{"not_picked":["Warcry","Pommel Strike","Iron Wave"],"picked":"SKIP","floor":14.0}],"player_experience":396788,"relics_obtained":[{"floor":7.0,"key":"Bottled Flame"},{"floor":9.0,"key":"Art of War"},{"floor":13.0,"key":"Whetstone"}],"event_choices":[{"damage_healed":0.0,"max_hp_gain":0.0,"max_hp_loss":0.0,"gold_gain":0.0,"event_name":"Liars Game","player_choice":"Ignored","floor":3.0,"gold_loss":0.0,"damage_taken":0.0},{"cards_removed":["Strike_R"],"damage_healed":0.0,"max_hp_gain":0.0,"max_hp_loss":0.0,"gold_gain":0.0,"event_name":"Golden Wing","player_choice":"Card Removal","floor":8.0,"gold_loss":0.0,"damage_taken":7.0}],"is_beta":false,"boss_relics":[],"items_purged_floors":[4,11],"is_endless":false,"potions_floor_spawned":[1,2,13],"killed_by":"Hexaghost","ascension_level":17}}