{"host":"yuhibl5o0ay6idau","time":1611440892,"event":{"mods":["Act Like it!","Aspiration","BaseMod","Better Altar","Better Match","Better Note","Better Sensory Stone","Better Skull","Better Third Choice","CCEM","Colored Map","Colored Powertips","Conspire","DeckTracker","GifTheSpireLib","Highlight Path","Jedi Mod","Minty Spire (QoL Compilation)","Permanent Neow","Quick Restart","Random Character Button","Replay The Spire","StSLib","Stuff the Spire","SuperFastMode","vexMod"],"gold_per_floor":[110,128,147,72,22,22,86,148,148,183,183,183,211,230,230,252,252],"floor_reached":16,"language":"ENG","playtime":1363,"items_purged":["StuffTheSpire:ClusterCrunch"],"score":151,"play_id":"69c42c6f-14d6-440c-b053-a901f19d4e52","local_time":"20210123142812","is_ascension_mode":true,"campfire_choices":[{"data":"conspire:SpireCoStock","floor":6,"key":"SMITH"},{"data":"StuffTheSpire:BrimstoneBlast","floor":12,"key":"SMITH"},{"floor":15,"key":"REST"}],"circlet_count":0,"master_deck":["Survivor","Neutralize","ReplayTheSpireMod:Scrap Shanks","StuffTheSpire:BrimstoneBlast+1","StuffTheSpire:Python","jedi:rejectivetoxin","Tactician","Poison Darts","ReplayTheSpireMod:From All Sides","Burst","Dagger Spray","PiercingWail+1","ReplayTheSpireMod:Tripwire","conspire:SpireCoStock+1","Hidden Blade","Dodge and Roll"],"relics":["Pandora\u0027s Box","Tough Bandages","Replay:Bottled Eggs","The Courier"],"acts_visited":["Exordium"],"potions_floor_usage":[8,10,14],"damage_taken":[{"damage":12,"enemies":"Small Slimes","floor":1,"turns":2},{"damage":0,"enemies":"conspire:RoseBush","floor":2,"turns":3},{"damage":7,"enemies":"Cultist","floor":3,"turns":4},{"damage":5,"enemies":"Blue Slaver","floor":7,"turns":5},{"damage":28,"enemies":"Lagavulin","floor":8,"turns":5},{"damage":0,"enemies":"Looter","floor":10,"turns":2},{"damage":8,"enemies":"Replay:BlueRogue","floor":13,"turns":4},{"damage":0,"enemies":"Exordium Thugs","floor":14,"turns":3},{"damage":40,"enemies":"Fading Forest","floor":16,"turns":8}],"seed_played":"-4349006315929973874","potions_obtained":[{"floor":2,"key":"jedi:wingpotion"},{"floor":7,"key":"LiquidMemories"},{"floor":8,"key":"Adrenaline Potion"},{"floor":13,"key":"jedi:tentaclejuice"}],"is_trial":false,"path_per_floor":["M","M","M","$","?","R","M","E","T","M","?","R","E","M","R","B"],"character_chosen":"THE_SILENT","items_purchased":[],"campfire_rested":1,"item_purchase_floors":[],"current_hp_per_floor":[51,51,44,44,44,44,39,11,11,11,11,11,3,3,24,0,0],"gold":252,"neow_bonus":"BOSS_RELIC","is_daily":false,"chose_seed":false,"campfire_upgraded":2,"win_rate":0.0,"timestamp":1611440892,"path_taken":["M","M","M","$","?","R","M","E","T","M","?","R","E","M","R","BOSS"],"items_purchased_type":[],"build_version":"2020-12-22","purchased_purges":1,"victory":false,"max_hp_per_floor":[70,70,70,70,70,70,70,70,70,70,70,70,70,70,70,70,70],"card_choices":[{"not_picked":["Deadly Poison","StuffTheSpire:Python"],"picked":"PiercingWail","floor":1},{"not_picked":["Dagger Throw","Well Laid Plans","Quick Slash"],"picked":"SKIP","floor":2},{"not_picked":["Blade Dance","ReplayTheSpireMod:Tripwire","StuffTheSpire:DoubleShiv"],"picked":"SKIP","floor":3},{"not_picked":["Blade Dance","StuffTheSpire:DoubleShiv"],"picked":"ReplayTheSpireMod:Tripwire","floor":3},{"not_picked":["jedi:acidrain","Choke","StuffTheSpire:Shiver"],"picked":"SKIP","floor":7},{"not_picked":["Blade Dance","Expertise","Crippling Poison"],"picked":"SKIP","floor":8},{"not_picked":["StuffTheSpire:BumpUp","StuffTheSpire:Injection"],"picked":"Hidden Blade","floor":10},{"not_picked":["Fluid Movement","StuffTheSpire:Python","ReplayTheSpireMod:Necrosis"],"picked":"SKIP","floor":13},{"not_picked":["Infinite Blades","Outmaneuver"],"picked":"Dodge and Roll","floor":14}],"player_experience":464375,"relics_obtained":[{"floor":8,"key":"Tough Bandages"},{"floor":9,"key":"Replay:Bottled Eggs"},{"floor":13,"key":"The Courier"}],"event_choices":[{"damage_healed":0,"gold_gain":0,"player_choice":"Invest 1","damage_taken":0,"max_hp_gain":0,"max_hp_loss":0,"event_name":"conspire:Investor","floor":5,"gold_loss":0},{"damage_healed":11,"gold_gain":0,"player_choice":"Leave","damage_taken":0,"max_hp_gain":0,"max_hp_loss":70,"event_name":"betterThird:BetterShining","floor":11,"gold_loss":0}],"is_beta":false,"boss_relics":[],"items_purged_floors":[4],"is_endless":false,"potions_floor_spawned":[2,7,8,13],"killed_by":"Fading Forest","ascension_level":7}}