{"host":"ixtszv54kd1m8623","time":1611370251,"event":{"mods":["Act Like it!","Aspiration","Bard","BaseMod","Beaked The Cultist","ChefMod","Colored Map","Colored Powertips","Conspire","Downfall","Duelist Mod","Gensokyo","GifTheSpireLib","Halation","Hermit","Hubris","Infinite Spire","Jorbs\u0027s Wanderer Trilogy","Lobotomy","Minty Spire (QoL Compilation)","Replay The Spire","Robot Space Explorer","Shade Mod","StSLib","The Animator","The Blackbeard","The Bug Knight","The Cursed","The Disciple","The Dragon Tamer","The Marked","The Runesmith","The Servant 0.9.4"],"gold_per_floor":[99,113,124,224,238,238,314,353,374,59,59,84,6,30,45,60,60,60],"floor_reached":16,"language":"ENG","playtime":838,"items_purged":[],"score":92,"play_id":"d3f9620d-043a-4cd0-afcb-f8a9db819835","local_time":"20210122185051","is_ascension_mode":false,"campfire_choices":[{"data":"Guardian:CurlUp","floor":1,"key":"SMITH"},{"data":"Guardian:BodySlam","floor":6,"key":"SMITH"}],"circlet_count":0,"master_deck":["Guardian:Strike_Guardian","Guardian:Strike_Guardian","Guardian:Strike_Guardian","Guardian:Strike_Guardian","Guardian:Defend_Guardian","Guardian:Defend_Guardian","Guardian:Defend_Guardian","Guardian:Defend_Guardian","Guardian:CurlUp+1","Guardian:TwinSlam","Guardian:RollAttack","Guardian:BodySlam+1","Guardian:Gem_Red","Guardian:WalkerClaw","Guardian:Reroute+1","Guardian:Gem_Orange","Guardian:RefractedBeam","Guardian:PrimingBeam","Guardian:Gem_Lightblue","Guardian:BronzeOrb","Guardian:MultiBeam"],"relics":["Guardian:ModeShifter","HollowMod:StagPassRelic","halation:IllGainedPizza","Toolbox","halation:PinkSoulGem","ReplayTheSpireMod:TigerMarble"],"acts_visited":["Exordium"],"potions_floor_usage":[8,16],"damage_taken":[{"damage":3,"enemies":"Jaw Worm","floor":2,"turns":5},{"damage":0,"enemies":"Small Slimes","floor":3,"turns":3},{"damage":0,"enemies":"conspire:RoseBush","floor":5,"turns":2},{"damage":33,"enemies":"conspire:MimicChest","floor":8,"turns":8},{"damage":12,"enemies":"Blue Slaver","floor":9,"turns":2},{"damage":0,"enemies":"downfall:FleeingMerchant","floor":10,"turns":4},{"damage":10,"enemies":"downfall:FleeingMerchant","floor":13,"turns":4},{"damage":8,"enemies":"Gremlin Gang","floor":14,"turns":3},{"damage":0,"enemies":"Blue Slaver","floor":15,"turns":3},{"damage":28,"enemies":"SI_SHIV_ARCHETYPE","floor":16,"turns":3}],"seed_played":"7590313563698599494","potions_obtained":[{"floor":2,"key":"Languid Potion"},{"floor":3,"key":"Guardian:AcceleratePotion"},{"floor":14,"key":"Block Potion"},{"floor":15,"key":"sneckomod:MuddlingPotion"}],"is_trial":false,"path_per_floor":["R_BF","M","M","?","M","R","T","?","M","$","?","T","$","M","M","B"],"character_chosen":"GUARDIAN","items_purchased":["Toolbox","Guardian:Gem_Orange","Guardian:PrimingBeam","Guardian:Gem_Lightblue"],"campfire_rested":0,"item_purchase_floors":[10,10,13,13],"current_hp_per_floor":[88,85,85,85,85,85,85,52,40,40,40,40,31,23,27,0,0,0],"gold":60,"neow_bonus":"TEN_PERCENT_HP_BONUS","is_daily":false,"chose_seed":false,"campfire_upgraded":2,"win_rate":0.0,"timestamp":1611370251,"path_taken":["R_BF","M","M","?","M","R","T","?","M","$","?","?","?","?","M","BOSS"],"items_purchased_type":["Relic","Card","Card","Card"],"build_version":"2020-12-22","purchased_purges":0,"victory":false,"max_hp_per_floor":[88,88,88,88,88,88,88,88,88,88,88,88,89,89,89,89,89,89],"card_choices":[{"not_picked":["Guardian:Emergency","Guardian:PrismaticBeam"],"picked":"Guardian:RollAttack","floor":2},{"not_picked":["Guardian:PrimingBeam","Guardian:VentSteam"],"picked":"Guardian:Gem_Cyan","floor":3},{"not_picked":["Guardian:WalkerClaw","Guardian:EvasiveProtocol"],"picked":"Guardian:BodySlam","floor":5},{"not_picked":["Guardian:BronzeOrb","Guardian:ChargeCore"],"picked":"Guardian:Gem_Red","floor":8},{"not_picked":["Guardian:SentryBeam","Guardian:BodySlam"],"picked":"Guardian:WalkerClaw","floor":9},{"not_picked":["Guardian:PrimingBeam","Guardian:VentSteam"],"picked":"Guardian:Reroute","floor":10},{"not_picked":["Guardian:CrystalBeam","Guardian:PrimingBeam"],"picked":"Guardian:RefractedBeam","floor":13},{"not_picked":["Guardian:PrimingBeam","Guardian:Incinerate"],"picked":"Guardian:BronzeOrb","floor":14},{"not_picked":["Guardian:SentryBeam","Guardian:EvasiveProtocol"],"picked":"Guardian:MultiBeam","floor":15}],"player_experience":203286,"relics_obtained":[{"floor":7,"key":"HollowMod:StagPassRelic"},{"floor":8,"key":"halation:IllGainedPizza"},{"floor":12,"key":"ReplayTheSpireMod:TigerMarble"}],"event_choices":[],"is_beta":false,"boss_relics":[],"items_purged_floors":[],"is_endless":false,"potions_floor_spawned":[2,3,14,15],"killed_by":"SI_SHIV_ARCHETYPE","ascension_level":0}}