{"host":"fr3ip57hl52y255p","time":1611411467,"event":{"mods":["Act Like it!","BaseMod","Challenge The Spire","Colored Powertips","Downfall","Luminous","Mari Mod (Legacy)","Mari\u0027s V1 Patch","Minty Spire (QoL Compilation)","READ ME - Guardian Mod","Relic Stats","StSLib","The Hierophant","UnlockEverythingMod","[GremlinLeader]The Maniac"],"gold_per_floor":[99,99,99,549,549,549,549,549,549,549,549,579,579,593,609,609,609,609],"floor_reached":16,"language":"ZHS","playtime":791,"items_purged":[],"score":84,"play_id":"e9f65703-6c12-47af-a9bc-2d3adbe8b39c","local_time":"20210123221747","is_ascension_mode":false,"campfire_choices":[{"data":"bronze:Goto","floor":1.0,"key":"SMITH"},{"data":"bronze:Return","floor":6.0,"key":"SMITH"},{"data":"bronze:FineTuning","floor":9.0,"key":"SMITH"},{"data":"bronze:DelayedGuard","floor":11.0,"key":"SMITH"},{"data":"bronze:Replicate","floor":13,"key":"SMITH"}],"circlet_count":0,"master_deck":["bronze:Strike","bronze:Strike","bronze:Strike","bronze:Strike","bronze:Defend","bronze:Defend","bronze:Defend","bronze:Defend","bronze:Replicate+1","bronze:Goto+1","bronze:Return+1","bronze:DelayedGuard+1","downfall:Icky","downfall:Icky","downfall:Icky","bronze:FineTuning+1","Regret","bronze:Optimize","bronze:Repair"],"relics":["bronze:BronzeCore","downfall:HeartsMalice","Nunchaku","Strawberry"],"acts_visited":["Exordium"],"potions_floor_usage":[16,16],"damage_taken":[{"damage":0.0,"enemies":"Jaw Worm","floor":2.0,"turns":1.0},{"damage":0.0,"enemies":"2 Louse","floor":3.0,"turns":1.0},{"damage":0.0,"enemies":"Cultist","floor":8.0,"turns":1.0},{"damage":9,"enemies":"2 Fungi Beasts","floor":14,"turns":4},{"damage":40,"enemies":"3 Louse","floor":15,"turns":6},{"damage":61,"enemies":"SI_SHIV_ARCHETYPE","floor":16,"turns":10}],"seed_played":"-7285654310083846742","potions_obtained":[{"floor":5.0,"key":"SpeedPotion"},{"floor":5.0,"key":"Regen Potion"},{"floor":5.0,"key":"Fruit Juice"},{"floor":14,"key":"AttackPotion"}],"is_trial":false,"path_per_floor":["R","M","M","?","?","R","T","M","R","?","R","?","R","M","M","B"],"character_chosen":"THE_AUTOMATON","items_purchased":[],"campfire_rested":0,"item_purchase_floors":[],"current_hp_per_floor":[70,70,70,70,75,75,75,75,75,82,82,82,82,73,33,0,0,0],"gold":609,"neow_bonus":"THREE_ENEMY_KILL","is_daily":false,"chose_seed":false,"campfire_upgraded":5,"win_rate":0.0,"timestamp":1611411467,"path_taken":["R","M","M","?","?","R","T","?","R","?","R","?","R","?","M","BOSS"],"items_purchased_type":[],"build_version":"2020-12-22","purchased_purges":0,"victory":false,"max_hp_per_floor":[70,70,70,70,75,75,75,75,75,82,82,82,82,82,82,82,82,82],"relic_stats":{"Nunchaku":[3],"counters":[6,20],"obtain_stats":[{"Nunchaku":7,"bronze:BronzeCore":0,"Strawberry":10,"downfall:HeartsMalice":0},{"Nunchaku":2,"bronze:BronzeCore":0,"Strawberry":3,"downfall:HeartsMalice":0},{"Nunchaku":0,"bronze:BronzeCore":0,"Strawberry":0,"downfall:HeartsMalice":0}]},"card_choices":[{"not_picked":["bronze:BronzeOrb","bronze:OilSpill"],"picked":"bronze:Return","floor":2.0},{"not_picked":["bronze:Separator","bronze:ItsAFeature"],"picked":"bronze:DelayedGuard","floor":3.0},{"not_picked":["bronze:BitShift","bronze:DelayedSlice"],"picked":"bronze:FineTuning","floor":8.0},{"not_picked":["bronze:OilSpill","bronze:DigitalCarnage"],"picked":"bronze:Optimize","floor":14},{"not_picked":["bronze:Frontload","bronze:ForceShield"],"picked":"bronze:Repair","floor":15}],"player_experience":158273,"relics_obtained":[{"floor":7.0,"key":"Nunchaku"}],"event_choices":[{"damage_healed":0.0,"max_hp_gain":0.0,"max_hp_loss":0.0,"gold_gain":0.0,"event_name":"Lab","player_choice":"Got Potions","floor":5.0,"gold_loss":0.0,"damage_taken":0.0},{"damage_healed":0.0,"max_hp_gain":0.0,"max_hp_loss":0.0,"gold_gain":0.0,"event_name":"Big Fish","player_choice":"Box","floor":10.0,"gold_loss":0.0,"damage_taken":0.0,"relics_obtained":["Strawberry"],"cards_obtained":["Regret"]}],"is_beta":false,"boss_relics":[],"items_purged_floors":[],"is_endless":false,"potions_floor_spawned":[14],"killed_by":"SI_SHIV_ARCHETYPE","ascension_level":0}}