{"host":"yo9wwslrag05lh37","time":1611405574,"event":{"mods":["AchievementEnabler","BaseMod","Block Reminder","Colored Map","Colored Powertips","GifTheSpireLib","HexUI Lib","Highlight Path","Minty Spire (QoL Compilation)","Rare Cards Sparkle","Relic Stats","StSLib","everything is the same but u backflip on backflip"],"gold_per_floor":[119,130,130,150,162,162,195,195,195,195,195,207,236,248,248,322,322,333,10,10,10,27,58,58,76,76,93,119,119,19,53,53,53,53],"floor_reached":33,"language":"ENG","playtime":1341,"items_purged":["Dualcast","Writhe"],"score":590,"play_id":"706062b3-24e8-4df8-bffb-f9b1d05b2910","local_time":"20210123133934","is_ascension_mode":true,"campfire_choices":[{"data":"Reprogram","floor":6,"key":"SMITH"},{"data":"Hello World","floor":8,"key":"SMITH"},{"floor":10,"key":"REST"},{"data":"Recycle","floor":15,"key":"SMITH"},{"data":"Recycle","floor":24,"key":"SMITH"},{"data":"Hyperbeam","floor":29,"key":"SMITH"},{"data":"Panacea","floor":32,"key":"SMITH"}],"circlet_count":0,"master_deck":["AscendersBane","Strike_B","Strike_B","Strike_B","Strike_B","Defend_B","Defend_B","Defend_B","Defend_B","Zap+1","Cold Snap","Reprogram+1","Sweeping Beam","Hello World+1","Rebound","Beam Cell","Auto Shields","Recycle+1","Hyperbeam+1","Hologram+1","Panacea+1","Melter","Recycle+1","Gash+1"],"relics":["Cracked Core","Mercury Hourglass","Meat on the Bone","Anchor","DataDisk","Cursed Key","TheAbacus","Blood Vial","Molten Egg 2","Red Mask","Singing Bowl"],"acts_visited":["Exordium","TheCity"],"potions_floor_usage":[7,18,23,28,33,33],"damage_taken":[{"damage":7,"enemies":"Jaw Worm","floor":1,"turns":3},{"damage":0,"enemies":"Cultist","floor":2,"turns":3},{"damage":3,"enemies":"Small Slimes","floor":4,"turns":3},{"damage":13,"enemies":"Exordium Thugs","floor":5,"turns":5},{"damage":51,"enemies":"Lagavulin","floor":7,"turns":9},{"damage":2,"enemies":"Lots of Slimes","floor":12,"turns":2},{"damage":11,"enemies":"Gremlin Nob","floor":13,"turns":3},{"damage":1,"enemies":"Looter","floor":14,"turns":2},{"damage":20,"enemies":"The Guardian","floor":16,"turns":9},{"damage":10,"enemies":"Shell Parasite","floor":18,"turns":4},{"damage":0,"enemies":"2 Thieves","floor":22,"turns":2},{"damage":19,"enemies":"Book of Stabbing","floor":23,"turns":5},{"damage":14,"enemies":"Cultist and Chosen","floor":25,"turns":4},{"damage":25,"enemies":"Snake Plant","floor":27,"turns":4},{"damage":0,"enemies":"Masked Bandits","floor":28,"turns":2},{"damage":14,"enemies":"Gremlin Leader","floor":31,"turns":5},{"damage":45,"enemies":"Collector","floor":33,"turns":7}],"seed_played":"4735455222742138787","potions_obtained":[{"floor":2,"key":"SkillPotion"},{"floor":3,"key":"FairyPotion"},{"floor":5,"key":"DuplicationPotion"},{"floor":16,"key":"Fire Potion"},{"floor":18,"key":"GamblersBrew"},{"floor":27,"key":"EssenceOfSteel"},{"floor":31,"key":"Block Potion"}],"is_trial":false,"path_per_floor":["M","M","?","M","M","R","E","R","T","R","T","M","E","M","R","B",null,"M","$","?","$","M","E","R","M","T","M","?","R","$","E","R","B"],"character_chosen":"DEFECT","items_purchased":["Panacea","TheAbacus"],"campfire_rested":1,"item_purchase_floors":[19,19],"current_hp_per_floor":[57,57,57,54,41,41,21,21,21,42,42,40,41,40,40,32,61,51,51,39,39,39,32,32,32,32,21,35,35,35,37,37,0,0],"gold":53,"neow_bonus":"UPGRADE_CARD","is_daily":false,"chose_seed":false,"campfire_upgraded":6,"win_rate":0.0,"timestamp":1611405574,"path_taken":["M","M","?","?","M","R","E","R","T","R","?","M","E","M","R","BOSS","M","$","?","?","M","E","R","?","T","M","?","R","$","E","R","BOSS"],"items_purchased_type":["Card","Relic"],"build_version":"2020-12-22","purchased_purges":2,"victory":false,"max_hp_per_floor":[71,71,71,71,71,71,71,71,71,71,71,71,71,71,71,71,71,71,71,71,71,71,71,71,71,71,71,71,71,71,73,73,73,73],"relic_stats":{"Blood Vial":10,"TheAbacus":[12],"Singing Bowl":2,"counters":[17,72],"Cursed Key":1,"obtain_stats":[{"Blood Vial":23,"Anchor":11,"DataDisk":13,"TheAbacus":19,"Singing Bowl":31,"Molten Egg 2":26,"Red Mask":28,"Cracked Core":0,"Cursed Key":17,"Mercury Hourglass":7,"Meat on the Bone":9},{"Blood Vial":12,"Anchor":5,"DataDisk":7,"TheAbacus":10,"Singing Bowl":16,"Molten Egg 2":13,"Red Mask":15,"Cracked Core":0,"Cursed Key":9,"Mercury Hourglass":5,"Meat on the Bone":5},{"Blood Vial":50,"Anchor":23,"DataDisk":28,"TheAbacus":43,"Singing Bowl":65,"Molten Egg 2":54,"Red Mask":60,"Cracked Core":0,"Cursed Key":39,"Mercury Hourglass":23,"Meat on the Bone":23}],"Mercury Hourglass":[220],"Meat on the Bone":84},"card_choices":[{"not_picked":["Skim","Leap"],"picked":"Cold Snap","floor":1},{"not_picked":["Rebound","Redo"],"picked":"Reprogram","floor":2},{"not_picked":["Compile Driver","Turbo"],"picked":"Sweeping Beam","floor":4},{"not_picked":["Loop","Cold Snap"],"picked":"Hello World","floor":5},{"not_picked":["Thunder Strike","Turbo"],"picked":"Rebound","floor":7},{"not_picked":["Steam","Conserve Battery"],"picked":"Beam Cell","floor":12},{"not_picked":["Leap","Ball Lightning"],"picked":"Auto Shields","floor":13},{"not_picked":["Redo","Stack"],"picked":"Recycle","floor":14},{"not_picked":["Rainbow","Reboot"],"picked":"Hyperbeam","floor":16},{"not_picked":["Skim","Ball Lightning"],"picked":"Hologram+1","floor":18},{"not_picked":["Conserve Battery","Compile Driver+1"],"picked":"Melter","floor":22},{"not_picked":["Force Field","Stack"],"picked":"Recycle","floor":23},{"not_picked":["Tempest","Aggregate","Heatsinks"],"picked":"SKIP","floor":25},{"not_picked":["Auto Shields","Turbo","Darkness"],"picked":"SKIP","floor":27},{"not_picked":["Rip and Tear+1","Hello World"],"picked":"Gash+1","floor":28},{"not_picked":["Loop","Redo+1","Stack"],"picked":"Singing Bowl","floor":31}],"player_experience":1523031,"relics_obtained":[{"floor":7,"key":"Mercury Hourglass"},{"floor":9,"key":"Meat on the Bone"},{"floor":11,"key":"Anchor"},{"floor":13,"key":"DataDisk"},{"floor":23,"key":"Blood Vial"},{"floor":26,"key":"Molten Egg 2"},{"floor":28,"key":"Red Mask"},{"floor":31,"key":"Singing Bowl"}],"event_choices":[{"damage_healed":0,"gold_gain":0,"player_choice":"Got Potions","damage_taken":0,"max_hp_gain":0,"max_hp_loss":0,"event_name":"Lab","floor":3,"gold_loss":0},{"damage_healed":0,"gold_gain":0,"player_choice":"POTION ","damage_taken":12,"max_hp_gain":0,"max_hp_loss":0,"event_name":"Knowing Skull","floor":20,"potions_obtained":["ColorlessPotion"],"gold_loss":0,"cards_obtained":[]},{"damage_healed":0,"gold_gain":0,"player_choice":"Fought Bandits","damage_taken":0,"max_hp_gain":0,"max_hp_loss":0,"event_name":"Masked Bandits","floor":28,"gold_loss":0}],"is_beta":false,"boss_relics":[{"not_picked":["Coffee Dripper","SacredBark"],"picked":"Cursed Key"}],"items_purged_floors":[19,30],"is_endless":false,"potions_floor_spawned":[2,5,16,18,27,31],"killed_by":"Collector","ascension_level":20}}