{"host":"i12146r8rqb6k94u","time":1611404831,"event":{"mods":["Astrologer","BaseMod","Beaked The Cultist","CapriCore","Colored Powertips","GifTheSpireLib","Hero for Fun","Highlight Path","Ironclad Rager","Lobotomy","LobotomyExtend","Minty Spire (QoL Compilation)","Quick Restart","StSLib","The Cursed","The Immortal","Waifu the Spire"],"gold_per_floor":[109,109,119,119,132,166,166,166,189,215,225,260,276,294,294,391,391,404,422,121,141,165,165,190,205,252,252,283,283,283,297,297,399,399,419,49,60,78,78,108,122,157,157,191,207,61,61,61,61,61,61],"floor_reached":52,"language":"JPN","playtime":1542,"items_purged":[],"score":1125,"play_id":"a450638a-a7ce-4c4d-a2de-4b7eddbde9b9","local_time":"20210123212711","is_ascension_mode":true,"campfire_choices":[{"data":"TheCursedMod:CircleOfWindfury","floor":15,"key":"SMITH"},{"data":"TheCursedMod:CursedRelics","floor":23,"key":"SMITH"},{"data":"TheCursedMod:SpitefulStrike","floor":27,"key":"SMITH"},{"data":"TheCursedMod:NeowsMight","floor":30,"key":"SMITH"},{"data":"TheCursedMod:SpitefulPray","floor":32,"key":"SMITH"},{"data":"TheCursedMod:StunningStrike","floor":49,"key":"SMITH"}],"circlet_count":0,"master_deck":["TheCursedMod:Strike_TheCursed","TheCursedMod:CleanUpWorkshop","TheCursedMod:SpitefulStrike+1","TheCursedMod:TacticalStrike","TheCursedMod:FuryStrike","TheCursedMod:FuryStrike","TheCursedMod:CircleOfWindfury","TheCursedMod:CursedSpellbook+1","TheCursedMod:StunningStrike+1","TheCursedMod:NeowsMight+1","TheCursedMod:VitalStrike","TheCursedMod:CircleOfWindfury+1","TheCursedMod:TacticalStrike","TheCursedMod:CircleOfFlame+1","TheCursedMod:SpitefulPray+1","TheCursedMod:CursedRelics+1","TheCursedMod:NeowsMight+1","TheCursedMod:SurpriseAttack","TheCursedMod:Wield+1","TheCursedMod:CircleOfFlame+1","TheCursedMod:StunningStrike+1","TheCursedMod:CursedSpellbook","TheCursedMod:SpitefulStrike","TheCursedMod:CursedShiv+1"],"relics":["TheCursedMod:FourLeafCloverCharm","LetterFromLob","Tiny Chest","HonorFeather","Anchor","Lantern","Bronze Scales","SlaversCollar","Centennial Puzzle","War Paint","Blood Vial","Omamori","Nunchaku","Singing Bowl","Ornamental Fan","Sozu","TheCursedMod:MagicCandle","Darkstone Periapt","Bag of Preparation","Mummified Hand","beaked:ShinyBauble","Oddly Smooth Stone","Frozen Egg 2"],"acts_visited":["Exordium","TheCity","TheBeyond"],"potions_floor_usage":[14,14,14,35],"damage_taken":[{"damage":0,"enemies":"Cultist","floor":1,"turns":1},{"damage":0,"enemies":"Small Slimes","floor":3,"turns":1},{"damage":0,"enemies":"2 Louse","floor":5,"turns":1},{"damage":0,"enemies":"Gremlin Nob","floor":6,"turns":1},{"damage":0,"enemies":"2 Fungi Beasts","floor":7,"turns":2},{"damage":3,"enemies":"3 Sentries","floor":10,"turns":3},{"damage":0,"enemies":"2 Fungi Beasts","floor":11,"turns":1},{"damage":0,"enemies":"Lagavulin","floor":12,"turns":2},{"damage":12,"enemies":"Lots of Slimes","floor":13,"turns":2},{"damage":0,"enemies":"Red Slaver","floor":14,"turns":1},{"damage":4,"enemies":"Hexaghost","floor":16,"turns":3},{"damage":0,"enemies":"Shell Parasite","floor":18,"turns":1},{"damage":0,"enemies":"Chosen","floor":19,"turns":1},{"damage":0,"enemies":"Shelled Parasite and Fungi","floor":21,"turns":2},{"damage":0,"enemies":"Slavers","floor":24,"turns":1},{"damage":0,"enemies":"Snecko","floor":25,"turns":1},{"damage":0,"enemies":"Gremlin Leader","floor":28,"turns":2},{"damage":6,"enemies":"Snake Plant","floor":31,"turns":2},{"damage":4,"enemies":"Champ","floor":33,"turns":3},{"damage":0,"enemies":"Orb Walker","floor":35,"turns":1},{"damage":0,"enemies":"3 Shapes","floor":37,"turns":1},{"damage":0,"enemies":"3 Darklings","floor":38,"turns":1},{"damage":0,"enemies":"Nemesis","floor":40,"turns":2},{"damage":0,"enemies":"Jaw Worm Horde","floor":41,"turns":2},{"damage":0,"enemies":"Giant Head","floor":42,"turns":1},{"damage":0,"enemies":"Nemesis","floor":44,"turns":1},{"damage":0,"enemies":"4 Shapes","floor":45,"turns":1},{"damage":24,"enemies":"Awakened One","floor":50,"turns":4}],"seed_played":"8947623297140422987","potions_obtained":[{"floor":3,"key":"ColorlessPotion"},{"floor":5,"key":"SpeedPotion"},{"floor":11,"key":"LiquidMemories"},{"floor":12,"key":"CultistPotion"},{"floor":24,"key":"LiquidMemories"},{"floor":25,"key":"SpeedPotion"},{"floor":31,"key":"Strength Potion"}],"is_trial":false,"path_per_floor":["M","$","M","?","M","E","M","?","T","E","M","E","M","M","R","B",null,"M","M","$","M","T","R","E","M","T","R","E","T","R","M","R","B",null,"M","$","M","M","?","E","M","E","T","E","M","$","?","T","R","B",null,null],"character_chosen":"THE_CURSED","items_purchased":["Centennial Puzzle","War Paint","TheCursedMod:MagicCandle","TheCursedMod:CursedSpellbook","Oddly Smooth Stone"],"campfire_rested":0,"item_purchase_floors":[20,20,36,36,46],"current_hp_per_floor":[54,54,54,54,54,54,75,75,75,72,72,72,60,60,75,71,75,75,75,75,75,75,75,75,75,75,75,77,77,77,71,77,73,77,79,79,81,83,83,83,83,85,85,87,89,89,85,85,85,61,61],"gold":61,"neow_bonus":"THREE_RARE_CARDS","is_daily":false,"chose_seed":false,"campfire_upgraded":6,"win_rate":0.0,"timestamp":1611404831,"path_taken":["M","?","M","?","M","E","M","?","T","E","M","E","M","M","R","BOSS","M","M","$","?","?","R","E","M","T","R","E","?","R","M","R","BOSS","M","?","M","M","?","E","M","E","T","E","M","$","?","?","R","BOSS"],"items_purchased_type":["Relic","Relic","Relic","Card","Relic"],"build_version":"2020-12-22","purchased_purges":0,"victory":true,"max_hp_per_floor":[75,75,75,75,75,75,75,75,75,75,75,75,75,75,75,75,75,75,75,75,75,75,75,75,75,75,75,77,77,77,77,77,77,77,79,79,81,83,83,83,83,85,85,87,89,89,85,85,85,85,85],"card_choices":[{"not_picked":["TheCursedMod:DemonSword","TheCursedMod:ManaCirculation"],"picked":"TheCursedMod:NeowsMight","floor":0},{"not_picked":["TheCursedMod:Stretching","TheCursedMod:Stigma","TheCursedMod:Evocation"],"picked":"SKIP","floor":1},{"not_picked":["TheCursedMod:CursedBoomerang","TheCursedMod:Wield"],"picked":"TheCursedMod:VitalStrike","floor":3},{"not_picked":["TheCursedMod:CircleOfCorruption","TheCursedMod:RavingStaff"],"picked":"TheCursedMod:CircleOfWindfury","floor":5},{"not_picked":["TheCursedMod:SurpriseAttack","TheCursedMod:FleshFromBone","TheCursedMod:SmokeScreen"],"picked":"SKIP","floor":6},{"not_picked":["TheCursedMod:HellsGateOpen","TheCursedMod:DoubleShield"],"picked":"TheCursedMod:TacticalStrike","floor":10},{"not_picked":["TheCursedMod:SpitefulPlan","TheCursedMod:FleshFromBone","TheCursedMod:CircleOfFocus"],"picked":"SKIP","floor":11},{"not_picked":["TheCursedMod:Evocation","TheCursedMod:SpreadPlague"],"picked":"TheCursedMod:CircleOfFlame","floor":12},{"not_picked":["TheCursedMod:SpitefulStrike","TheCursedMod:TacticalStrike"],"picked":"TheCursedMod:SpitefulPray","floor":13},{"not_picked":["TheCursedMod:RavingStaff","TheCursedMod:LuckyCharm"],"picked":"TheCursedMod:CursedRelics","floor":14},{"not_picked":["TheCursedMod:Neurasthenia","TheCursedMod:AntiAging"],"picked":"TheCursedMod:NeowsMight","floor":16},{"not_picked":["TheCursedMod:Stretching","TheCursedMod:Stigma"],"picked":"TheCursedMod:SurpriseAttack","floor":18},{"not_picked":["TheCursedMod:AshesToAshes+1","TheCursedMod:SmokeScreen","TheCursedMod:Mangle"],"picked":"SKIP","floor":19},{"not_picked":["TheCursedMod:FleshFromBone","TheCursedMod:CircleOfCorruption"],"picked":"TheCursedMod:Wield+1","floor":21},{"not_picked":["TheCursedMod:UltimatePain","TheCursedMod:CursedMace","TheCursedMod:Hemoplague"],"picked":"SKIP","floor":24},{"not_picked":["TheCursedMod:Stretching","TheCursedMod:CircleOfFocus+1","TheCursedMod:Wield+1"],"picked":"SKIP","floor":25},{"not_picked":["TheCursedMod:Stretching","TheCursedMod:SpreadPlague+1","TheCursedMod:BlessingInDisguise"],"picked":"Singing Bowl","floor":28},{"not_picked":["TheCursedMod:Obscuration","TheCursedMod:Stigma"],"picked":"TheCursedMod:CircleOfFlame+1","floor":31},{"not_picked":["TheCursedMod:ParallelWorld","TheCursedMod:CircleOfAbyss"],"picked":"TheCursedMod:StunningStrike","floor":33},{"not_picked":["TheCursedMod:DoubleShield","TheCursedMod:BloodBarrier+1","TheCursedMod:BlessingInDisguise"],"picked":"Singing Bowl","floor":35},{"not_picked":["TheCursedMod:VitalStrike+1","TheCursedMod:AbyssShockwave+1","TheCursedMod:CursedShiv+1"],"picked":"Singing Bowl","floor":37},{"not_picked":["TheCursedMod:CircleOfFlame","TheCursedMod:RavingStaff","TheCursedMod:Obscuration"],"picked":"Singing Bowl","floor":38},{"not_picked":["TheCursedMod:RavingStaff+1","TheCursedMod:HellfireBreathing+1"],"picked":"TheCursedMod:SpitefulStrike","floor":40},{"not_picked":["TheCursedMod:CursedBlade+1","TheCursedMod:AshesToAshes+1"],"picked":"TheCursedMod:CursedShiv+1","floor":41},{"not_picked":["TheCursedMod:RavingStaff+1","TheCursedMod:CursedBlade+1","TheCursedMod:SurpriseAttack+1"],"picked":"Singing Bowl","floor":42},{"not_picked":["TheCursedMod:RavingStaff","TheCursedMod:CursedStaff+1","TheCursedMod:SurpriseAttack+1"],"picked":"Singing Bowl","floor":44},{"not_picked":["TheCursedMod:Obscuration+1","TheCursedMod:RavingStaff+1","TheCursedMod:SurpriseAttack"],"picked":"Singing Bowl","floor":45}],"player_experience":290333,"relics_obtained":[{"floor":1,"key":"LetterFromLob"},{"floor":6,"key":"Tiny Chest"},{"floor":9,"key":"Anchor"},{"floor":10,"key":"Lantern"},{"floor":12,"key":"Bronze Scales"},{"floor":22,"key":"Blood Vial"},{"floor":24,"key":"Omamori"},{"floor":26,"key":"Nunchaku"},{"floor":28,"key":"Singing Bowl"},{"floor":29,"key":"Ornamental Fan"},{"floor":40,"key":"Darkstone Periapt"},{"floor":42,"key":"Bag of Preparation"},{"floor":43,"key":"Mummified Hand"},{"floor":44,"key":"beaked:ShinyBauble"},{"floor":48,"key":"Frozen Egg 2"}],"event_choices":[{"damage_healed":0,"gold_gain":0,"player_choice":"Forge","damage_taken":0,"max_hp_gain":0,"max_hp_loss":0,"event_name":"Accursed Blacksmith","floor":8,"gold_loss":0,"cards_upgraded":["TheCursedMod:StunningStrike"]},{"cards_removed":["TheCursedMod:VitalStrike"],"damage_healed":0,"gold_gain":0,"player_choice":"Removed Attack","damage_taken":0,"max_hp_gain":0,"max_hp_loss":0,"event_name":"Falling","floor":39,"gold_loss":0},{"damage_healed":0,"gold_gain":0,"player_choice":"Max HP","damage_taken":0,"max_hp_gain":0,"max_hp_loss":4,"event_name":"Winding Halls","floor":47,"gold_loss":0}],"is_beta":false,"boss_relics":[{"not_picked":["Busted Crown","Snecko Eye"],"picked":"SlaversCollar"},{"not_picked":["Tiny House","Black Star"],"picked":"Sozu"}],"items_purged_floors":[],"is_endless":false,"potions_floor_spawned":[3,5,11,12,24,25,31,33,35,38,42],"ascension_level":2}}