{"host":"kiczkwpc36uxnkg8","time":1611435732,"event":{"mods":["AchievementEnabler","Act Like it!","Aspiration","BaseMod","Colored Powertips","Energized Spire","GifTheSpireLib","Hubris","Infinite Spire","Koishi","Minty Spire (QoL Compilation)","Pale of the Ancients","Permanent Neow","Quick Restart","Relic Filter","Remilia??????","Replay The Spire","Spicy Shops","StSLib","Stuff the Spire","The Bug Knight","The Servant 0.9.4","Wandering Minibosses"],"gold_per_floor":[18,29,48,48,48,48,66,66,66,66,85,110,121,131,131,131,131],"floor_reached":16,"language":"ENG","playtime":799,"items_purged":["Strike_S","Strike_S"],"score":109,"play_id":"ad3e5d5d-75da-4e6f-b855-0a8791030eb2","local_time":"20210123210212","is_ascension_mode":true,"campfire_choices":[{"data":"KidneyShot","floor":6,"key":"SMITH"},{"floor":10,"key":"REST"},{"floor":15,"key":"REST"}],"circlet_count":0,"master_deck":["Strike_S","Defend_S","Defend_S","Defend_S","KidneyShot+1","Exchange","Moonlight+1","WasteNot"],"relics":["Uniform","StuffTheSpire:Mouthbags","aspiration:FrozenJewel","Iron Hammer"],"acts_visited":["Exordium"],"potions_floor_usage":[11,16,16],"damage_taken":[{"damage":12,"enemies":"infinitespire:Voidling","floor":1,"turns":7},{"damage":0,"enemies":"Cultist","floor":2,"turns":3},{"damage":1,"enemies":"Jaw Worm","floor":3,"turns":3},{"damage":5,"enemies":"Large Slime","floor":7,"turns":4},{"damage":4,"enemies":"Exordium Wildlife","floor":11,"turns":3},{"damage":32,"enemies":"Lagavulin","floor":12,"turns":11},{"damage":0,"enemies":"Lots of Slimes","floor":13,"turns":5},{"damage":0,"enemies":"Large Slime","floor":14,"turns":4},{"damage":31,"enemies":"Slime Boss","floor":16,"turns":10}],"seed_played":"4670805400591526989","potions_obtained":[{"floor":2,"key":"Weak Potion"},{"floor":11,"key":"Energy Potion"},{"floor":12,"key":"Adrenaline Potion"},{"floor":13,"key":"SteroidPotion"}],"is_trial":false,"path_per_floor":["M","M","M","$","?","R","M","$","T","R","M","E","M","M","R","B"],"character_chosen":"THE_SERVANT","items_purchased":["StuffTheSpire:Mouthbags"],"campfire_rested":2,"item_purchase_floors":[8],"current_hp_per_floor":[53,53,52,52,52,52,47,25,25,44,40,8,8,8,27,0,0],"gold":131,"neow_bonus":"REMOVE_TWO","is_daily":false,"chose_seed":false,"campfire_upgraded":1,"win_rate":0.0,"timestamp":1611435732,"path_taken":["M","M","?","$","?","R","M","?","T","R","M","E","M","M","R","BOSS"],"items_purchased_type":["Relic"],"build_version":"2020-12-22","purchased_purges":2,"victory":false,"max_hp_per_floor":[65,65,65,65,65,65,65,65,65,65,65,65,65,65,65,65,65],"card_choices":[{"not_picked":["Gouge","FastForward"],"picked":"Moonlight","floor":1},{"not_picked":["Desolation","BestPractice","Unruled"],"picked":"SKIP","floor":2},{"not_picked":["Foresight","Collapse","TimeWarp"],"picked":"SKIP","floor":3},{"not_picked":["Gouge","Read","Replace"],"picked":"SKIP","floor":7},{"not_picked":["BottledTime","ShatteredReality","Collapse"],"picked":"SKIP","floor":11},{"not_picked":["Replace","Reset"],"picked":"WasteNot","floor":12},{"not_picked":["Defy","Replace","Foresight"],"picked":"SKIP","floor":13},{"not_picked":["Alleviate","Gouge","Unruled"],"picked":"SKIP","floor":14}],"player_experience":624967,"relics_obtained":[{"floor":9,"key":"aspiration:FrozenJewel"},{"floor":12,"key":"Iron Hammer"}],"event_choices":[{"damage_healed":0,"gold_gain":0,"player_choice":"Forge","damage_taken":0,"max_hp_gain":0,"max_hp_loss":0,"event_name":"Accursed Blacksmith","floor":5,"gold_loss":0,"cards_upgraded":["Moonlight"]}],"is_beta":false,"boss_relics":[],"items_purged_floors":[8,8],"is_endless":false,"potions_floor_spawned":[2,11,12,13],"killed_by":"Slime Boss","ascension_level":1}}