{"host":"skx52d3x4g37h2em","time":1611443747,"event":{"mods":["Act Like it!","BaseMod","Colored Map","Downfall","Highlight Path","Minty Spire (QoL Compilation)","Quick Restart","Relic Sorter","Replay The Spire","StSLib"],"gold_per_floor":[99,118,137,156,168,180,180,198,198,198,198,215,215,230,246,246,246,246],"floor_reached":16,"language":"ENG","playtime":891,"items_purged":[],"score":98,"play_id":"c2e19465-e1aa-4cc4-9765-226896dcdb35","local_time":"20210124021547","is_ascension_mode":false,"campfire_choices":[],"circlet_count":0,"master_deck":["Guardian:Strike_Guardian+1","Guardian:Strike_Guardian+1","Guardian:Strike_Guardian","Guardian:Strike_Guardian","Guardian:Defend_Guardian","Guardian:Defend_Guardian","Guardian:Defend_Guardian","Guardian:Defend_Guardian","Guardian:CurlUp","Guardian:TwinSlam","Guardian:Gem_Yellow","Guardian:Gem_Blue","Guardian:ShieldCharger","Guardian:ShieldCharger+1","Guardian:TemporalStrike","Guardian:TemporalShield","Guardian:ExploitGems","Guardian:Gem_Orange","Guardian:Gem_Green","downfall:Malfunctioning","Guardian:Gem_Orange","Guardian:Gem_Green","Guardian:CrystalBeam","Guardian:Gem_White","Guardian:ArmoredProtocol"],"relics":["Guardian:ModeShifter","Guardian:PickAxe","Matryoshka"],"acts_visited":["Exordium"],"potions_floor_usage":[16],"damage_taken":[{"damage":9,"enemies":"Lots of Slimes","floor":1,"turns":8},{"damage":1,"enemies":"2 Louse","floor":2,"turns":3},{"damage":6,"enemies":"Cultist","floor":3,"turns":5},{"damage":3,"enemies":"Small Slimes","floor":4,"turns":5},{"damage":0,"enemies":"3 Louse","floor":5,"turns":6},{"damage":19,"enemies":"Large Slime","floor":6,"turns":11},{"damage":3,"enemies":"Red Slaver","floor":8,"turns":6},{"damage":8,"enemies":"Lots of Slimes","floor":12,"turns":7},{"damage":10,"enemies":"Large Slime","floor":14,"turns":9},{"damage":10,"enemies":"3 Louse","floor":15,"turns":6},{"damage":4,"enemies":"WA_ARCHETYPE_RETAIN","floor":16,"turns":1}],"seed_played":"1780401882879780801","potions_obtained":[{"floor":2,"key":"PowerPotion"},{"floor":3,"key":"LiquidBronze"},{"floor":5,"key":"Strength Potion"}],"is_trial":false,"path_per_floor":["R_BF","M","M","M","M","M","T","M","R","?","R","M","?","M","M","B"],"character_chosen":"GUARDIAN","items_purchased":[],"campfire_rested":0,"item_purchase_floors":[],"current_hp_per_floor":[61,60,54,51,51,32,32,29,29,29,29,21,21,11,1,0,0,0],"gold":246,"neow_bonus":"TEN_PERCENT_HP_BONUS","is_daily":false,"chose_seed":false,"campfire_upgraded":0,"win_rate":0.0,"timestamp":1611443747,"path_taken":["R_BF","M","M","M","M","M","T","M","R","?","R","M","?","M","M","BOSS"],"items_purchased_type":[],"build_version":"2020-12-22","purchased_purges":0,"victory":false,"max_hp_per_floor":[88,88,88,88,88,88,88,88,88,88,88,88,88,88,88,88,88,88],"card_choices":[{"not_picked":["Guardian:BodySlam","Guardian:Recover"],"picked":"Guardian:ShieldCharger","floor":2},{"not_picked":["Guardian:ArmoredProtocol","Guardian:Gem_Red"],"picked":"Guardian:Gem_White","floor":3},{"not_picked":["Guardian:PiercingHide","Guardian:PrimingBeam"],"picked":"Guardian:ShieldCharger","floor":4},{"not_picked":["Guardian:Suspension","Guardian:BronzeArmor"],"picked":"Guardian:TemporalStrike","floor":5},{"not_picked":["Guardian:Gem_Green","Guardian:WalkerClaw"],"picked":"Guardian:TemporalShield","floor":6},{"not_picked":["Guardian:EvasiveProtocol","Guardian:Planning"],"picked":"Guardian:ExploitGems","floor":8},{"not_picked":["Guardian:RollAttack","Guardian:Gem_Cyan"],"picked":"Guardian:CrystalBeam","floor":12},{"not_picked":["Guardian:GuardianWhirl","Guardian:Gem_Purple"],"picked":"Guardian:Gem_White","floor":14},{"not_picked":["Guardian:Gem_Green","Guardian:PrimingBeam"],"picked":"Guardian:ArmoredProtocol","floor":15}],"player_experience":142498,"relics_obtained":[{"floor":7,"key":"Matryoshka"}],"event_choices":[{"damage_healed":0,"gold_gain":0,"player_choice":"Ignored","damage_taken":0,"max_hp_gain":0,"max_hp_loss":0,"event_name":"NoteForYourself","floor":13,"gold_loss":0}],"is_beta":false,"boss_relics":[],"items_purged_floors":[],"is_endless":false,"potions_floor_spawned":[2,3,5,8,12],"killed_by":"WA_ARCHETYPE_RETAIN","ascension_level":0}}