{"host":"Rowan","time":1611374152,"event":{"mods":["BaseMod","Minty Spire (QoL Compilation)"],"gold_per_floor":[116,136,154,8,0,31,31,31,31,31,21,39,39,9,9,9,9],"floor_reached":16,"language":"ENG","playtime":1044,"items_purged":[],"score":100,"play_id":"746c4815-2e5c-49f3-ae7b-500ce1dd4eef","local_time":"20210122195552","is_ascension_mode":false,"campfire_choices":[{"floor":7,"key":"RECALL"},{"data":"Catalyst","floor":13,"key":"SMITH"},{"floor":15,"key":"REST"}],"circlet_count":0,"master_deck":["Strike_G","Strike_G","Strike_G","Strike_G","Strike_G","Defend_G","Defend_G","Defend_G","Defend_G","Defend_G","Survivor","Neutralize","Backflip","Accuracy","Slice","Burst","Bouncing Flask","Catalyst+1","Footwork"],"relics":["SacredBark","HandDrill","The Courier","Golden Idol"],"acts_visited":["Exordium"],"potions_floor_usage":[16,16],"damage_taken":[{"damage":0,"enemies":"2 Louse","floor":1,"turns":5},{"damage":0,"enemies":"Small Slimes","floor":2,"turns":4},{"damage":4,"enemies":"Jaw Worm","floor":3,"turns":8},{"damage":22,"enemies":"3 Sentries","floor":6,"turns":16},{"damage":3,"enemies":"Exordium Thugs","floor":11,"turns":6},{"damage":4,"enemies":"2 Fungi Beasts","floor":12,"turns":4},{"damage":0,"enemies":"Looter","floor":14,"turns":4},{"damage":59,"enemies":"Slime Boss","floor":16,"turns":12}],"seed_played":"8311840812856771140","potions_obtained":[{"floor":1,"key":"SpeedPotion"},{"floor":6,"key":"Dexterity Potion"},{"floor":11,"key":"DuplicationPotion"}],"is_trial":false,"path_per_floor":["M","M","M","$","?","E","R","?","T","?","M","M","R","M","R","B"],"character_chosen":"THE_SILENT","items_purchased":["HandDrill"],"campfire_rested":1,"item_purchase_floors":[4],"current_hp_per_floor":[70,70,66,66,66,44,44,44,44,37,34,30,30,30,51,0,0],"gold":9,"neow_bonus":"BOSS_RELIC","is_daily":false,"chose_seed":false,"campfire_upgraded":1,"win_rate":0.0,"timestamp":1611374152,"path_taken":["M","M","M","$","?","E","R","?","T","?","M","M","R","M","R","BOSS"],"items_purchased_type":["Relic"],"build_version":"2020-12-18","purchased_purges":0,"victory":false,"max_hp_per_floor":[70,70,70,70,70,70,70,70,70,70,70,70,70,70,70,70,70],"card_choices":[{"not_picked":["Eviscerate","Prepared"],"picked":"Backflip","floor":1},{"not_picked":["PiercingWail","Dodge and Roll"],"picked":"Accuracy","floor":2},{"not_picked":["Acrobatics","Dagger Throw"],"picked":"Slice","floor":3},{"not_picked":["Bane","Endless Agony"],"picked":"Burst","floor":6},{"not_picked":["Dagger Throw","Acrobatics"],"picked":"Bouncing Flask","floor":11},{"not_picked":["Backflip","Deadly Poison"],"picked":"Catalyst","floor":12},{"not_picked":["Riddle With Holes","Malaise"],"picked":"Footwork","floor":14}],"player_experience":397214,"relics_obtained":[{"floor":6,"key":"The Courier"}],"event_choices":[{"damage_healed":0,"gold_gain":0,"player_choice":"Left Gold","damage_taken":0,"max_hp_gain":0,"max_hp_loss":0,"event_name":"World of Goop","floor":5,"gold_loss":8},{"damage_healed":0,"gold_gain":0,"player_choice":"Take Wound","damage_taken":0,"relics_obtained":["Golden Idol"],"max_hp_gain":0,"max_hp_loss":0,"event_name":"Golden Idol","floor":8,"gold_loss":0,"cards_obtained":["Injury"]},{"cards_removed":["Injury"],"damage_healed":0,"gold_gain":0,"player_choice":"Card Removal","damage_taken":7,"max_hp_gain":0,"max_hp_loss":0,"event_name":"Golden Wing","floor":10,"gold_loss":0}],"is_beta":true,"boss_relics":[],"items_purged_floors":[],"is_endless":false,"potions_floor_spawned":[1,6,11],"killed_by":"Slime Boss","ascension_level":0}}