{"host":"yvb207ks1sg3cxef","time":1611397712,"event":{"mods":["2.2 Compatiblity","BaseMod","Bestiary","Colored Powertips","Minty Spire (QoL Compilation)","Permanent Neow","Quick Restart","Relic Stats","StSLib"],"gold_per_floor":[112,112,37,52,65,65,92,92,92,125,16,16,16],"floor_reached":12,"language":"ENG","playtime":595,"items_purged":[],"score":155,"play_id":"41bb5921-883d-4b69-ad46-77130d9eb46d","local_time":"20210123155832","is_ascension_mode":true,"campfire_choices":[{"data":"EmptyFist","floor":6,"key":"SMITH"},{"data":"Halt","floor":8,"key":"SMITH"}],"circlet_count":0,"master_deck":["AscendersBane","Strike_P","Strike_P","Strike_P","Strike_P","Defend_P","Defend_P","Defend_P","Eruption+1","Vigilance","Sanctity","Halt+1","EmptyFist+1","EmptyBody","Study","Perseverance","Evaluate"],"relics":["SacredBark","Bottled Flame","Blood Vial","Akabeko"],"acts_visited":["Exordium"],"potions_floor_usage":[7,7],"damage_taken":[{"damage":8,"enemies":"2 Louse","floor":1,"turns":4},{"damage":1,"enemies":"Jaw Worm","floor":4,"turns":5},{"damage":3,"enemies":"Small Slimes","floor":5,"turns":4},{"damage":20,"enemies":"Gremlin Nob","floor":7,"turns":4},{"damage":21,"enemies":"Lagavulin","floor":10,"turns":7},{"damage":62,"enemies":"Gremlin Nob","floor":12,"turns":4}],"seed_played":"-8068671078409302874","potions_obtained":[{"floor":1,"key":"EntropicBrew"}],"is_trial":false,"path_per_floor":["M","?","?","M","M","R","E","R","T","E","$","E"],"character_chosen":"WATCHER","items_purchased":["Perseverance","Evaluate"],"campfire_rested":0,"item_purchase_floors":[11,11],"current_hp_per_floor":[53,53,53,52,49,49,29,29,29,10,10,0,0],"gold":16,"neow_bonus":"BOSS_RELIC","is_daily":false,"chose_seed":false,"campfire_upgraded":2,"win_rate":0.0,"timestamp":1611397712,"path_taken":["M","?","?","M","M","R","E","R","T","E","?","E"],"items_purchased_type":["Card","Card"],"build_version":"2020-12-22","purchased_purges":0,"victory":false,"max_hp_per_floor":[68,68,68,68,68,68,68,68,68,68,68,68,68],"relic_stats":{"Blood Vial":4,"counters":[6,28],"obtain_stats":[{"Blood Vial":9,"Bottled Flame":7,"SacredBark":0,"PureWater":0,"Akabeko":10},{"Blood Vial":4,"Bottled Flame":4,"SacredBark":0,"PureWater":0,"Akabeko":5},{"Blood Vial":17,"Bottled Flame":17,"SacredBark":0,"PureWater":0,"Akabeko":24}]},"card_choices":[{"not_picked":["InnerPeace","Evaluate"],"picked":"Sanctity","floor":1},{"not_picked":["ThirdEye","JustLucky"],"picked":"Halt","floor":4},{"not_picked":["Prostrate","FollowUp"],"picked":"EmptyFist","floor":5},{"not_picked":["Judgement","PathToVictory"],"picked":"EmptyBody","floor":7},{"not_picked":["CrushJoints","ClearTheMind"],"picked":"Study","floor":10}],"player_experience":417218,"relics_obtained":[{"floor":7,"key":"Bottled Flame"},{"floor":9,"key":"Blood Vial"},{"floor":10,"key":"Akabeko"}],"event_choices":[{"damage_healed":0,"gold_gain":0,"player_choice":"Grow","damage_taken":0,"max_hp_gain":0,"max_hp_loss":0,"event_name":"Living Wall","floor":2,"gold_loss":0,"cards_upgraded":["Eruption"]},{"cards_removed":["Defend_P"],"damage_healed":0,"gold_gain":0,"player_choice":"Card Removal","damage_taken":0,"max_hp_gain":0,"max_hp_loss":0,"event_name":"The Cleric","floor":3,"gold_loss":75}],"is_beta":false,"boss_relics":[],"items_purged_floors":[],"is_endless":false,"potions_floor_spawned":[1],"killed_by":"Gremlin Nob","ascension_level":16}}