{"host":"l6vifo5ajdb3p20b","time":1611406397,"event":{"mods":["2.2 Compatiblity","Arknights The Spire","BaseMod","Better Altar","Better Sensory Stone","Better Skull","Better Third Choice","BetterRewards","Block Reminder","Booster Modes","Card Forge","Colored Map","Defuse TimeMaze Blight","Energized Spire","Evolution","Minty Spire (QoL Compilation)","Relic Stats","StSLib","The Marked"],"gold_per_floor":[115,133,83,97,116,116,116,116],"floor_reached":7,"language":"ENG","playtime":453,"items_purged":[],"score":45,"play_id":"a9ada146-08c4-42f3-812d-7b86a3edd33e","local_time":"20210123195317","is_ascension_mode":true,"campfire_choices":[{"data":"Cloak And Dagger","floor":6,"key":"SMITH"}],"circlet_count":0,"master_deck":["Strike_G","Strike_G","Strike_G","Strike_G","Strike_G","Defend_G","Defend_G","Defend_G","Defend_G","Survivor","Neutralize","Caltrops","Well Laid Plans","Cloak And Dagger+1","Accuracy"],"relics":["Ring of the Snake","Hammer of Thor","Seething Fire","Anvil of the Gods","EVO:Axolotl","NeowsBlessing"],"acts_visited":["Exordium"],"potions_floor_usage":[7],"damage_taken":[{"damage":0,"enemies":"2 Louse","floor":1,"turns":1},{"damage":0,"enemies":"Small Slimes","floor":2,"turns":1},{"damage":0,"enemies":"Jaw Worm","floor":4,"turns":1},{"damage":14,"enemies":"Exordium Wildlife","floor":5,"turns":8},{"damage":14,"enemies":"Lagavulin","floor":7,"turns":8}],"seed_played":"-7966478174560851012","potions_obtained":[{"floor":1,"key":"EssenceOfSteel"},{"floor":5,"key":"Swift Potion"}],"is_trial":false,"path_per_floor":["M","M","?","M","M","R","E"],"character_chosen":"THE_SILENT","items_purchased":[],"campfire_rested":0,"item_purchase_floors":[],"current_hp_per_floor":[70,70,70,70,56,56,42,42],"gold":116,"neow_bonus":"THREE_ENEMY_KILL","is_daily":false,"chose_seed":false,"campfire_upgraded":1,"win_rate":0.0,"timestamp":1611406397,"path_taken":["M","M","?","M","M","R","E"],"items_purchased_type":[],"build_version":"2020-12-22","purchased_purges":0,"victory":false,"max_hp_per_floor":[70,70,70,70,70,70,70,70],"relic_stats":{"counters":[5,19],"obtain_stats":[{"NeowsBlessing":0,"Anvil of the Gods":0,"Hammer of Thor":0,"EVO:Axolotl":0,"Seething Fire":0,"Ring of the Snake":0},{"NeowsBlessing":0,"Anvil of the Gods":0,"Hammer of Thor":0,"EVO:Axolotl":0,"Seething Fire":0,"Ring of the Snake":0},{"NeowsBlessing":0,"Anvil of the Gods":0,"Hammer of Thor":0,"EVO:Axolotl":0,"Seething Fire":0,"Ring of the Snake":0}],"Ring of the Snake":[10]},"card_choices":[{"not_picked":["Dodge and Roll","Acrobatics"],"picked":"Caltrops","floor":1},{"not_picked":["Expertise","Outmaneuver"],"picked":"Well Laid Plans","floor":2},{"not_picked":["Deflect","Escape Plan"],"picked":"Cloak And Dagger","floor":4},{"not_picked":["PiercingWail","Reflex"],"picked":"Accuracy","floor":5}],"player_experience":848639,"relics_obtained":[],"event_choices":[{"cards_removed":["Defend_G"],"damage_healed":0,"gold_gain":0,"player_choice":"Card Removal","damage_taken":0,"max_hp_gain":0,"max_hp_loss":0,"event_name":"The Cleric","floor":3,"gold_loss":50}],"is_beta":false,"boss_relics":[],"items_purged_floors":[],"is_endless":false,"potions_floor_spawned":[1,5],"killed_by":"Lagavulin","ascension_level":1}}