{"host":"opg65mucj6ra7dr1","time":1611406284,"event":{"mods":["BaseMod","DeckTracker","Keyboard Shortcuts","Minty Spire (QoL Compilation)","Permanent Neow","Quick Restart","everything is the same but u backflip on backflip"],"gold_per_floor":[117,171,258,283,310,322,348,360,372,559,571,583,595,595],"floor_reached":13,"language":"KOR","playtime":182,"items_purged":[],"score":106,"play_id":"bd2b824b-4640-483b-9a00-0c4adbaf51a2","local_time":"20210123215124","is_ascension_mode":true,"campfire_choices":[{"data":"Poisoned Stab","floor":6,"key":"SMITH"},{"data":"Doppelganger","floor":8,"key":"SMITH"},{"data":"Backflip","floor":12,"key":"SMITH"}],"circlet_count":0,"master_deck":["Strike_G","Strike_G","Strike_G","Strike_G","Strike_G","Defend_G","Defend_G","Defend_G","Defend_G","Defend_G","Survivor","Neutralize","Backflip+1","Poisoned Stab+1","Doppelganger+1","Doubt"],"relics":["Ring of the Snake","Anchor","MawBank","Blue Candle"],"acts_visited":["Exordium"],"potions_floor_usage":[7],"damage_taken":[{"damage":8,"enemies":"Cultist","floor":1,"turns":4},{"damage":2,"enemies":"Jaw Worm","floor":4,"turns":4},{"damage":5,"enemies":"2 Louse","floor":5,"turns":3},{"damage":0,"enemies":"2 Fungi Beasts","floor":7,"turns":3},{"damage":47,"enemies":"Lagavulin","floor":13,"turns":9}],"seed_played":"7212873943519291250","potions_obtained":[{"floor":5,"key":"DistilledChaos"}],"is_trial":false,"path_per_floor":["M","T","?","M","M","R","M","R","T","?","?","R","E"],"character_chosen":"THE_SILENT","items_purchased":[],"campfire_rested":0,"item_purchase_floors":[],"current_hp_per_floor":[55,55,44,42,37,37,37,37,37,37,42,42,0,0],"gold":595,"neow_bonus":"RANDOM_COMMON_RELIC","is_daily":false,"chose_seed":false,"campfire_upgraded":3,"win_rate":0.0,"timestamp":1611406284,"path_taken":["M","?","?","M","M","R","M","R","T","?","?","R","E"],"items_purchased_type":[],"build_version":"2020-12-22","purchased_purges":0,"victory":false,"max_hp_per_floor":[70,70,70,70,70,70,70,70,70,70,75,75,75,75],"card_choices":[{"not_picked":["PiercingWail","Concentrate","Outmaneuver"],"picked":"SKIP","floor":1},{"not_picked":["Bane","Slice"],"picked":"Backflip","floor":4},{"not_picked":["Blade Dance","Outmaneuver"],"picked":"Poisoned Stab","floor":5},{"not_picked":["PiercingWail","Deflect"],"picked":"Doppelganger","floor":7}],"player_experience":150556,"relics_obtained":[{"floor":2,"key":"MawBank"},{"floor":9,"key":"Blue Candle"}],"event_choices":[{"damage_healed":0,"gold_gain":75,"player_choice":"Gather Gold","damage_taken":11,"max_hp_gain":0,"max_hp_loss":0,"event_name":"World of Goop","floor":3,"gold_loss":0},{"damage_healed":0,"gold_gain":175,"player_choice":"AGREE","damage_taken":0,"max_hp_gain":0,"max_hp_loss":0,"event_name":"Liars Game","floor":10,"gold_loss":0,"cards_obtained":["Doubt"]},{"damage_healed":0,"gold_gain":0,"player_choice":"Donut","damage_taken":0,"max_hp_gain":5,"max_hp_loss":0,"event_name":"Big Fish","floor":11,"gold_loss":0}],"is_beta":false,"boss_relics":[],"items_purged_floors":[],"is_endless":false,"potions_floor_spawned":[5],"killed_by":"Lagavulin","ascension_level":9}}