{"host":"April","time":1611388426,"event":{"mods":["BaseMod","Minty Spire (QoL Compilation)"],"gold_per_floor":[113,113,113,128,149,183,202,202,202,202,26,26,59,72,72,200,200,215,229,229,229,229,277,289,344,383,431,568,580,592,621,633,645,645],"floor_reached":33,"language":"ENG","playtime":3164,"items_purged":[],"score":327,"play_id":"2432e8ec-7714-4d17-b3d2-ec659c911e09","local_time":"20210122235346","is_ascension_mode":true,"campfire_choices":[{"floor":12.0,"key":"REST"},{"data":"Coolheaded","floor":15.0,"key":"SMITH"},{"floor":24,"key":"REST"},{"floor":32,"key":"REST"}],"circlet_count":0,"master_deck":["Strike_B+1","Strike_B+1","Strike_B+1","Strike_B+1","Defend_B+1","Defend_B+1","Defend_B+1","Defend_B+1","Zap","Dualcast","Loop","Injury","Sweeping Beam","Melter","Go for the Eyes","Sunder","Coolheaded+1","Undo+1","Coolheaded+1","Biased Cognition","Sweeping Beam","Glacier","Shame","Coolheaded+1","Heatsinks","Lockon","Necronomicurse","Go for the Eyes","Beam Cell"],"relics":["Cracked Core","Regal Pillow","Bloody Idol","Mummified Hand","Kunai","DataDisk","InkBottle","Nunchaku","Dream Catcher","Busted Crown","War Paint","MawBank","Tiny Chest","Bag of Preparation","Juzu Bracelet","Smiling Mask","FossilizedHelix","Pantograph","Necronomicon"],"acts_visited":["Exordium","TheCity"],"potions_floor_usage":[23,27],"damage_taken":[{"damage":1.0,"enemies":"Jaw Worm","floor":1.0,"turns":3.0},{"damage":7.0,"enemies":"Small Slimes","floor":4.0,"turns":3.0},{"damage":1.0,"enemies":"Cultist","floor":5.0,"turns":3.0},{"damage":28.0,"enemies":"Gremlin Nob","floor":6.0,"turns":4.0},{"damage":7.0,"enemies":"3 Louse","floor":7.0,"turns":2.0},{"damage":17.0,"enemies":"Lagavulin","floor":13.0,"turns":5.0},{"damage":9.0,"enemies":"Blue Slaver","floor":14.0,"turns":3.0},{"damage":21.0,"enemies":"Hexaghost","floor":16.0,"turns":14.0},{"damage":2,"enemies":"3 Byrds","floor":18,"turns":5},{"damage":9,"enemies":"Shell Parasite","floor":19,"turns":5},{"damage":15,"enemies":"Slavers","floor":23,"turns":5},{"damage":5,"enemies":"Book of Stabbing","floor":25,"turns":8},{"damage":19,"enemies":"Slavers","floor":27,"turns":3},{"damage":0,"enemies":"Colosseum Slavers","floor":28,"turns":6},{"damage":4,"enemies":"Colosseum Nobs","floor":28,"turns":6},{"damage":0,"enemies":"Centurion and Healer","floor":31,"turns":4},{"damage":81,"enemies":"Champ","floor":33,"turns":14}],"seed_played":"4594001674225354267","potions_obtained":[{"floor":1.0,"key":"SkillPotion"},{"floor":7.0,"key":"ColorlessPotion"},{"floor":18,"key":"Energy Potion"},{"floor":19,"key":"SteroidPotion"}],"is_trial":false,"path_per_floor":["M","?","?","M","M","E","M","?","T","?","$","R","E","M","R","B",null,"M","M","?","?","?","E","R","E","T","E","?","?","?","M","R","B"],"character_chosen":"DEFECT","items_purchased":["Nunchaku","Coolheaded"],"campfire_rested":3,"item_purchase_floors":[11,11],"current_hp_per_floor":[74,74,74,67,66,38,31,28,28,28,28,65,48,39,39,18,75,73,64,64,64,64,49,75,70,70,51,47,47,36,46,75,0,0],"gold":645,"neow_bonus":"RANDOM_COMMON_RELIC","is_daily":false,"chose_seed":false,"campfire_upgraded":1,"win_rate":0.0,"timestamp":1611388426,"path_taken":["M","?","?","M","?","E","M","?","T","?","$","R","E","M","R","BOSS","M","M","?","?","?","E","R","E","T","E","?","?","?","M","R","BOSS"],"items_purchased_type":["Relic","Card"],"build_version":"2020-12-18","purchased_purges":0,"victory":false,"max_hp_per_floor":[75,75,75,75,75,75,75,75,75,75,75,75,75,75,75,75,75,75,75,75,75,75,75,75,75,75,75,75,75,75,75,75,75,75],"card_choices":[{"not_picked":["Chaos","Streamline"],"picked":"Loop","floor":1.0},{"not_picked":["Reinforced Body","Aggregate"],"picked":"Sweeping Beam","floor":4.0},{"not_picked":["Streamline","Darkness"],"picked":"Melter","floor":5.0},{"not_picked":["Leap","Fusion"],"picked":"Go for the Eyes","floor":6.0},{"not_picked":["Beam Cell","Consume"],"picked":"Sunder","floor":7.0},{"not_picked":["Sunder","Fission"],"picked":"Undo","floor":13.0},{"not_picked":["Heatsinks","Gash"],"picked":"Coolheaded","floor":14.0},{"not_picked":["Reboot","Seek"],"picked":"Biased Cognition","floor":16.0},{"not_picked":[],"picked":"Sweeping Beam","floor":18},{"not_picked":[],"picked":"Glacier","floor":19},{"not_picked":["Aggregate"],"picked":"SKIP","floor":23},{"not_picked":[],"picked":"Coolheaded+1","floor":24},{"not_picked":[],"picked":"Heatsinks","floor":25},{"not_picked":["Sweeping Beam"],"picked":"SKIP","floor":27},{"not_picked":[],"picked":"Lockon","floor":28},{"not_picked":[],"picked":"Go for the Eyes","floor":31},{"not_picked":[],"picked":"Beam Cell","floor":32}],"player_experience":2596096,"relics_obtained":[{"floor":6.0,"key":"Kunai"},{"floor":9.0,"key":"InkBottle"},{"floor":13.0,"key":"Dream Catcher"},{"floor":23,"key":"Tiny Chest"},{"floor":25,"key":"Bag of Preparation"},{"floor":26,"key":"Juzu Bracelet"},{"floor":27,"key":"Smiling Mask"},{"floor":28,"key":"FossilizedHelix"},{"floor":28,"key":"Pantograph"},{"floor":30,"key":"Necronomicon"}],"event_choices":[{"damage_healed":0.0,"max_hp_gain":0.0,"max_hp_loss":0.0,"gold_gain":0.0,"event_name":"Golden Idol","player_choice":"Take Wound","floor":2.0,"gold_loss":0.0,"damage_taken":0.0,"relics_obtained":["Golden Idol"],"cards_obtained":["Injury"]},{"damage_healed":0.0,"max_hp_gain":0.0,"max_hp_loss":0.0,"gold_gain":0.0,"event_name":"WeMeetAgain","player_choice":"Gave Potion","floor":3.0,"gold_loss":0.0,"damage_taken":0.0,"relics_obtained":["Mummified Hand"]},{"damage_healed":0.0,"max_hp_gain":0.0,"max_hp_loss":0.0,"gold_gain":0.0,"event_name":"Scrap Ooze","player_choice":"Success","floor":8.0,"gold_loss":0.0,"damage_taken":3.0,"relics_obtained":["DataDisk"]},{"damage_healed":0.0,"max_hp_gain":0.0,"max_hp_loss":0.0,"gold_gain":0.0,"event_name":"The Cleric","player_choice":"Leave","floor":10.0,"gold_loss":0.0,"damage_taken":0.0},{"damage_healed":0,"gold_gain":0,"player_choice":"Stole Relic","damage_taken":0,"relics_obtained":["War Paint"],"max_hp_gain":0,"max_hp_loss":0,"event_name":"Addict","floor":20,"gold_loss":0,"cards_obtained":["Shame"]},{"damage_healed":0,"gold_gain":0,"player_choice":"Simplicity","damage_taken":0,"max_hp_gain":0,"max_hp_loss":0,"event_name":"Back to Basics","floor":21,"gold_loss":0,"cards_upgraded":["Strike_B","Strike_B","Strike_B","Strike_B","Defend_B","Defend_B","Defend_B","Defend_B"]},{"damage_healed":0,"gold_gain":0,"player_choice":"Opened","damage_taken":0,"relics_obtained":["MawBank"],"max_hp_gain":0,"max_hp_loss":0,"event_name":"The Mausoleum","floor":22,"gold_loss":0},{"damage_healed":0,"gold_gain":0,"player_choice":"Fight","damage_taken":0,"max_hp_gain":0,"max_hp_loss":0,"event_name":"Colosseum","floor":28,"gold_loss":0},{"damage_healed":0,"gold_gain":0,"player_choice":"Fought Nobs","damage_taken":0,"max_hp_gain":0,"max_hp_loss":0,"event_name":"Colosseum","floor":28,"gold_loss":0},{"damage_healed":0,"gold_gain":0,"player_choice":"Gave Idol","damage_taken":0,"relics_obtained":["Bloody Idol"],"max_hp_gain":0,"max_hp_loss":0,"event_name":"Forgotten Altar","floor":29,"relics_lost":["Golden Idol"],"gold_loss":0},{"damage_healed":0,"gold_gain":0,"player_choice":"Obtained Book","damage_taken":16,"max_hp_gain":0,"max_hp_loss":0,"event_name":"Cursed Tome","floor":30,"gold_loss":0}],"is_beta":true,"boss_relics":[{"not_picked":["SacredBark","Black Star"],"picked":"Busted Crown"}],"items_purged_floors":[],"is_endless":false,"potions_floor_spawned":[1,7,18,19],"killed_by":"Champ","ascension_level":1}}