{"host":"kpyoctgc7jne3jiy","time":1611425964,"event":{"mods":["AchievementEnabler","BaseMod","Minty Spire (QoL Compilation)","Relic Stats","Slay-I"],"gold_per_floor":[116,135,155,9,20,20,39,67,67,96,115,115,115,168,168,266,266,281,298,316,3,3,3],"floor_reached":22,"language":"ENG","playtime":973,"items_purged":[],"score":248,"play_id":"bb34ba43-253a-4971-9325-5906380ce35e","local_time":"20210123191924","is_ascension_mode":true,"campfire_choices":[{"data":"Armaments","floor":6.0,"key":"SMITH"},{"floor":13.0,"key":"REST"},{"data":"Spot Weakness","floor":15.0,"key":"SMITH"}],"circlet_count":0,"master_deck":["Strike_R","Strike_R","Strike_R+1","Strike_R","Strike_R","Defend_R","Defend_R+1","Defend_R","Defend_R","Bash","Iron Wave","Armaments+1","Cleave","Thunderclap","Anger","Spot Weakness+1","Battle Trance","Flex","Juggernaut","True Grit","Burning Pact","Entrench"],"relics":["Snecko Eye","Akabeko","Letter Opener","Paper Frog","Bag of Marbles","Nunchaku","Runic Cube","Incense Burner"],"acts_visited":["Exordium","TheCity"],"potions_floor_usage":[22,22],"damage_taken":[{"damage":5.0,"enemies":"2 Louse","floor":1.0,"turns":2.0},{"damage":7.0,"enemies":"Jaw Worm","floor":2.0,"turns":5.0},{"damage":1.0,"enemies":"Cultist","floor":3.0,"turns":5.0},{"damage":8.0,"enemies":"3 Louse","floor":5.0,"turns":3.0},{"damage":0.0,"enemies":"2 Fungi Beasts","floor":7.0,"turns":2.0},{"damage":22.0,"enemies":"Lagavulin","floor":8.0,"turns":7.0},{"damage":5.0,"enemies":"3 Sentries","floor":10.0,"turns":4.0},{"damage":0.0,"enemies":"Gremlin Gang","floor":11.0,"turns":1.0},{"damage":27.0,"enemies":"The Guardian","floor":16.0,"turns":9.0},{"damage":9.0,"enemies":"Shell Parasite","floor":18.0,"turns":2.0},{"damage":0.0,"enemies":"Chosen","floor":19.0,"turns":3.0},{"damage":43.0,"enemies":"Sentry and Sphere","floor":20.0,"turns":6.0},{"damage":14,"enemies":"Chosen and Byrds","floor":22,"turns":1}],"seed_played":"7906812290732711804","potions_obtained":[{"floor":3.0,"key":"Swift Potion"},{"floor":8.0,"key":"SteroidPotion"},{"floor":10.0,"key":"SteroidPotion"},{"floor":16.0,"key":"LiquidBronze"},{"floor":19.0,"key":"SkillPotion"}],"is_trial":false,"path_per_floor":["M","M","M","$","M","R","M","E","T","E","M","?","R","T","R","B",null,"M","M","M","$","M"],"character_chosen":"IRONCLAD","items_purchased":["Akabeko","Incense Burner"],"campfire_rested":1,"item_purchase_floors":[4,21],"current_hp_per_floor":[75,68,67,67,59,59,59,37,37,32,32,16,40,40,40,13,63,54,54,11,11,0,0],"gold":3,"neow_bonus":"BOSS_RELIC","is_daily":false,"chose_seed":false,"campfire_upgraded":2,"win_rate":0.0,"timestamp":1611425964,"path_taken":["M","M","M","$","M","R","M","E","T","E","M","?","R","?","R","BOSS","M","M","M","$","M"],"items_purchased_type":["Relic","Relic"],"build_version":"2020-12-22","purchased_purges":0,"victory":false,"max_hp_per_floor":[80,80,80,80,80,80,80,80,80,80,80,80,80,80,80,80,80,80,80,80,80,80,80],"relic_stats":{"Nunchaku":[4],"counters":[13,50],"Snecko Eye":[95,83,87,105],"Letter Opener":[20],"obtain_stats":[{"Nunchaku":14,"Snecko Eye":0,"Bag of Marbles":10,"Incense Burner":21,"Letter Opener":8,"Burning Blood":0,"Akabeko":4,"Paper Frog":9,"Runic Cube":17},{"Nunchaku":8,"Snecko Eye":0,"Bag of Marbles":7,"Incense Burner":12,"Letter Opener":6,"Burning Blood":0,"Akabeko":3,"Paper Frog":6,"Runic Cube":9},{"Nunchaku":29,"Snecko Eye":0,"Bag of Marbles":28,"Incense Burner":49,"Letter Opener":24,"Burning Blood":0,"Akabeko":12,"Paper Frog":24,"Runic Cube":38}],"Runic Cube":[11]},"card_choices":[{"not_picked":["Rage","Feel No Pain"],"picked":"Iron Wave","floor":1.0},{"not_picked":["Blood for Blood","Cleave"],"picked":"Armaments","floor":2.0},{"not_picked":["Sentinel","Rage"],"picked":"Cleave","floor":3.0},{"not_picked":["Warcry","Clash"],"picked":"Thunderclap","floor":5.0},{"not_picked":["Clothesline","Warcry"],"picked":"Anger","floor":7.0},{"not_picked":["Searing Blow","Power Through"],"picked":"Spot Weakness","floor":8.0},{"not_picked":["True Grit","Hemokinesis"],"picked":"Battle Trance","floor":10.0},{"not_picked":["Anger","Headbutt"],"picked":"Flex","floor":11.0},{"not_picked":["Fiend Fire","Double Tap"],"picked":"Juggernaut","floor":16.0},{"not_picked":["Burning Pact","Entrench"],"picked":"True Grit","floor":18.0},{"not_picked":["Second Wind+1","Anger"],"picked":"Burning Pact","floor":19.0},{"not_picked":["Evolve+1","Anger"],"picked":"Entrench","floor":20.0}],"player_experience":314923,"relics_obtained":[{"floor":8.0,"key":"Letter Opener"},{"floor":9.0,"key":"Paper Frog"},{"floor":10.0,"key":"Bag of Marbles"},{"floor":14.0,"key":"Nunchaku"}],"event_choices":[{"damage_healed":0.0,"max_hp_gain":0.0,"max_hp_loss":0.0,"gold_gain":0.0,"event_name":"Shining Light","player_choice":"Entered Light","floor":12.0,"gold_loss":0.0,"damage_taken":16.0,"cards_upgraded":["Defend_R","Strike_R"]}],"is_beta":false,"boss_relics":[{"not_picked":["Runic Dome","Fusion Hammer"],"picked":"Runic Cube"}],"items_purged_floors":[],"is_endless":false,"potions_floor_spawned":[3,8,10,16,19],"killed_by":"Chosen and Byrds","ascension_level":5}}