{"host":"x3qmax6e7jj3tga5","time":1611368805,"event":{"mods":["BaseMod","Custom Start","Minty Spire (QoL Compilation)","StSLib"],"gold_per_floor":[117,130,6,23,23,58,58,91,91,91,116,116,146,146,146,271,271,290,306,60,75,91,91,129,152,152,152,188,212,212,245,245,370,370,390,390,130,154,179,210,210,223,246,285,305,348,52,65,65,65],"floor_reached":51,"language":"ENG","playtime":5871,"items_purged":["Strike_B","Strike_B","Defend_B","Dualcast"],"score":918,"play_id":"8ceea6ae-852e-4542-9817-8def42c0dbc1","local_time":"20210122202645","is_ascension_mode":true,"campfire_choices":[{"data":"Sweeping Beam","floor":7,"key":"SMITH"},{"data":"Zap","floor":10,"key":"SMITH"},{"floor":12,"key":"REST"},{"data":"Coolheaded","floor":15,"key":"SMITH"},{"data":"Coolheaded","floor":23,"key":"SMITH"},{"floor":27,"key":"REST"},{"data":"Defragment","floor":32,"key":"SMITH"},{"floor":49,"key":"REST"}],"circlet_count":0,"master_deck":["Strike_B","Defend_B","Defend_B","Defend_B","Zap+1","Biased Cognition+1","Reinforced Body","Sweeping Beam+1","Ball Lightning","Compile Driver","Steam","Core Surge","Coolheaded+1","Rainbow","Glacier","BootSequence","Coolheaded+1","Go for the Eyes","Chill","Conserve Battery","Defragment+1","Skim+1","Conserve Battery","Multi-Cast","Coolheaded+1","Recycle","Conserve Battery+1","Glacier+1"],"relics":["Cracked Core","Pear","Lizard Tail","Darkstone Periapt","Ornamental Fan","Bronze Scales","Golden Idol","SlaversCollar","Membership Card","Strawberry","Mercury Hourglass","InkBottle","Nilry\u0027s Codex","White Beast Statue","Busted Crown","Ice Cream","Shuriken","DataDisk","Toxic Egg 2","Singing Bowl","Symbiotic Virus","Toolbox"],"acts_visited":["Exordium","TheCity","TheBeyond"],"potions_floor_usage":[6,24,45,50,50],"damage_taken":[{"damage":0,"enemies":"2 Louse","floor":1,"turns":2},{"damage":2,"enemies":"Jaw Worm","floor":2,"turns":3},{"damage":0,"enemies":"Cultist","floor":4,"turns":3},{"damage":20,"enemies":"Lagavulin","floor":6,"turns":5},{"damage":13,"enemies":"3 Sentries","floor":8,"turns":5},{"damage":23,"enemies":"Gremlin Nob","floor":11,"turns":4},{"damage":4,"enemies":"3 Sentries","floor":13,"turns":4},{"damage":2,"enemies":"Hexaghost","floor":16,"turns":6},{"damage":1,"enemies":"Spheric Guardian","floor":18,"turns":4},{"damage":0,"enemies":"Chosen","floor":19,"turns":4},{"damage":10,"enemies":"Snecko","floor":21,"turns":8},{"damage":0,"enemies":"Centurion and Healer","floor":22,"turns":8},{"damage":33,"enemies":"Slavers","floor":24,"turns":9},{"damage":8,"enemies":"3 Cultists","floor":25,"turns":6},{"damage":9,"enemies":"Book of Stabbing","floor":28,"turns":6},{"damage":0,"enemies":"Chosen and Byrds","floor":29,"turns":4},{"damage":0,"enemies":"Gremlin Leader","floor":31,"turns":6},{"damage":11,"enemies":"Collector","floor":33,"turns":11},{"damage":0,"enemies":"3 Shapes","floor":35,"turns":5},{"damage":2,"enemies":"3 Darklings","floor":38,"turns":5},{"damage":0,"enemies":"Maw","floor":39,"turns":8},{"damage":17,"enemies":"Reptomancer","floor":40,"turns":9},{"damage":18,"enemies":"Transient","floor":42,"turns":5},{"damage":3,"enemies":"Giant Head","floor":44,"turns":10},{"damage":0,"enemies":"4 Shapes","floor":45,"turns":4},{"damage":2,"enemies":"Reptomancer","floor":46,"turns":7},{"damage":0,"enemies":"Sphere and 2 Shapes","floor":48,"turns":5},{"damage":0,"enemies":"Awakened One","floor":50,"turns":13}],"seed_played":"2489874454235679955","potions_obtained":[{"floor":1,"key":"CultistPotion"},{"floor":2,"key":"SkillPotion"},{"floor":13,"key":"FocusPotion"},{"floor":16,"key":"FocusPotion"},{"floor":18,"key":"FocusPotion"},{"floor":24,"key":"SmokeBomb"},{"floor":31,"key":"Swift Potion"},{"floor":39,"key":"GamblersBrew"},{"floor":44,"key":"Energy Potion"},{"floor":45,"key":"ColorlessPotion"}],"is_trial":false,"path_per_floor":["M","M","$","M","?","E","R","E","T","R","E","R","E","?","R","B",null,"M","M","$","M","M","R","E","M","T","R","E","M","?","E","R","B",null,"M","?","$","M","M","E","?","M","T","E","M","E","$","M","R","B",null],"character_chosen":"DEFECT","items_purchased":["Ball Lightning","Membership Card","Coolheaded","Go for the Eyes","Ice Cream","Recycle","Symbiotic Virus","Glacier+1","Toolbox"],"campfire_rested":3,"item_purchase_floors":[3,20,20,20,37,37,47,47,47],"current_hp_per_floor":[75,73,73,73,73,63,63,50,50,50,27,52,48,48,48,46,79,78,78,78,68,68,68,42,34,34,59,50,50,34,34,34,23,86,86,86,86,84,84,67,67,49,49,46,46,46,46,48,75,75],"gold":65,"neow_bonus":"ONE_RANDOM_RARE_CARD","is_daily":false,"chose_seed":false,"campfire_upgraded":5,"win_rate":0.0,"timestamp":1611368805,"path_taken":["M","M","$","M","?","E","R","E","T","R","E","R","E","?","R","BOSS","M","M","$","M","M","R","E","M","T","R","E","M","?","E","R","BOSS","M","?","$","M","M","E","?","M","T","E","M","E","$","M","R","BOSS"],"items_purchased_type":["Card","Relic","Card","Card","Relic","Card","Relic","Card","Relic"],"build_version":"2020-12-22","purchased_purges":4,"victory":true,"max_hp_per_floor":[75,75,75,75,75,85,85,85,85,85,85,85,85,79,79,79,79,79,79,79,79,79,79,86,86,86,86,86,86,86,86,86,86,86,86,86,86,86,86,86,86,86,86,86,86,88,88,90,90,90],"card_choices":[{"not_picked":["Blizzard","Storm"],"picked":"Reinforced Body","floor":1},{"not_picked":["Scrape","Rebound"],"picked":"Sweeping Beam","floor":2},{"not_picked":["Stack","Streamline"],"picked":"Compile Driver","floor":4},{"not_picked":["Stack","BootSequence","Compile Driver"],"picked":"SKIP","floor":6},{"not_picked":["Rip and Tear","Beam Cell"],"picked":"Steam","floor":8},{"not_picked":["Beam Cell","Compile Driver"],"picked":"Core Surge","floor":11},{"not_picked":["Beam Cell","Sweeping Beam"],"picked":"Coolheaded","floor":13},{"not_picked":["Thunder Strike","All For One"],"picked":"Rainbow","floor":16},{"not_picked":["Stack","Leap"],"picked":"Glacier","floor":18},{"not_picked":["Streamline+1","Leap"],"picked":"BootSequence","floor":19},{"not_picked":["Go for the Eyes+1","Hyperbeam","Gash"],"picked":"SKIP","floor":21},{"not_picked":["Self Repair","Compile Driver"],"picked":"Chill","floor":22},{"not_picked":["Steam","Turbo"],"picked":"Conserve Battery","floor":24},{"not_picked":["Hello World+1","Barrage","Cold Snap"],"picked":"SKIP","floor":25},{"not_picked":["Skim+1","Chaos"],"picked":"Defragment","floor":28},{"not_picked":["Reinforced Body","Consume"],"picked":"Skim+1","floor":29},{"not_picked":["Chill","Aggregate"],"picked":"Conserve Battery","floor":31},{"not_picked":["Rainbow","Machine Learning"],"picked":"Multi-Cast","floor":33},{"not_picked":[],"picked":"Coolheaded+1","floor":35},{"not_picked":["Auto Shields"],"picked":"SKIP","floor":38},{"not_picked":["Streamline"],"picked":"SKIP","floor":39},{"not_picked":["Gash+1"],"picked":"SKIP","floor":40},{"not_picked":[],"picked":"Conserve Battery+1","floor":42},{"not_picked":["Barrage+1"],"picked":"SKIP","floor":44},{"not_picked":["Gash"],"picked":"SKIP","floor":45},{"not_picked":["Streamline"],"picked":"Singing Bowl","floor":46},{"not_picked":["Lockon"],"picked":"Singing Bowl","floor":48}],"player_experience":327366,"relics_obtained":[{"floor":6,"key":"Pear"},{"floor":8,"key":"Lizard Tail"},{"floor":9,"key":"Darkstone Periapt"},{"floor":11,"key":"Ornamental Fan"},{"floor":13,"key":"Bronze Scales"},{"floor":24,"key":"Strawberry"},{"floor":26,"key":"Mercury Hourglass"},{"floor":28,"key":"InkBottle"},{"floor":30,"key":"Nilry\u0027s Codex"},{"floor":31,"key":"White Beast Statue"},{"floor":40,"key":"Shuriken"},{"floor":43,"key":"DataDisk"},{"floor":44,"key":"Toxic Egg 2"},{"floor":46,"key":"Singing Bowl"}],"event_choices":[{"damage_healed":0,"gold_gain":0,"player_choice":"Grow","damage_taken":0,"max_hp_gain":0,"max_hp_loss":0,"event_name":"Living Wall","floor":5,"gold_loss":0,"cards_upgraded":["Biased Cognition"]},{"damage_healed":0,"gold_gain":0,"player_choice":"Lose Max HP","damage_taken":0,"relics_obtained":["Golden Idol"],"max_hp_gain":0,"max_hp_loss":6,"event_name":"Golden Idol","floor":14,"gold_loss":0},{"damage_healed":0,"gold_gain":0,"player_choice":"Obtained Book","damage_taken":16,"max_hp_gain":0,"max_hp_loss":0,"event_name":"Cursed Tome","floor":30,"gold_loss":0},{"damage_healed":0,"gold_gain":0,"player_choice":"Ignored","damage_taken":0,"max_hp_gain":0,"max_hp_loss":0,"event_name":"Tomb of Lord Red Mask","floor":36,"gold_loss":0},{"cards_removed":["Strike_B"],"damage_healed":0,"gold_gain":0,"player_choice":"Offered Basic","damage_taken":0,"max_hp_gain":0,"max_hp_loss":0,"event_name":"Bonfire Elementals","floor":41,"gold_loss":0}],"is_beta":false,"boss_relics":[{"not_picked":["SacredBark","Runic Dome"],"picked":"SlaversCollar"},{"not_picked":["Snecko Eye","FrozenCore"],"picked":"Busted Crown"}],"items_purged_floors":[3,20,37,47],"is_endless":false,"potions_floor_spawned":[1,2,13,16,18,24,28,31,33,35,38,39,40,42,44,45,46,48],"ascension_level":1}}