{"host":"fc97bmrl7qvj4ruk","time":1611423886,"event":{"mods":["AchievementEnabler","Act Like it!","BaseMod","ChefMod","Colored Map","Gensokyo","GifTheSpireLib","Hermit","Minty Spire (QoL Compilation)","Replay The Spire","Robot Space Explorer","StSLib","The Death Knight","The Hayseed"],"gold_per_floor":[117,117,136,156,156,190,190,190,241,269,300,342,304,348,360,477,489,513,525,554,481,418,430,470,482,494,506,553,565,605,647,659,671,671],"floor_reached":33,"language":"ZHS","playtime":2786,"items_purged":[],"score":400,"play_id":"01422232-f7de-4e24-852c-b0c900933254","local_time":"20210123134446","is_ascension_mode":true,"campfire_choices":[{"data":"hermit:CalledShot","floor":7.0,"key":"SMITH"},{"data":"hermit:Quickdraw","floor":15,"key":"SMITH"},{"data":"hermit:HeroicBravado","floor":23,"key":"SMITH"},{"data":"hermit:Dive","floor":27,"key":"SMITH"},{"data":"hermit:Covet","floor":29,"key":"SMITH"},{"data":"hermit:WideOpen","floor":32,"key":"SMITH"}],"circlet_count":0,"master_deck":["hermit:Strike_Hermit","hermit:Strike_Hermit","hermit:Strike_Hermit","hermit:Defend_Hermit","hermit:Defend_Hermit","hermit:Defend_Hermit","hermit:Snapshot","hermit:Covet+1","hermit:Quickdraw+1","hermit:Shortfuse","hermit:CalledShot+1","hermit:Vantage","hermit:Dive+1","hermit:Glare","hermit:HeroicBravado+1","Gensokyo:ImpossibleRequest","CommonCold","hermit:HighCaliber+1","hermit:Feint+1","hermit:FinalCanter","hermit:WideOpen+1","hermit:Enervate"],"relics":["hermit:Momento","NeowsBlessing","Bird Faced Urn","Bag of Preparation","Singing Bowl","MawBank","WingedGreaves","ReplayTheSpireMod:Ninjato","Replay:Ancient Bell","Potion Belt","Snack Pack","Counterbalance","FaceOfCleric","Ornamental Fan","Lantern","Bottled Lightning","Dream Catcher","Girya","Replay:Ringing Soul"],"acts_visited":["Exordium","TheCity"],"potions_floor_usage":[16,16,24,28,33],"damage_taken":[{"damage":0.0,"enemies":"Small Slimes","floor":1.0,"turns":1.0},{"damage":0.0,"enemies":"Cultist","floor":3.0,"turns":1.0},{"damage":0.0,"enemies":"Jaw Worm","floor":4.0,"turns":1.0},{"damage":10.0,"enemies":"Gremlin Nob","floor":6.0,"turns":3.0},{"damage":11.0,"enemies":"Exordium Wildlife","floor":10.0,"turns":3.0},{"damage":0,"enemies":"Blue Slaver","floor":11,"turns":2},{"damage":4,"enemies":"3 Sentries","floor":12,"turns":8},{"damage":4,"enemies":"Gremlin Nob","floor":14,"turns":4},{"damage":29,"enemies":"Fading Forest","floor":16,"turns":11},{"damage":16,"enemies":"Shell Parasite","floor":18,"turns":5},{"damage":13,"enemies":"Spheric Guardian","floor":20,"turns":6},{"damage":22,"enemies":"Book of Stabbing","floor":24,"turns":6},{"damage":12,"enemies":"Replay:Snechameleon","floor":28,"turns":11},{"damage":1,"enemies":"Slavers","floor":30,"turns":10},{"damage":25,"enemies":"Gremlin Leader","floor":31,"turns":14},{"damage":40,"enemies":"Pondfish","floor":33,"turns":10}],"seed_played":"439773857627707835","potions_obtained":[{"floor":1.0,"key":"Swift Potion"},{"floor":6.0,"key":"Doom Potion"},{"floor":12,"key":"SneckoOil"},{"floor":18,"key":"SneckoOil"},{"floor":31,"key":"PowerPotion"}],"is_trial":false,"path_per_floor":["M","?","M","M","T","E","R","T","T","M","M","E","?","E","R","B",null,"M","?","M","?","?","R","E","$","T","R","E","R","E","E","R","B"],"character_chosen":"HERMIT","items_purchased":[],"campfire_rested":0,"item_purchase_floors":[],"current_hp_per_floor":[75,75,75,75,75,65,65,65,65,54,54,50,50,48,48,35,77,62,62,52,52,52,52,39,39,39,39,32,32,36,29,29,0,0],"gold":671,"neow_bonus":"THREE_ENEMY_KILL","is_daily":false,"chose_seed":false,"campfire_upgraded":6,"win_rate":0.0,"timestamp":1611423886,"path_taken":["M","?","?","?","?","E","R","?","T","M","M","E","?","E","R","BOSS","M","?","?","?","?","R","E","$","T","R","E","R","E","E","R","BOSS"],"items_purchased_type":[],"build_version":"2020-12-22","purchased_purges":0,"victory":false,"max_hp_per_floor":[75,75,75,75,75,75,75,75,75,75,75,75,75,77,77,77,77,77,77,78,78,78,78,81,81,81,81,82,82,83,87,87,87,87],"card_choices":[{"not_picked":["hermit:LuckOfTheDraw","hermit:TakeCover"],"picked":"hermit:Quickdraw","floor":1.0},{"not_picked":["hermit:Malice","hermit:Snipe"],"picked":"hermit:Shortfuse","floor":3.0},{"not_picked":["hermit:HoleUp","hermit:Roulette","hermit:Snipe"],"picked":"SKIP","floor":4.0},{"not_picked":["hermit:HighCaliber","hermit:EternalForm"],"picked":"hermit:CalledShot","floor":6.0},{"not_picked":["hermit:Enervate","hermit:DeadMansHand"],"picked":"hermit:Vantage","floor":10},{"not_picked":["hermit:Headshot","hermit:TrackingShot"],"picked":"hermit:Dive","floor":11},{"not_picked":["hermit:ItchyTrigger","hermit:Desperado"],"picked":"hermit:Glare","floor":12},{"not_picked":["hermit:Malice","hermit:Desperado","hermit:Spite"],"picked":"Singing Bowl","floor":14},{"not_picked":["hermit:Gambit","hermit:Roughhouse"],"picked":"hermit:HeroicBravado","floor":16},{"not_picked":["ReplayTheSpireMod:Restless Dread","Overencumbered"],"picked":"Gensokyo:ImpossibleRequest","floor":17},{"not_picked":["hermit:ImpendingDoom","TheSimpletonMod:Gnats"],"picked":"Amnesia","floor":17},{"not_picked":["TheSimpletonMod:Frostbite","CurseOfTheBell"],"picked":"CommonCold","floor":17},{"not_picked":["hermit:Cheat+1","hermit:Spite"],"picked":"hermit:HighCaliber+1","floor":18},{"not_picked":["hermit:Vantage","hermit:ItchyTrigger"],"picked":"hermit:Feint+1","floor":20},{"not_picked":["hermit:Manifest","hermit:Shortfuse+1","hermit:NoHoldsBarred+1"],"picked":"Singing Bowl","floor":24},{"not_picked":["hermit:Dive","hermit:Midnight"],"picked":"hermit:FinalCanter","floor":28},{"not_picked":["hermit:EternalForm","hermit:BodyArmor"],"picked":"hermit:WideOpen","floor":30},{"not_picked":["hermit:LowProfile+1","hermit:Virtue"],"picked":"hermit:Enervate","floor":31}],"player_experience":190286,"relics_obtained":[{"floor":5.0,"key":"Bird Faced Urn"},{"floor":6.0,"key":"Bag of Preparation"},{"floor":8.0,"key":"Singing Bowl"},{"floor":9.0,"key":"MawBank"},{"floor":12,"key":"WingedGreaves"},{"floor":14,"key":"ReplayTheSpireMod:Ninjato"},{"floor":24,"key":"Lantern"},{"floor":26,"key":"Bottled Lightning"},{"floor":28,"key":"Dream Catcher"},{"floor":30,"key":"Girya"},{"floor":31,"key":"Replay:Ringing Soul"}],"event_choices":[{"cards_removed":["hermit:Defend_Hermit"],"damage_healed":0.0,"max_hp_gain":0.0,"max_hp_loss":0.0,"gold_gain":0.0,"event_name":"Bonfire Elementals","player_choice":"Offered Basic","floor":2.0,"gold_loss":0.0,"damage_taken":0.0},{"cards_removed":["hermit:Strike_Hermit"],"damage_healed":0,"gold_gain":0,"player_choice":"Card Removal","damage_taken":0,"max_hp_gain":0,"max_hp_loss":0,"event_name":"The Cleric","floor":13,"gold_loss":50},{"damage_healed":0,"gold_gain":0,"player_choice":"Trade","damage_taken":0,"relics_obtained":["FaceOfCleric"],"max_hp_gain":0,"max_hp_loss":0,"event_name":"FaceTrader","floor":19,"gold_loss":0},{"damage_healed":0,"gold_gain":0,"player_choice":"Obtained Relic","damage_taken":0,"relics_obtained":["Ornamental Fan"],"max_hp_gain":0,"max_hp_loss":0,"event_name":"Addict","floor":21,"gold_loss":85},{"cards_removed":["Amnesia"],"damage_healed":0,"gold_gain":0,"player_choice":"Gave Gold","damage_taken":0,"max_hp_gain":0,"max_hp_loss":0,"event_name":"Beggar","floor":22,"gold_loss":75}],"is_beta":false,"boss_relics":[{"not_picked":["Painkiller Herb","Pandora\u0027s Box"],"picked":"Replay:Ancient Bell"},{"not_picked":["War Paint","Anchor"],"picked":"Potion Belt"},{"not_picked":["DeathKnight:SindragosasSkull","Sundial"],"picked":"Snack Pack"},{"not_picked":["Durian","Pondfish Scales"],"picked":"Counterbalance"}],"items_purged_floors":[],"is_endless":false,"potions_floor_spawned":[1,6,12,18,31],"killed_by":"Pondfish","ascension_level":2}}