{"host":"lnnm69al9x392px5","time":1611387033,"event":{"mods":["BaseMod","Downfall","Minty Spire (QoL Compilation)","StSLib"],"gold_per_floor":[99,109,12,30,43,43,66,76,133,133,133,133,133,167,181,279,279,279,290,309,409,429,429,429,429,429,429],"floor_reached":25,"language":"ENG","playtime":1087,"items_purged":[],"score":201,"play_id":"3ccab105-376a-4b18-818b-8f75f695c84f","local_time":"20210122233032","is_ascension_mode":false,"campfire_choices":[{"data":"sneckomod:TailWhip","floor":1,"key":"SMITH"},{"data":"Choke","floor":11,"key":"SMITH"},{"data":"expansioncontent:Hexaburn","floor":13,"key":"SMITH"},{"data":"sneckomod:UnlimitedRolls","floor":18,"key":"SMITH"},{"data":"sneckomod:DiceBoulder","floor":23,"key":"SMITH"}],"circlet_count":0,"master_deck":["sneckomod:Strike","sneckomod:Strike","sneckomod:Defend","sneckomod:Defend","sneckomod:Defend","sneckomod:TailWhip+1","sneckomod:SnekBite","sneckomod:Unknown","sneckomod:UnknownBlock","sneckomod:UnknownCommonAttack","expansioncontent:Hexaburn+1","Choke+1","sneckomod:QuickBite","sneckomod:WideSting","sneckomod:RainOfDice","sneckomod:UnknownUncommonAttack","sneckomod:SoulCleanse","sneckomod:UnlimitedRolls+1","sneckomod:UnknownClassHEXA_GHOST_PURPLE","sneckomod:CheapStock","sneckomod:DiceBoulder+1"],"relics":["sneckomod:SneckoSoul","Oddly Smooth Stone","Orichalcum","Ornamental Fan","SlaversCollar","Vajra"],"acts_visited":["Exordium","TheCity"],"potions_floor_usage":[9,16,16],"damage_taken":[{"damage":4,"enemies":"2 Louse","floor":2,"turns":3},{"damage":0,"enemies":"downfall:FleeingMerchant","floor":3,"turns":4},{"damage":14,"enemies":"Jaw Worm","floor":4,"turns":4},{"damage":0,"enemies":"Small Slimes","floor":5,"turns":3},{"damage":4,"enemies":"2 Fungi Beasts","floor":8,"turns":2},{"damage":44,"enemies":"Lagavulin Event","floor":9,"turns":7},{"damage":12,"enemies":"Gremlin Nob","floor":14,"turns":4},{"damage":22,"enemies":"Exordium Thugs","floor":15,"turns":3},{"damage":26,"enemies":"DF_ARCHETYPE_STREAMLINE","floor":16,"turns":9},{"damage":26,"enemies":"Shell Parasite","floor":19,"turns":8},{"damage":6,"enemies":"3 Byrds","floor":20,"turns":4},{"damage":26,"enemies":"Snake Plant","floor":22,"turns":5},{"damage":43,"enemies":"3 Cultists","floor":25,"turns":4}],"seed_played":"-2011182690415552650","potions_obtained":[{"floor":2,"key":"EssenceOfSteel"},{"floor":4,"key":"Block Potion"},{"floor":5,"key":"CultistPotion"},{"floor":14,"key":"Regen Potion"},{"floor":16,"key":"sneckomod:OffclassReductionPotion"},{"floor":19,"key":"SteroidPotion"}],"is_trial":false,"path_per_floor":["R","M","$","M","M","?","T","M","?","?","R","?","R","E","M","B",null,"R","M","M","?","M","R","T","M"],"character_chosen":"THE_SNECKO","items_purchased":["expansioncontent:Hexaburn"],"campfire_rested":0,"item_purchase_floors":[3],"current_hp_per_floor":[99,95,95,81,81,81,81,77,33,66,66,66,66,54,32,21,99,99,73,67,67,41,41,41,0,0,0],"gold":429,"neow_bonus":"TEN_PERCENT_HP_BONUS","is_daily":false,"chose_seed":false,"campfire_upgraded":5,"win_rate":0.0,"timestamp":1611387032,"path_taken":["R","M","$","M","M","?","T","M","?","?","R","?","R","E","M","BOSS","R","M","M","?","M","R","T","M"],"items_purchased_type":["Card"],"build_version":"2020-12-22","purchased_purges":0,"victory":false,"max_hp_per_floor":[99,99,99,99,99,99,99,99,99,99,99,99,99,99,99,99,99,99,99,99,99,99,99,99,99,99,99],"card_choices":[{"not_picked":["sneckomod:RainOfDice","sneckomod:DiceBoulder"],"picked":"sneckomod:UnknownBlock","floor":2},{"not_picked":["sneckomod:ImprovisedAttack","sneckomod:UnknownUncommonSkill"],"picked":"sneckomod:UnknownCommonAttack","floor":3},{"not_picked":["sneckomod:DefensiveFlair","sneckomod:QuickMove"],"picked":"sneckomod:Memorize","floor":4},{"not_picked":["sneckomod:ImprovisedAttack","sneckomod:Unknown1Cost"],"picked":"sneckomod:QuickBite","floor":5},{"not_picked":["sneckomod:UnknownCommonSkill","sneckomod:Unknown1Cost"],"picked":"sneckomod:WideSting","floor":8},{"not_picked":["sneckomod:QuickMove","sneckomod:DiceBoulder"],"picked":"sneckomod:RainOfDice","floor":9},{"not_picked":["sneckomod:SoulRoll","sneckomod:UnknownBlock"],"picked":"sneckomod:UnknownUncommonAttack","floor":14},{"not_picked":["sneckomod:Memorize","sneckomod:UnknownCommonAttack"],"picked":"sneckomod:SoulCleanse","floor":15},{"not_picked":["sneckomod:UnknownRarePower","sneckomod:UnknownRareAttack"],"picked":"sneckomod:UnlimitedRolls","floor":16},{"not_picked":["sneckomod:RainOfDice","sneckomod:UnknownClassRED"],"picked":"sneckomod:UnknownClassHEXA_GHOST_PURPLE","floor":19},{"not_picked":["sneckomod:DiceBlock","sneckomod:QuickBite"],"picked":"sneckomod:CheapStock","floor":20},{"not_picked":["sneckomod:UnknownVulnerable","sneckomod:QuickMove"],"picked":"sneckomod:DiceBoulder","floor":22}],"player_experience":243079,"relics_obtained":[{"floor":7,"key":"Oddly Smooth Stone"},{"floor":14,"key":"Ornamental Fan"},{"floor":24,"key":"Vajra"}],"event_choices":[{"damage_healed":33,"gold_gain":0,"player_choice":"Banana","damage_taken":0,"max_hp_gain":0,"max_hp_loss":0,"event_name":"Big Fish","floor":10,"gold_loss":0}],"is_beta":false,"boss_relics":[{"not_picked":["Coffee Dripper","Snecko Eye"],"picked":"SlaversCollar"}],"items_purged_floors":[],"is_endless":false,"potions_floor_spawned":[2,4,5,14,16,19,20],"killed_by":"3 Cultists","ascension_level":0}}