{"host":"ordk2y2ebcetabk6","time":1611431691,"event":{"mods":["AlwaysNeverKeys","Astrologer","Bard","BaseMod","Better Debug","Colored Map","Colored Powertips","Dark Map","Hermit","Highlight Path","Minty Spire (QoL Compilation)","Permanent Neow","Rare Cards Sparkle","Spire Arcade","StSLib","The Hydrologist","Wide Potions"],"gold_per_floor":[117,128,128,155,172,197,217,64,64,93,113,113,127,58,58,161,161,179,179,179,79,79,104,104,104,127,127,140,140,158,158,158,256,256,266,266,266,266,279,279,303,303,326,326,342,374,388,388,388,388],"floor_reached":51,"language":"ENG","playtime":2888,"items_purged":["hydrologistmod:Strike_Hydrologist","hydrologistmod:Strike_Hydrologist"],"score":701,"play_id":"773cb8ec-c716-40f5-a623-fc56b3bb4e17","local_time":"20210123125451","is_ascension_mode":false,"campfire_choices":[{"data":"hydrologistmod:Endothermancy","floor":12,"key":"SMITH"},{"data":"hydrologistmod:ResonantCrystal","floor":15,"key":"SMITH"},{"data":"hydrologistmod:CrystalSpear","floor":27,"key":"SMITH"},{"floor":29,"key":"REST"},{"data":"hydrologistmod:FrostWhip","floor":32,"key":"SMITH"},{"floor":40,"key":"REST"},{"floor":42,"key":"REST"},{"floor":44,"key":"REST"},{"floor":49,"key":"REST"}],"circlet_count":0,"master_deck":["hydrologistmod:FrostWhip+1","hydrologistmod:Hydraulics+1","hydrologistmod:Defend_Hydrologist","hydrologistmod:Defend_Hydrologist","hydrologistmod:Defend_Hydrologist","hydrologistmod:UnstableDefend","hydrologistmod:UnstableDefend","hydrologistmod:MeltingIceberg","hydrologistmod:Endothermancy","hydrologistmod:WaterWheel","hydrologistmod:GlacialSynthesis","hydrologistmod:CrystalLattice","hydrologistmod:Endothermancy+1","hydrologistmod:FreezeDry","hydrologistmod:SoggySynthesis","hydrologistmod:ResonantCrystal+1","hydrologistmod:Evaporation+1","hydrologistmod:SearingSynthesis+1","hydrologistmod:YawningAbyss+1"],"relics":["hydrologistmod:WaterPouch","Pen Nib","Whetstone","InkBottle","Regal Pillow","Philosopher\u0027s Stone","hydrologistmod:GliderStaff","Pocketwatch","Tiny Chest","Fusion Hammer","hydrologistmod:PreciousNecklace","Lantern","Art of War"],"acts_visited":["Exordium","TheCity","TheBeyond"],"potions_floor_usage":[6,10,33,50,50],"damage_taken":[{"damage":2,"enemies":"Cultist","floor":1,"turns":4},{"damage":7,"enemies":"Small Slimes","floor":2,"turns":5},{"damage":1,"enemies":"2 Louse","floor":5,"turns":3},{"damage":25,"enemies":"Gremlin Nob","floor":6,"turns":4},{"damage":6,"enemies":"Red Slaver","floor":7,"turns":4},{"damage":18,"enemies":"Lagavulin","floor":10,"turns":4},{"damage":0,"enemies":"2 Fungi Beasts","floor":11,"turns":2},{"damage":2,"enemies":"Blue Slaver","floor":13,"turns":5},{"damage":2,"enemies":"Hexaghost","floor":16,"turns":9},{"damage":24,"enemies":"2 Thieves","floor":18,"turns":5},{"damage":6,"enemies":"Gremlin Leader","floor":23,"turns":4},{"damage":14,"enemies":"Shell Parasite","floor":28,"turns":4},{"damage":4,"enemies":"Sentry and Sphere","floor":30,"turns":3},{"damage":16,"enemies":"Collector","floor":33,"turns":11},{"damage":33,"enemies":"3 Darklings","floor":35,"turns":6},{"damage":21,"enemies":"Orb Walker","floor":39,"turns":3},{"damage":18,"enemies":"Sphere and 2 Shapes","floor":45,"turns":6},{"damage":24,"enemies":"Nemesis","floor":46,"turns":5},{"damage":14,"enemies":"Maw","floor":47,"turns":5},{"damage":42,"enemies":"Time Eater","floor":50,"turns":6}],"seed_played":"3900732922206021389","potions_obtained":[{"floor":5,"key":"Energy Potion"},{"floor":6,"key":"LiquidBronze"},{"floor":7,"key":"hydrologistmod:BottledWater"},{"floor":13,"key":"Strength Potion"},{"floor":28,"key":"hydrologistmod:BottledWater"},{"floor":46,"key":"Block Potion"}],"is_trial":false,"path_per_floor":["M","M","?","T","M","E","M","$","T","E","M","R","M","$","R","B",null,"M","?","?","$","?","E","T","$","T","R","M","R","M","?","R","B",null,"M","$","?","$","M","R","T","R","T","R","M","E","M","?","R","B",null],"character_chosen":"HYDROLOGIST_CLASS","items_purchased":["hydrologistmod:FreezeDry","hydrologistmod:ResonantCrystal"],"campfire_rested":5,"item_purchase_floors":[8,14],"current_hp_per_floor":[75,68,68,68,67,42,36,36,36,18,18,18,16,16,16,14,77,53,53,39,39,39,33,33,33,33,33,19,58,54,54,54,38,82,49,49,49,49,28,67,67,82,82,82,64,40,26,26,65,23],"gold":388,"neow_bonus":"ONE_RANDOM_RARE_CARD","is_daily":false,"chose_seed":false,"campfire_upgraded":4,"win_rate":0.0,"timestamp":1611431691,"path_taken":["M","?","?","?","M","E","M","$","T","E","?","R","M","$","R","BOSS","M","?","?","$","?","E","?","$","T","R","M","R","M","?","R","BOSS","M","?","?","$","M","R","?","R","T","R","M","E","M","?","R","BOSS"],"items_purchased_type":["Card","Card"],"build_version":"2020-12-22","purchased_purges":2,"victory":true,"max_hp_per_floor":[77,77,77,77,77,77,77,77,77,77,77,77,77,77,77,77,77,77,77,82,82,82,82,82,82,82,82,82,82,82,82,82,82,82,82,82,82,82,82,82,82,82,82,82,82,82,82,82,82,82],"card_choices":[{"not_picked":["hydrologistmod:GhostlyMist","hydrologistmod:Hail"],"picked":"hydrologistmod:Endothermancy","floor":1},{"not_picked":["hydrologistmod:TidalWave","hydrologistmod:StormFront"],"picked":"hydrologistmod:WaterWheel","floor":2},{"not_picked":["hydrologistmod:OccludingMist","hydrologistmod:SearingSynthesis"],"picked":"hydrologistmod:GlacialSynthesis","floor":5},{"not_picked":["hydrologistmod:IcyFloe","hydrologistmod:OccludingMist"],"picked":"hydrologistmod:CrystalLattice","floor":6},{"not_picked":["hydrologistmod:Dehydrate","hydrologistmod:StormFront"],"picked":"hydrologistmod:Endothermancy","floor":7},{"not_picked":["hydrologistmod:Dehydrate","hydrologistmod:PressureCycle","hydrologistmod:Debilitate"],"picked":"SKIP","floor":10},{"not_picked":["hydrologistmod:GlacialStrike","hydrologistmod:IcyFloe","hydrologistmod:OccludingMist"],"picked":"SKIP","floor":11},{"not_picked":["hydrologistmod:Reservoir","hydrologistmod:Endothermancy"],"picked":"hydrologistmod:SoggySynthesis","floor":13},{"not_picked":["hydrologistmod:MeltingIceberg","hydrologistmod:ScaldingGeyser"],"picked":"hydrologistmod:CrystalSpear","floor":16},{"not_picked":["hydrologistmod:DimensionalIcicles","hydrologistmod:GlacialStrike","hydrologistmod:GlacialSynthesis"],"picked":"SKIP","floor":18},{"not_picked":["hydrologistmod:HighTide","hydrologistmod:Evaporation","hydrologistmod:GhostlyMist"],"picked":"SKIP","floor":23},{"not_picked":["hydrologistmod:Debilitate","hydrologistmod:Dehydrate+1"],"picked":"hydrologistmod:Evaporation+1","floor":28},{"not_picked":["hydrologistmod:HeatBlast","hydrologistmod:Freeze+1","hydrologistmod:GlacialStrike"],"picked":"SKIP","floor":30},{"not_picked":["hydrologistmod:GlacialSynthesis","hydrologistmod:Debilitate","hydrologistmod:ResonantCrystal+1"],"picked":"SKIP","floor":35},{"not_picked":["hydrologistmod:GhostlyMist+1","hydrologistmod:OccludingMist+1"],"picked":"hydrologistmod:SearingSynthesis+1","floor":39},{"not_picked":["hydrologistmod:Defrost","hydrologistmod:Crystallization","hydrologistmod:FreezeDry"],"picked":"SKIP","floor":45},{"not_picked":["hydrologistmod:IcyFloe","hydrologistmod:Crystallization"],"picked":"hydrologistmod:YawningAbyss+1","floor":46},{"not_picked":["hydrologistmod:Freeze+1","hydrologistmod:HeatBlast+1","hydrologistmod:Evaporation+1"],"picked":"SKIP","floor":47}],"player_experience":1051565,"relics_obtained":[{"floor":4,"key":"Pen Nib"},{"floor":6,"key":"Whetstone"},{"floor":9,"key":"InkBottle"},{"floor":10,"key":"Regal Pillow"},{"floor":23,"key":"hydrologistmod:GliderStaff"},{"floor":24,"key":"Pocketwatch"},{"floor":26,"key":"Tiny Chest"},{"floor":41,"key":"hydrologistmod:PreciousNecklace"},{"floor":43,"key":"Lantern"},{"floor":46,"key":"Art of War"}],"event_choices":[{"damage_healed":0,"gold_gain":0,"player_choice":"Shed Blood","damage_taken":19,"max_hp_gain":5,"max_hp_loss":0,"event_name":"Forgotten Altar","floor":20,"gold_loss":0},{"damage_healed":0,"gold_gain":0,"player_choice":"Ignored","damage_taken":0,"max_hp_gain":0,"max_hp_loss":0,"event_name":"Vampires","floor":22,"gold_loss":0},{"cards_removed":["hydrologistmod:Strike_Hydrologist"],"damage_healed":0,"gold_gain":0,"player_choice":"Purged","damage_taken":0,"max_hp_gain":0,"max_hp_loss":0,"event_name":"Purifier","floor":31,"gold_loss":0},{"damage_healed":0,"gold_gain":0,"player_choice":"Ignored","damage_taken":0,"max_hp_gain":0,"max_hp_loss":0,"event_name":"Mysterious Sphere","floor":37,"gold_loss":0},{"cards_removed":["hydrologistmod:CrystalSpear"],"damage_healed":0,"gold_gain":0,"player_choice":"Removed Attack","damage_taken":0,"max_hp_gain":0,"max_hp_loss":0,"event_name":"Falling","floor":48,"gold_loss":0}],"is_beta":false,"boss_relics":[{"not_picked":["Runic Pyramid","SacredBark"],"picked":"Philosopher\u0027s Stone"},{"not_picked":["Calling Bell","Empty Cage"],"picked":"Fusion Hammer"}],"items_purged_floors":[8,21],"is_endless":false,"potions_floor_spawned":[5,6,7,13,28,30,45,46,47],"ascension_level":0}}