{"host":"ebj6lkgm8suah319","time":1611372411,"event":{"mods":["2.2 Compatiblity","AchievementEnabler","BaseMod","Block Reminder","Colored Map","Colored Powertips","Minty Spire (QoL Compilation)","Quick Restart","Rare Cards Sparkle","Relic Stats","SuperFastMode"],"gold_per_floor":[216,38,51,51,74,74,114,132,132,132,156,191,191,206,206,206,206],"floor_reached":16,"language":"ENG","playtime":360,"items_purged":[],"score":190,"play_id":"4f546e25-4a28-46c4-a82c-41b41b3dad28","local_time":"20210122222651","is_ascension_mode":true,"campfire_choices":[{"data":"Carnage","floor":6.0,"key":"SMITH"},{"data":"Whirlwind","floor":10.0,"key":"SMITH"},{"data":"Corruption","floor":13.0,"key":"SMITH"},{"data":"Dual Wield","floor":15.0,"key":"SMITH"}],"circlet_count":0,"master_deck":["AscendersBane","Strike_R","Strike_R","Strike_R","Strike_R","Strike_R","Defend_R","Defend_R","Defend_R","Defend_R","Bash","Burning Pact","Corruption+1","Pommel Strike","Twin Strike","Carnage+1","Dark Embrace","Whirlwind+1","Dropkick","Double Tap","Dual Wield+1"],"relics":["Burning Blood","Golden Idol","Anchor","Blood Vial","Bottled Tornado"],"acts_visited":["Exordium"],"potions_floor_usage":[16],"damage_taken":[{"damage":6.0,"enemies":"Cultist","floor":1.0,"turns":4.0},{"damage":19.0,"enemies":"Jaw Worm","floor":3.0,"turns":4.0},{"damage":5.0,"enemies":"Small Slimes","floor":5.0,"turns":4.0},{"damage":16.0,"enemies":"Gremlin Nob","floor":7.0,"turns":3.0},{"damage":4.0,"enemies":"2 Fungi Beasts","floor":8.0,"turns":3.0},{"damage":11.0,"enemies":"Large Slime","floor":11.0,"turns":5.0},{"damage":5.0,"enemies":"3 Sentries","floor":12.0,"turns":4.0},{"damage":12.0,"enemies":"Exordium Thugs","floor":14.0,"turns":4.0},{"damage":50,"enemies":"The Guardian","floor":16,"turns":5}],"seed_played":"5510841159520955659","potions_obtained":[{"floor":3.0,"key":"AttackPotion"},{"floor":7.0,"key":"Strength Potion"},{"floor":11.0,"key":"SkillPotion"},{"floor":12.0,"key":"Swift Potion"}],"is_trial":false,"path_per_floor":["M","$","M","?","M","R","E","M","T","R","M","E","R","M","R","B"],"character_chosen":"IRONCLAD","items_purchased":["Corruption","Pommel Strike"],"campfire_rested":0,"item_purchase_floors":[2,2],"current_hp_per_floor":[68,68,55,55,56,56,46,48,48,48,45,48,48,44,44,0,0],"gold":206,"neow_bonus":"HUNDRED_GOLD","is_daily":false,"chose_seed":false,"campfire_upgraded":4,"win_rate":0.0,"timestamp":1611372411,"path_taken":["M","$","?","?","M","R","E","M","T","R","M","E","R","M","R","BOSS"],"items_purchased_type":["Card","Card"],"build_version":"2020-12-22","purchased_purges":0,"victory":false,"max_hp_per_floor":[75,75,75,69,69,69,69,69,69,69,69,69,69,69,69,69,69],"relic_stats":{"Blood Vial":8,"counters":[9,36],"Golden Idol":32,"obtain_stats":[{"Blood Vial":9,"Anchor":7,"Golden Idol":4,"Bottled Tornado":12,"Burning Blood":0},{"Blood Vial":5,"Anchor":4,"Golden Idol":2,"Bottled Tornado":7,"Burning Blood":0},{"Blood Vial":18,"Anchor":15,"Golden Idol":8,"Bottled Tornado":27,"Burning Blood":0}],"Burning Blood":48},"card_choices":[{"not_picked":["Havoc","Clash"],"picked":"Burning Pact","floor":1.0},{"not_picked":["Rampage","Perfected Strike"],"picked":"Twin Strike","floor":3.0},{"not_picked":["Shrug It Off","Anger"],"picked":"Carnage","floor":5.0},{"not_picked":["Shrug It Off","Pummel"],"picked":"Dark Embrace","floor":7.0},{"not_picked":["Reckless Charge","Flex"],"picked":"Whirlwind","floor":8.0},{"not_picked":["Wild Strike","Twin Strike"],"picked":"Dropkick","floor":11.0},{"not_picked":["Headbutt","Flex"],"picked":"Double Tap","floor":12.0},{"not_picked":["Thunderclap","Clothesline"],"picked":"Dual Wield","floor":14.0}],"player_experience":42537,"relics_obtained":[{"floor":7.0,"key":"Anchor"},{"floor":9.0,"key":"Blood Vial"},{"floor":12.0,"key":"Bottled Tornado"}],"event_choices":[{"damage_healed":0.0,"max_hp_gain":0.0,"max_hp_loss":6.0,"gold_gain":0.0,"event_name":"Golden Idol","player_choice":"Lose Max HP","floor":4.0,"gold_loss":0.0,"damage_taken":0.0,"relics_obtained":["Golden Idol"]}],"is_beta":false,"boss_relics":[],"items_purged_floors":[],"is_endless":false,"potions_floor_spawned":[3,7,11,12],"killed_by":"The Guardian","ascension_level":14}}