{"host":"ncocfkoislda923u","time":1611380458,"event":{"mods":["BaseMod","Googly Eyes","HololiveMod","Minty Spire (QoL Compilation)","Spire Arcade","StSLib"],"gold_per_floor":[78,98,114,137,62,109,109,131,183,183,133,147,147,211,211,307,307,326,326,326,358,237,263,282,282,333,359,386,81,81,81,81,190,190,201,201,301,316,335,382,399,427,427,377,400,400,412,444,444,450,450,450,183,208,208,208],"floor_reached":55,"language":"ENG","playtime":4316,"items_purged":["Hololive_Strike","Hololive_RevenueBasedLive","Hololive_Strike","Writhe","Hololive_Defend","Hololive_RevenueBasedLive"],"score":1119,"play_id":"09836796-420d-4214-953a-e56b2689e353","local_time":"20210123064058","is_ascension_mode":false,"campfire_choices":[{"data":"Hololive_DevilCharm","floor":7,"key":"SMITH"},{"data":"Hololive_CallOmaruPolka","floor":10,"key":"SMITH"},{"data":"Hololive_StarCraft","floor":13,"key":"SMITH"},{"data":"Hololive_CallRoboco","floor":15,"key":"SMITH"},{"data":"Hololive_CallYozoraMel","floor":25,"key":"SMITH"},{"floor":30,"key":"RECALL"},{"data":"Hololive_Recruit","floor":32,"key":"SMITH"},{"data":"Hololive_IdolExercise","floor":49,"key":"SMITH"},{"data":"Hololive_StrengthChampion+1","floor":52,"key":"SMITH"}],"circlet_count":0,"master_deck":["Hololive_DevilCharm+1","Hololive_CallRoboco+1","Hololive_CallHimemoriLuna","Hololive_CallYuzukiChoco","Hololive_CallInugamiKorone","Hololive_CallYozoraMel+1","Hololive_StarCraft+1","Hololive_CallUsadaPekora","Hololive_Thief","Hololive_CallOmaruPolka+1","Hololive_FlyingPonyTail","Hololive_CallUruhaRushia","Hololive_Recruit+1","Hololive_CocoNews+1","Hololive_FlyingPonyTail+1","Hololive_CallDoris","Hololive_FlyingPonyTail+1","Hololive_ILoveYou+1","Hololive_CallTsunomakiWatame","Hololive_HighAtkLowDef","Hololive_BeCareful","Hololive_CallTokinoSora+1","Hololive_StrengthChampion+2","Hololive_IdolExercise+1","Hololive_CallAyundaRisu+1","Hololive_CallRosalyn+1","Hololive_CallOzoraSubaru","Hololive_AWSL"],"relics":["Hololive_TheStar","NeowsBlessing","Toy Ornithopter","Smiling Mask","InkBottle","Hololive_Finger","Nilry\u0027s Codex","Lantern","Thread and Needle","Mercury Hourglass","HornCleat","Busted Crown","Art of War","Unceasing Top","Bronze Scales","Pantograph"],"acts_visited":["Exordium","TheCity","TheBeyond","TheEnding"],"potions_floor_usage":[55,55],"damage_taken":[{"damage":0,"enemies":"Small Slimes","floor":1,"turns":1},{"damage":0,"enemies":"Jaw Worm","floor":2,"turns":2},{"damage":0,"enemies":"2 Louse","floor":3,"turns":2},{"damage":0,"enemies":"2 Fungi Beasts","floor":4,"turns":3},{"damage":0,"enemies":"Lagavulin","floor":6,"turns":5},{"damage":0,"enemies":"Red Slaver","floor":8,"turns":4},{"damage":0,"enemies":"Blue Slaver","floor":12,"turns":3},{"damage":0,"enemies":"Lagavulin Event","floor":14,"turns":5},{"damage":0,"enemies":"Slime Boss","floor":16,"turns":5},{"damage":0,"enemies":"Spheric Guardian","floor":18,"turns":3},{"damage":0,"enemies":"3 Byrds","floor":21,"turns":4},{"damage":0,"enemies":"Book of Stabbing","floor":23,"turns":4},{"damage":0,"enemies":"Snecko","floor":24,"turns":4},{"damage":0,"enemies":"Snake Plant","floor":27,"turns":3},{"damage":0,"enemies":"Slavers","floor":28,"turns":5},{"damage":0,"enemies":"Champ","floor":33,"turns":8},{"damage":0,"enemies":"Orb Walker","floor":35,"turns":2},{"damage":4,"enemies":"3 Shapes","floor":38,"turns":3},{"damage":0,"enemies":"3 Darklings","floor":39,"turns":5},{"damage":0,"enemies":"Reptomancer","floor":40,"turns":7},{"damage":0,"enemies":"Writhing Mass","floor":41,"turns":3},{"damage":0,"enemies":"Nemesis","floor":42,"turns":9},{"damage":0,"enemies":"Maw","floor":45,"turns":4},{"damage":0,"enemies":"Sphere and 2 Shapes","floor":47,"turns":4},{"damage":0,"enemies":"3 Darklings","floor":48,"turns":3},{"damage":0,"enemies":"Time Eater","floor":50,"turns":7},{"damage":0,"enemies":"Shield and Spear","floor":54,"turns":5},{"damage":62,"enemies":"The Heart","floor":55,"turns":8}],"seed_played":"675981411497753926","potions_obtained":[{"floor":3,"key":"Explosive Potion"},{"floor":4,"key":"Energy Potion"},{"floor":6,"key":"SteroidPotion"},{"floor":21,"key":"EssenceOfSteel"},{"floor":24,"key":"DuplicationPotion"},{"floor":38,"key":"CultistPotion"}],"is_trial":false,"path_per_floor":["M","M","M","M","$","E","R","M","T","R","$","M","R","?","R","B",null,"M","?","?","M","$","E","M","R","T","M","E","$","R","?","R","B",null,"M","?","?","M","M","E","M","E","T","$","M","?","M","M","R","B",null,"R","$","E","B"],"character_chosen":"Hololive_HololiveCharacter","items_purchased":["Hololive_CallDoris","HornCleat","Hololive_CallOzoraSubaru","Hololive_AWSL"],"campfire_rested":0,"item_purchase_floors":[22,29,53,53],"current_hp_per_floor":[35,35,35,35,35,35,35,35,35,35,35,35,35,35,35,35,35,35,19,19,19,19,19,19,19,19,24,35,35,35,35,35,35,35,35,34,34,31,31,31,31,35,35,35,35,33,33,33,33,33,33,33,33,34,0,0],"gold":208,"neow_bonus":"THREE_ENEMY_KILL","is_daily":false,"chose_seed":false,"campfire_upgraded":8,"win_rate":0.0,"timestamp":1611380458,"path_taken":["M","M","M","M","$","E","R","M","T","R","$","M","R","?","R","BOSS","M","?","?","M","$","E","M","R","T","M","E","$","R","?","R","BOSS","M","?","?","M","M","E","M","E","T","$","?","?","M","M","R","BOSS","R","$","E","BOSS"],"items_purchased_type":["Card","Relic","Card","Card"],"build_version":"2020-12-22","purchased_purges":6,"victory":false,"max_hp_per_floor":[35,35,35,35,35,35,35,35,35,35,35,35,35,35,35,35,35,35,35,35,35,35,35,35,35,35,35,35,35,35,35,35,35,35,35,35,35,35,35,35,35,35,35,35,35,33,33,33,33,33,33,33,33,34,35,35],"card_choices":[{"not_picked":["Hololive_Rebound","Hololive_LuckPotion","Hololive_Trident"],"picked":"Hololive_RevenueBasedLive","floor":1},{"not_picked":["Hololive_HuntDinosaur","Hololive_Breathe","Hololive_CallSakuraMiko"],"picked":"Hololive_StarCraft","floor":2},{"not_picked":["Hololive_Trident","Hololive_Psychosis","Hololive_Drill"],"picked":"Hololive_RevenueBasedLive","floor":3},{"not_picked":["Hololive_RevenueBasedLive","Hololive_Yoholoon","Hololive_Sequa"],"picked":"Hololive_CallUsadaPekora","floor":4},{"not_picked":["Hololive_CallMurasakiShion","Hololive_CallFriendA","Hololive_CallNakiriAyame"],"picked":"Hololive_Thief","floor":6},{"not_picked":["Hololive_Sequa","Hololive_Psychosis","Hololive_Yoholoon"],"picked":"Hololive_CallOmaruPolka","floor":8},{"not_picked":["Hololive_RevenueBasedLive","Hololive_Drill","Hololive_Yoholoon"],"picked":"Hololive_FlyingPonyTail","floor":12},{"not_picked":["Hololive_Breathe","Hololive_HuntDinosaur","Hololive_CallManoAloe"],"picked":"Hololive_CallUruhaRushia","floor":14},{"not_picked":["Hololive_MaximGun","Hololive_OpenUp","Hololive_ScarfAndHalo"],"picked":"Hololive_Recruit","floor":16},{"not_picked":["Hololive_HuntDinosaur","Hololive_StrengthChampion","Hololive_OvertimeWork"],"picked":"Hololive_CocoNews+1","floor":18},{"not_picked":["Hololive_CocoNews","Hololive_CallFriendA","Hololive_RevenueBasedLive"],"picked":"Hololive_FlyingPonyTail+1","floor":21},{"not_picked":["Hololive_Trident","Hololive_HuntDinosaur","Hololive_OvertimeWork"],"picked":"Hololive_FlyingPonyTail+1","floor":23},{"not_picked":["Hololive_FlyingPonyTail","Hololive_CallSakuraMiko+1","Hololive_CallAiraniIofifteen"],"picked":"Hololive_ILoveYou+1","floor":24},{"not_picked":["Hololive_HuntDinosaur","Hololive_CallHoushouMarine","Hololive_Watashimo"],"picked":"Hololive_CallTsunomakiWatame","floor":27},{"not_picked":["Hololive_CallArtia","Hololive_CallOzoraSubaru","Hololive_CallAZKi"],"picked":"Hololive_HighAtkLowDef","floor":28},{"not_picked":["Hololive_DDD","Hololive_Thief","Hololive_StarCraft"],"picked":"Hololive_BeCareful","floor":33},{"not_picked":["Hololive_Rebound"],"picked":"Hololive_CallTokinoSora+1","floor":35},{"not_picked":["Hololive_SoulCatcher","Hololive_RevenueBasedLive+1"],"picked":"SKIP","floor":38},{"not_picked":["Hololive_OvertimeWork+1"],"picked":"Hololive_StrengthChampion+1","floor":39},{"not_picked":["Hololive_Rebound+1"],"picked":"Hololive_IdolExercise","floor":40},{"not_picked":["Hololive_Yoholoon","Hololive_LuckPotion"],"picked":"SKIP","floor":41},{"not_picked":["Hololive_CallMinatoAqua+1"],"picked":"Hololive_CallAyundaRisu+1","floor":42},{"not_picked":["Hololive_StrengthChampion","Hololive_CallNatsuiroMatsuri"],"picked":"SKIP","floor":45},{"not_picked":["Hololive_CallNakiriAyame+1"],"picked":"Hololive_CallRosalyn+1","floor":47},{"not_picked":["Hololive_Breathe+1","Hololive_CallUruhaRushia+1"],"picked":"SKIP","floor":48},{"not_picked":["Hololive_CallNekomataOkayu","Hololive_LuckPotion+1"],"picked":"SKIP","floor":54}],"player_experience":1345069,"relics_obtained":[{"floor":6,"key":"Toy Ornithopter"},{"floor":9,"key":"Smiling Mask"},{"floor":19,"key":"Nilry\u0027s Codex"},{"floor":23,"key":"Thread and Needle"},{"floor":28,"key":"Mercury Hourglass"},{"floor":40,"key":"Art of War"},{"floor":42,"key":"Unceasing Top"},{"floor":43,"key":"Bronze Scales"},{"floor":54,"key":"Pantograph"}],"event_choices":[{"damage_healed":0,"gold_gain":0,"player_choice":"Searched \u00272\u0027 times","damage_taken":0,"relics_obtained":["InkBottle"],"max_hp_gain":0,"max_hp_loss":0,"event_name":"Dead Adventurer","floor":14,"gold_loss":0},{"damage_healed":0,"gold_gain":0,"player_choice":"Obtained Book","damage_taken":16,"max_hp_gain":0,"max_hp_loss":0,"event_name":"Cursed Tome","floor":19,"gold_loss":0},{"damage_healed":0,"gold_gain":0,"player_choice":"Opened","damage_taken":0,"relics_obtained":["Lantern"],"max_hp_gain":0,"max_hp_loss":0,"event_name":"The Mausoleum","floor":20,"gold_loss":0,"cards_obtained":["Writhe"]},{"cards_removed":["Hololive_Defend"],"damage_healed":0,"gold_gain":0,"player_choice":"Elegance","damage_taken":0,"max_hp_gain":0,"max_hp_loss":0,"event_name":"Back to Basics","floor":31,"gold_loss":0},{"damage_healed":0,"gold_gain":100,"player_choice":"Pray","damage_taken":0,"max_hp_gain":0,"max_hp_loss":0,"event_name":"Golden Shrine","floor":37,"gold_loss":0},{"damage_healed":0,"gold_gain":0,"player_choice":"Max HP","damage_taken":0,"max_hp_gain":0,"max_hp_loss":2,"event_name":"Winding Halls","floor":46,"gold_loss":0}],"is_beta":false,"boss_relics":[{"not_picked":["Philosopher\u0027s Stone","Black Star"],"picked":"Hololive_Finger"},{"not_picked":["Astrolabe","Runic Pyramid"],"picked":"Busted Crown"}],"items_purged_floors":[5,11,22,29,44,53],"is_endless":false,"potions_floor_spawned":[3,4,6,8,12,21,24,27,33,38,40,47,48],"killed_by":"The Heart","ascension_level":0}}