{"host":"j4g6ia6asvpyu2b0","time":1611438567,"event":{"mods":["BaseMod","Colored Map","Minty Spire (QoL Compilation)","Permanent Neow","Quick Restart","Relic Stats","StSLib","Unceasing Turn Reminder"],"gold_per_floor":[116,132,282,282,282,282,148,148,148,181,181,209,222,236,236,236,236],"floor_reached":16,"language":"ENG","playtime":302,"items_purged":[],"score":194,"play_id":"d41aa8c8-d982-47ae-ac42-d1b33a709632","local_time":"20210123144927","is_ascension_mode":true,"campfire_choices":[{"floor":6,"key":"REST"},{"data":"Loop","floor":8,"key":"SMITH"},{"floor":11,"key":"REST"},{"floor":15,"key":"REST"}],"circlet_count":0,"master_deck":["AscendersBane","Strike_B","Strike_B","Strike_B","Strike_B","Defend_B","Defend_B","Defend_B","Defend_B","Zap","Dualcast","Echo Form","Conserve Battery","Sweeping Beam","Loop+1","Static Discharge","Amplify","Leap","Compile Driver"],"relics":["Cracked Core","Lantern","Mercury Hourglass","Centennial Puzzle"],"acts_visited":["Exordium"],"potions_floor_usage":[10,12,16],"damage_taken":[{"damage":9,"enemies":"2 Louse","floor":1,"turns":4},{"damage":1,"enemies":"Cultist","floor":2,"turns":4},{"damage":30,"enemies":"3 Sentries","floor":10,"turns":5},{"damage":3,"enemies":"Gremlin Nob","floor":12,"turns":3},{"damage":7,"enemies":"Jaw Worm","floor":13,"turns":2},{"damage":12,"enemies":"Large Slime","floor":14,"turns":4},{"damage":29,"enemies":"The Guardian","floor":16,"turns":2}],"seed_played":"-7265152577455151399","potions_obtained":[{"floor":2,"key":"BlessingOfTheForge"},{"floor":10,"key":"SteroidPotion"},{"floor":13,"key":"AttackPotion"}],"is_trial":false,"path_per_floor":["M","M","?","?","?","R","$","R","T","E","R","E","M","M","R","B"],"character_chosen":"DEFECT","items_purchased":["Loop","PowerPotion"],"campfire_rested":3,"item_purchase_floors":[7,7],"current_hp_per_floor":[37,36,36,18,18,39,39,39,39,9,30,27,20,8,29,0,0],"gold":236,"neow_bonus":"THREE_RARE_CARDS","is_daily":false,"chose_seed":false,"campfire_upgraded":1,"win_rate":0.0,"timestamp":1611438567,"path_taken":["M","M","?","?","?","R","$","R","T","E","R","E","M","M","R","BOSS"],"items_purchased_type":["Card","Potion"],"build_version":"2020-12-22","purchased_purges":0,"victory":false,"max_hp_per_floor":[71,71,71,71,71,71,71,71,71,71,71,71,71,71,71,71,71],"relic_stats":{"Centennial Puzzle":[6],"counters":[7,24],"obtain_stats":[{"Lantern":4,"Centennial Puzzle":12,"Cracked Core":0,"Mercury Hourglass":10},{"Lantern":2,"Centennial Puzzle":4,"Cracked Core":0,"Mercury Hourglass":3},{"Lantern":8,"Centennial Puzzle":16,"Cracked Core":0,"Mercury Hourglass":13}],"Mercury Hourglass":[33]},"card_choices":[{"not_picked":["Core Surge","Thunder Strike"],"picked":"Echo Form","floor":0},{"not_picked":["Go for the Eyes","Barrage"],"picked":"Conserve Battery","floor":1},{"not_picked":["Redo","Stack"],"picked":"Sweeping Beam","floor":2},{"not_picked":["Leap","Undo"],"picked":"Static Discharge","floor":10},{"not_picked":["Rip and Tear","FTL"],"picked":"Amplify","floor":12},{"not_picked":["Go for the Eyes","Beam Cell"],"picked":"Leap","floor":13},{"not_picked":["Doom and Gloom","Turbo"],"picked":"Compile Driver","floor":14}],"player_experience":960839,"relics_obtained":[{"floor":10,"key":"Mercury Hourglass"},{"floor":12,"key":"Centennial Puzzle"}],"event_choices":[{"damage_healed":0,"gold_gain":150,"player_choice":"AGREE","damage_taken":0,"max_hp_gain":0,"max_hp_loss":0,"event_name":"Liars Game","floor":3,"gold_loss":0,"cards_obtained":["Doubt"]},{"damage_healed":0,"gold_gain":0,"player_choice":"Success","damage_taken":18,"relics_obtained":["Lantern"],"max_hp_gain":0,"max_hp_loss":0,"event_name":"Scrap Ooze","floor":4,"gold_loss":0},{"cards_removed":["Doubt"],"damage_healed":0,"gold_gain":0,"player_choice":"Removed Curses","damage_taken":0,"max_hp_gain":0,"max_hp_loss":0,"event_name":"Fountain of Cleansing","floor":5,"gold_loss":0}],"is_beta":false,"boss_relics":[],"items_purged_floors":[],"is_endless":false,"potions_floor_spawned":[2,10,13],"killed_by":"The Guardian","ascension_level":16}}