{"host":"mvdjuqyd6fncs8p9","time":1611363546,"event":{"mods":["2.2 Compatiblity","AchievementEnabler","BaseMod","Better Third Choice","Custom Start","Hubris","Infinite Spire","Minty Spire (QoL Compilation)","Permanent Neow","Quick Restart","Rare Cards Sparkle","Replay The Spire","StSLib"],"gold_per_floor":[113,38,49,68,68,68,87,87,87,100,117,117,17,30,30,134,134,150,170,186,186,186,186,212,228,228,228,228],"floor_reached":27,"language":"ENG","playtime":1223,"items_purged":["Strike_R","Strike_R"],"score":227,"play_id":"d1c5c934-9277-418f-a54b-455991161d5f","local_time":"20210122185906","is_ascension_mode":false,"campfire_choices":[{"data":"Whirlwind","floor":6,"key":"SMITH"},{"data":"Flex","floor":8,"key":"SMITH"},{"floor":15,"key":"DIG"},{"floor":23,"key":"REST"}],"circlet_count":0,"master_deck":["Strike_R","Defend_R","Defend_R","Defend_R","Defend_R","Bash","Whirlwind+1","Flex+1","Flex","infinitespire:NeuralNetwork","Double Tap","Shrug It Off"],"relics":["Burning Blood","MealTicket","hubris:64BitClover","Bronze Scales","Mark of Pain","infinitespire:EmpoweringShard","Replay:WaspNest"],"acts_visited":["Exordium","TheCity"],"potions_floor_usage":[20,27],"damage_taken":[{"damage":0,"enemies":"Small Slimes","floor":1,"turns":4},{"damage":0,"enemies":"2 Louse","floor":3,"turns":1},{"damage":10,"enemies":"Jaw Worm","floor":4,"turns":4},{"damage":0,"enemies":"2 Fungi Beasts","floor":7,"turns":2},{"damage":16,"enemies":"Red Slaver","floor":10,"turns":3},{"damage":2,"enemies":"Gremlin Gang","floor":11,"turns":2},{"damage":11,"enemies":"Large Slime","floor":14,"turns":4},{"damage":53,"enemies":"The Guardian","floor":16,"turns":15},{"damage":42,"enemies":"Shell Parasite","floor":18,"turns":7},{"damage":0,"enemies":"3 Byrds","floor":19,"turns":3},{"damage":29,"enemies":"Centurion and Healer","floor":20,"turns":6},{"damage":27,"enemies":"Replay:Snechameleon","floor":24,"turns":5},{"damage":15,"enemies":"Snecko","floor":25,"turns":4},{"damage":26,"enemies":"Slavers","floor":27,"turns":2}],"seed_played":"-7036049435736040746","potions_obtained":[{"floor":3,"key":"Dexterity Potion"},{"floor":7,"key":"Dexterity Potion"},{"floor":10,"key":"SmokeBomb"},{"floor":14,"key":"LiquidBronze"},{"floor":20,"key":"FearPotion"}],"is_trial":false,"path_per_floor":["M","$","M","M","?","R","M","R","T","M","M","?","$","M","R","B",null,"M","M","M","?","AVR","R","E","M","T","E"],"character_chosen":"IRONCLAD","items_purchased":[],"campfire_rested":1,"item_purchase_floors":[],"current_hp_per_floor":[80,80,80,76,69,69,75,75,75,65,69,49,64,59,59,12,80,44,50,27,27,27,51,30,21,21,0,0],"gold":228,"neow_bonus":"TRANSFORM_CARD","is_daily":false,"chose_seed":false,"campfire_upgraded":2,"win_rate":0.0,"timestamp":1611363546,"path_taken":["M","$","M","M","?","R","M","R","T","M","M","?","?","M","R","BOSS","M","M","M","?","AVR","R","E","?","T","E"],"items_purchased_type":[],"build_version":"2020-12-22","purchased_purges":2,"victory":false,"max_hp_per_floor":[80,80,80,80,80,80,80,80,80,80,80,80,80,80,80,80,80,80,80,80,80,80,80,80,80,80,80,80],"card_choices":[{"not_picked":["Sword Boomerang","Burning Pact","Warcry"],"picked":"SKIP","floor":1},{"not_picked":["Sentinel","Havoc"],"picked":"Flex","floor":3},{"not_picked":["Feel No Pain","Thunderclap","Warcry"],"picked":"SKIP","floor":4},{"not_picked":["Pummel","Iron Wave"],"picked":"Flex","floor":7},{"not_picked":["Combust","Warcry","hubris:ReadiedAction"],"picked":"SKIP","floor":10},{"not_picked":["ReplayTheSpireMod:Corrosion Curse","Anger","Twin Strike"],"picked":"SKIP","floor":11},{"not_picked":["infinitespire:FutureSight","infinitespire:SealOfDarkness+"],"picked":"infinitespire:NeuralNetwork","floor":12},{"not_picked":["Pommel Strike","Massacre","Dropkick"],"picked":"SKIP","floor":14},{"not_picked":["Exhume","Brutality"],"picked":"Double Tap","floor":16},{"not_picked":["True Grit+1","Wild Strike+1","Twin Strike+1"],"picked":"SKIP","floor":18},{"not_picked":["ReplayTheSpireMod:Stacked+1","Infernal Blade+1","Life Link"],"picked":"SKIP","floor":19},{"not_picked":["Clash+1","Wild Strike","Warcry"],"picked":"SKIP","floor":20},{"not_picked":["Searing Blow+1","Heavy Blade+1"],"picked":"Shrug It Off","floor":24},{"not_picked":["Rage+1","Flame Barrier","Wild Strike"],"picked":"SKIP","floor":25}],"player_experience":249454,"relics_obtained":[{"floor":9,"key":"MealTicket"},{"floor":15,"key":"hubris:64BitClover"},{"floor":24,"key":"infinitespire:EmpoweringShard"},{"floor":26,"key":"Replay:WaspNest"}],"event_choices":[{"cards_removed":["Strike_R"],"damage_healed":0,"gold_gain":0,"player_choice":"Card Removal","damage_taken":7,"max_hp_gain":0,"max_hp_loss":0,"event_name":"Golden Wing","floor":5,"gold_loss":0},{"damage_healed":0,"gold_gain":0,"player_choice":"Gave Potion","damage_taken":0,"relics_obtained":["Bronze Scales"],"max_hp_gain":0,"max_hp_loss":0,"event_name":"WeMeetAgain","floor":21,"gold_loss":0}],"is_beta":false,"boss_relics":[{"not_picked":["hubris:GrandSneckoEye","ReplayTheSpireMod:SealedPack","ChewingGum"]}],"items_purged_floors":[2,13],"is_endless":false,"potions_floor_spawned":[3,7,10,14,16,20],"killed_by":"Slavers","ascension_level":0}}