{"host":"4jkyggjfmxcpengt","time":1611372010,"event":{"mods":["AchievementEnabler","BaseMod","Better Note","Block Reminder","Colored Powertips","Fiend Mod","Hermit","Minty Spire (QoL Compilation)","Quick Restart","Replay The Spire","SacredBarkPlus","StSLib","The Animator","Transform Curses","Unceasing Turn Reminder"],"gold_per_floor":[115,126,126,201,241,241,274,285,337,37,37,72,72,91,91,193,193,217,237,258,274,296,296,340,340,340,367,383,383,383,323,323,341,341],"floor_reached":33,"language":"SPA","playtime":3191,"items_purged":[],"score":416,"play_id":"0a2d5136-03a5-41da-a4fe-86247e67f951","local_time":"20210123042010","is_ascension_mode":true,"campfire_choices":[{"floor":6.0,"key":"REST"},{"floor":11.0,"key":"REST"},{"floor":13.0,"key":"REST"},{"floor":15.0,"key":"REST"},{"floor":23,"key":"REST"},{"floor":25,"key":"REST"},{"floor":29,"key":"REST"},{"floor":32,"key":"REST"}],"circlet_count":0,"master_deck":["AscendersBane","Strike_B","Strike_B","Strike_B","Defend_B","Defend_B","Defend_B","Defend_B","Zap","Dualcast","Rainbow","ReplayTheSpireMod:Calculation Training","Looming Evil","Consume","Leap+1","Capacitor","Barrage","Cold Snap","Mirror Shield+1","Scrape","Conserve Battery+1","Aggregate+1","ReplayTheSpireMod:Repulse+1","Doom and Gloom+1"],"relics":["Cracked Core","Ring of Hypnosis","ReplayTheSpireMod:Ring of Challenge","Toxic Egg 2","Replay:Bandana","Happy Flower","ClockworkSouvenir","Bronze Scales","Snecko Eye","Singing Bowl","Quantum Egg"],"acts_visited":["Exordium","TheCity"],"potions_floor_usage":[24,24,33],"damage_taken":[{"damage":4.0,"enemies":"Small Slimes","floor":1.0,"turns":4.0},{"damage":14.0,"enemies":"Jaw Worm","floor":2.0,"turns":4.0},{"damage":7.0,"enemies":"Cultist","floor":5.0,"turns":6.0},{"damage":24.0,"enemies":"Replay:BlueRogue","floor":7.0,"turns":4.0},{"damage":10.0,"enemies":"Gremlin Gang","floor":8.0,"turns":6.0},{"damage":29.0,"enemies":"3 Sentries","floor":12.0,"turns":8.0},{"damage":7.0,"enemies":"Looter","floor":14.0,"turns":2.0},{"damage":34.0,"enemies":"Slime Boss","floor":16.0,"turns":13.0},{"damage":1.0,"enemies":"Shell Parasite","floor":18.0,"turns":4.0},{"damage":11.0,"enemies":"2 Thieves","floor":19.0,"turns":4.0},{"damage":14.0,"enemies":"Chosen and Byrds","floor":20.0,"turns":5.0},{"damage":0.0,"enemies":"Snake Plant","floor":21.0,"turns":2.0},{"damage":8,"enemies":"Centurion and Healer","floor":22,"turns":7},{"damage":25,"enemies":"Slavers","floor":24,"turns":6},{"damage":24,"enemies":"Shelled Parasite and Fungi","floor":27,"turns":4},{"damage":1,"enemies":"Colosseum Slavers","floor":28,"turns":2},{"damage":60,"enemies":"Collector","floor":33,"turns":7}],"seed_played":"-1085558379986735403","potions_obtained":[{"floor":1.0,"key":"Fire Potion"},{"floor":7.0,"key":"PowerPotion"},{"floor":12.0,"key":"GamblersBrew"},{"floor":14.0,"key":"BlessingOfTheForge"},{"floor":22,"key":"LifebloodPotion"},{"floor":24,"key":"Strength Potion"},{"floor":27,"key":"BlessingOfTheForge"}],"is_trial":false,"path_per_floor":["M","M","?","?","M","R","E","M","T","$","R","E","R","M","R","B",null,"M","M","M","M","M","R","E","R","T","M","?","R","?","?","R","B"],"character_chosen":"DEFECT","items_purchased":["Happy Flower","ClockworkSouvenir"],"campfire_rested":8,"item_purchase_floors":[10,10],"current_hp_per_floor":[64,50,50,39,32,54,30,20,20,20,42,13,35,28,50,16,60,59,48,34,34,26,48,25,48,48,24,23,46,32,32,56,0,0],"gold":341,"neow_bonus":"TRANSFORM_CARD","is_daily":false,"chose_seed":false,"campfire_upgraded":0,"win_rate":0.0,"timestamp":1611372010,"path_taken":["M","M","?","?","M","R","E","?","T","?","R","E","R","?","R","BOSS","M","M","M","M","M","R","E","R","T","M","?","R","?","?","R","BOSS"],"items_purchased_type":["Relic","Relic"],"build_version":"2020-12-22","purchased_purges":0,"victory":false,"max_hp_per_floor":[75,75,75,75,75,75,75,75,75,75,75,75,75,75,75,75,75,75,75,75,75,75,75,77,77,77,77,77,77,82,82,82,82,82],"card_choices":[{"not_picked":["Scrape","BasicCrystalCard","Beam Cell"],"picked":"SKIP","floor":1.0},{"not_picked":["Panic Button","Hologram"],"picked":"ReplayTheSpireMod:Calculation Training","floor":2.0},{"not_picked":["Chill","Redo"],"picked":"Consume","floor":5.0},{"not_picked":["Rebound","Turbo+1"],"picked":"Leap+1","floor":7.0},{"not_picked":["Fusion+1","Redo+1"],"picked":"Capacitor","floor":8.0},{"not_picked":["Multi-Cast+1","Rebound"],"picked":"Barrage","floor":12.0},{"not_picked":["Stack+1","ReplayTheSpireMod:Calculation Training+1"],"picked":"Cold Snap","floor":14.0},{"not_picked":["Biased Cognition","ReplayTheSpireMod:Omega Cannon"],"picked":"Mirror Shield+1","floor":16.0},{"not_picked":["Compile Driver","Heatsinks","ReplayTheSpireMod:Reroute Power+1"],"picked":"SKIP","floor":18.0},{"not_picked":["Hello World","ReplayTheSpireMod:Reroute Power+1"],"picked":"Scrape","floor":19.0},{"not_picked":["Go for the Eyes","Self Repair"],"picked":"Conserve Battery+1","floor":20.0},{"not_picked":["Go for the Eyes","Ball Lightning+1"],"picked":"Aggregate+1","floor":21.0},{"not_picked":["Melter","Gash"],"picked":"ReplayTheSpireMod:Repulse+1","floor":22},{"not_picked":["Streamline+1","Rebound","Sweeping Beam"],"picked":"Singing Bowl","floor":24},{"not_picked":["Steam+1","Cold Snap"],"picked":"Doom and Gloom+1","floor":27}],"player_experience":1004992,"relics_obtained":[{"floor":3.0,"key":"Ring of Hypnosis"},{"floor":3.0,"key":"ReplayTheSpireMod:Ring of Challenge"},{"floor":7.0,"key":"Toxic Egg 2"},{"floor":9.0,"key":"Replay:Bandana"},{"floor":12.0,"key":"Bronze Scales"},{"floor":24,"key":"Singing Bowl"},{"floor":26,"key":"Quantum Egg"}],"event_choices":[{"damage_healed":0.0,"max_hp_gain":0.0,"max_hp_loss":0.0,"gold_gain":75.0,"event_name":"World of Goop","player_choice":"Gather Gold","floor":4.0,"gold_loss":0.0,"damage_taken":11.0},{"damage_healed":0,"gold_gain":0,"player_choice":"Fight","damage_taken":0,"max_hp_gain":0,"max_hp_loss":0,"event_name":"Colosseum","floor":28,"gold_loss":0},{"damage_healed":0,"gold_gain":0,"player_choice":"Fled From Nobs","damage_taken":0,"max_hp_gain":0,"max_hp_loss":0,"event_name":"Colosseum","floor":28,"gold_loss":0},{"damage_healed":0,"gold_gain":0,"player_choice":"Shed Blood","damage_taken":19,"max_hp_gain":5,"max_hp_loss":0,"event_name":"Forgotten Altar","floor":30,"gold_loss":0}],"is_beta":false,"boss_relics":[{"not_picked":["Abe\u0027s Treasure","Fusion Hammer"],"picked":"Snecko Eye"}],"items_purged_floors":[],"is_endless":false,"potions_floor_spawned":[1,7,12,14,22,24,27],"killed_by":"Collector","ascension_level":10}}