{"host":"clf2hd4adhiiw0zf","time":1611399501,"event":{"mods":["AchievementEnabler","BaseMod","Beaked The Cultist","Bestiary","Dark Map","Downfall","Gremlin Mod","Hermit","Jorbs\u0027s Wanderer Trilogy","Marisa????????","Minty Spire (QoL Compilation)","Shop Mod","StSLib","The Cursed","The Servant 0.9.4","UnlockEverythingMod"],"gold_per_floor":[99,117,129,188,188,208,208,219,319,619,619],"floor_reached":10,"language":"ENG","playtime":473,"items_purged":[],"score":83,"play_id":"c19bd0ce-bd3c-4e13-a0c6-dc39f6b93595","local_time":"20210123035821","is_ascension_mode":false,"campfire_choices":[{"floor":1,"key":"RECALL"}],"circlet_count":0,"master_deck":["Strike_MRS","Strike_MRS","Strike_MRS","Strike_MRS","Defend_MRS","Defend_MRS","Defend_MRS","Defend_MRS","MasterSpark","UpSweep","SuperNova","EnergyFlow","DoubleSpark","EarthLightRay","MilkyWay","StarDustReverie","BinaryStars"],"relics":["MiniHakkero","Omamori","GremlinMask","Eternal Feather"],"acts_visited":["Exordium","TheBeyond"],"potions_floor_usage":[4,8],"damage_taken":[{"damage":10,"enemies":"Jaw Worm","floor":2,"turns":4},{"damage":4,"enemies":"Small Slimes","floor":3,"turns":5},{"damage":52,"enemies":"Lagavulin Event","floor":4,"turns":7},{"damage":5,"enemies":"Cultist","floor":6,"turns":4},{"damage":1,"enemies":"2 Fungi Beasts","floor":8,"turns":4},{"damage":0,"enemies":"downfall:FleeingMerchant","floor":10,"turns":2}],"seed_played":"810602371715088963","potions_obtained":[{"floor":3,"key":"AttackPotion"},{"floor":4,"key":"SkillPotion"}],"is_trial":false,"path_per_floor":["R","M","M","?","?","M","T","M","?","$"],"character_chosen":"MARISA","items_purchased":[],"campfire_rested":0,"item_purchase_floors":[],"current_hp_per_floor":[75,65,61,9,9,8,8,11,11,75,75],"gold":619,"neow_bonus":"ONE_RANDOM_RARE_CARD","is_daily":false,"chose_seed":false,"campfire_upgraded":0,"win_rate":0.0,"timestamp":1611399501,"path_taken":["R","M","M","?","?","?","T","M","?","$"],"items_purchased_type":[],"build_version":"2020-12-22","purchased_purges":0,"victory":false,"max_hp_per_floor":[75,75,75,75,75,75,75,75,75,75,75],"card_choices":[{"not_picked":["NonDirectionalLaser","IllusionStar"],"picked":"EnergyFlow","floor":2},{"not_picked":["SporeBomb","PowerUp"],"picked":"DoubleSpark","floor":3},{"not_picked":["LuminesStrike","Orbital"],"picked":"EarthLightRay","floor":4},{"not_picked":["EarthLightRay","OrrerysSun"],"picked":"MilkyWay","floor":6},{"not_picked":["WitchOfGreed","GrandCross"],"picked":"StarDustReverie","floor":8},{"not_picked":["WitchOfGreed","GrandCross"],"picked":"BinaryStars","floor":10}],"player_experience":96183,"relics_obtained":[{"floor":4,"key":"Omamori"},{"floor":7,"key":"Eternal Feather"}],"event_choices":[{"damage_healed":0,"gold_gain":0,"player_choice":"Trade","damage_taken":0,"relics_obtained":["GremlinMask"],"max_hp_gain":0,"max_hp_loss":0,"event_name":"FaceTrader","floor":5,"gold_loss":0}],"is_beta":false,"boss_relics":[],"items_purged_floors":[],"is_endless":false,"potions_floor_spawned":[3,4],"ascension_level":0}}