{"host":"92ge7uk92o4z80va","time":1611431165,"event":{"mods":["AchievementEnabler","Act Like it!","BaseMod","Better Third Choice","BetterRewards","Conspire","Curses Come First","Dota2Spire","Duelist Mod","Evolution","Friendly Minions","Hallownest","Hubris","Infinite Spire","Lobotomy","LobotomyExtend","Marisa????????","Mimic Mod","Minty Spire (QoL Compilation)","Rare Cards Sparkle","Replay The Spire","Robot Space Explorer","Spicy Shops","Spire Arcade","StSLib","The Blue Laboratory","The Bug Knight","The Exalted","The Runesmith","The Servant 0.9.4","Uncapped"],"gold_per_floor":[117,117,17,17,17,17,97,116,178,253,295,341,352,367,367,530,530,567,617,644,720,630,684,684,703,703,703,703,735,735],"floor_reached":29,"language":"ENG","playtime":2171,"items_purged":[],"score":265,"play_id":"32d3cdd8-9201-447a-ae54-cabceb24f18d","local_time":"20210123144605","is_ascension_mode":false,"campfire_choices":[{"data":"conspire:SpireCoStock","floor":6,"key":"SMITH"},{"floor":15,"key":"REST"},{"floor":24,"key":"REST"}],"circlet_count":0,"master_deck":["HollowMod:NailStrikeStart+1","HollowMod:QuickDashStart","HollowMod:QuickDashStart","HollowMod:QuickDashStart","HollowMod:QuickDashStart","HollowMod:FocusHealStart+1","HollowMod:PogoStrike","HollowMod:InfectedCysts","conspire:SpireCoStock+1","conspire:SpireCoStock","hubris:Fate","HollowMod:MidwifesHunger","HollowMod:NewLittleFool","HollowMod:CycloneSlash","HollowMod:DashSlash+1","HollowMod:SiblingsSouls","HollowMod:MothsMistake","HollowMod:DoubleDash","HollowMod:DoubleDash","HollowMod:NewJinnsSoul","HollowMod:HornetsHelp","HollowMod:Grubsong+1","HollowMod:VoidDash+1","HollowMod:LifebloodCocoon+1","HollowMod:MawleksShell","HollowMod:NewJinnsSoul+1","HollowMod:InfectedCysts","HollowMod:DoubleDash","HollowMod:MantisMark+1","HollowMod:DesolateDive","HollowMod:ChannelNail","Regret"],"relics":["HollowMod:VesselMask","EVO:Axolotl","LetterFromLob","Dream Catcher","HollowMod:MillibellesNoteRelic","Kunai","Gremlin Food","Astrolabe","Hallownest:StagBellRelic1","Dota2Spire:PhaseBoots","infinitespire:Broken Mirror","hubris:Icosahedron","Dota2Spire:BattleFury"],"acts_visited":["Hallownest:Greenpath","Hallownest:CityofTears"],"potions_floor_usage":[10,12,21,25,29],"damage_taken":[{"damage":0,"enemies":"2_ Uuma","floor":1,"turns":5},{"damage":22,"enemies":"Hallownest:eliteCrystalGuardian","floor":7,"turns":4},{"damage":0,"enemies":"Hallownest:monsterHuskGuard","floor":8,"turns":1},{"damage":11,"enemies":"Hallownest:monsterHuskWarrior","floor":9,"turns":6},{"damage":12,"enemies":"Hallownest:eliteVengeflyKing","floor":10,"turns":3},{"damage":1,"enemies":"Hallownest:monsterHuskWarrior","floor":11,"turns":7},{"damage":15,"enemies":"Hallownest:eliteCrystalGuardian","floor":12,"turns":5},{"damage":9,"enemies":"Hallownest:monsterFoolEater","floor":13,"turns":4},{"damage":10,"enemies":"Hallownest:2_Tiktiks_1_Baldur_1_Crawlid","floor":14,"turns":3},{"damage":33,"enemies":"Hallownest:BossFalseKnight","floor":16,"turns":12},{"damage":22,"enemies":"Hallownest:3_Youths","floor":18,"turns":7},{"damage":28,"enemies":"Hallownest:2_Mistakes","floor":19,"turns":9},{"damage":12,"enemies":"Hallownest:monsterShrumalOgre","floor":20,"turns":8},{"damage":35,"enemies":"Hallownest:Glutton_and_Coward","floor":21,"turns":6},{"damage":18,"enemies":"Hallownest:Nosk","floor":23,"turns":10},{"damage":34,"enemies":"Hallownest:2_Flukemon","floor":25,"turns":12},{"damage":8,"enemies":"Hallownest:Master_and_Novice","floor":29,"turns":2}],"seed_played":"9195914510193010181","potions_obtained":[{"floor":7,"key":"Adrenaline Potion"},{"floor":11,"key":"BlessingOfTheForge"},{"floor":12,"key":"Death Potion"},{"floor":13,"key":"blueLaboratory:NullPotion"},{"floor":16,"key":"Elixir"},{"floor":18,"key":"Dota2Spire:HealingSalve"}],"is_trial":false,"path_per_floor":["M","$","?","?","?","R","E","M","MIM","?","M","E","M","M","R","B",null,"M","M","M","M","?","E","R","M","T","?","?","M"],"character_chosen":"THE_BUGKNIGHT","items_purchased":[],"campfire_rested":2,"item_purchase_floors":[],"current_hp_per_floor":[75,75,75,66,49,49,37,37,36,24,35,26,27,17,39,18,75,59,41,39,21,21,13,35,7,7,7,7,0,0],"gold":735,"neow_bonus":"UPGRADE_CARD","is_daily":false,"chose_seed":false,"campfire_upgraded":1,"win_rate":0.0,"timestamp":1611431165,"path_taken":["M","$","?","?","?","R","E","M","MIM","?","M","E","M","M","R","BOSS","M","M","M","M","?","E","R","M","T","?","?","?"],"items_purchased_type":[],"build_version":"2020-12-22","purchased_purges":0,"victory":false,"max_hp_per_floor":[75,75,75,75,75,75,75,75,75,75,75,75,75,75,75,75,75,75,75,75,75,75,75,75,75,75,75,75,75,75],"card_choices":[{"not_picked":["HollowMod:SharpenedShadows","HollowMod:SoulStrike"],"picked":"HollowMod:InfectedCysts","floor":1},{"not_picked":["infinitespire:FutureSight","hubris:InfiniteBlow+1"],"picked":"hubris:Fate","floor":5},{"not_picked":["HollowMod:SoulSplash","HollowMod:SiblingsShadow"],"picked":"HollowMod:MidwifesHunger","floor":7},{"not_picked":["HollowMod:TaintedHusks","HollowMod:GoodIntentions"],"picked":"HollowMod:NewLittleFool","floor":8},{"not_picked":["HollowMod:BlackTendrils","HollowMod:DescendingDark"],"picked":"HollowMod:CycloneSlash","floor":9},{"not_picked":["HollowMod:SharpenedNail","HollowMod:VoidDash"],"picked":"HollowMod:DashSlash","floor":10},{"not_picked":["HollowMod:DoubleDash","HollowMod:DescendingDark"],"picked":"HollowMod:SiblingsSouls","floor":11},{"not_picked":["HollowMod:TaintedHusks","HollowMod:HowlingWraiths"],"picked":"HollowMod:MothsMistake","floor":12},{"not_picked":["HollowMod:SharpenedShadows","HollowMod:VengefulVoid"],"picked":"HollowMod:DoubleDash","floor":13},{"not_picked":["HollowMod:AbyssShriek","HollowMod:HeavyBlow"],"picked":"HollowMod:DoubleDash","floor":14},{"not_picked":["HollowMod:SoulShaman","HollowMod:DashSlash"],"picked":"HollowMod:NewJinnsSoul","floor":15},{"not_picked":["HollowMod:ZotesMagnificence","HollowMod:VoidDash"],"picked":"HollowMod:HornetsHelp","floor":16},{"not_picked":["HollowMod:CloakDash+1","HollowMod:AbyssShriek"],"picked":"HollowMod:MawleksShell","floor":18},{"not_picked":["HollowMod:SiblingsShadow","HollowMod:CornifersMapStart+1"],"picked":"HollowMod:NewJinnsSoul+1","floor":19},{"not_picked":["HollowMod:Grubsong+1","HollowMod:CycloneSlash"],"picked":"HollowMod:InfectedCysts","floor":20},{"not_picked":["HollowMod:SiblingsSouls+1","HollowMod:GoodIntentions"],"picked":"HollowMod:DoubleDash","floor":21},{"not_picked":["HollowMod:MidwifesHunger","HollowMod:ShapeofUnn+1"],"picked":"HollowMod:MantisMark+1","floor":23},{"not_picked":["HollowMod:SoulSplash","HollowMod:DoubleDash"],"picked":"HollowMod:DesolateDive","floor":24},{"not_picked":["HollowMod:SharpenedShadows","HollowMod:NewJinnsSoul"],"picked":"HollowMod:ChannelNail","floor":25}],"player_experience":37494,"relics_obtained":[{"floor":1,"key":"LetterFromLob"},{"floor":7,"key":"Dream Catcher"},{"floor":9,"key":"HollowMod:MillibellesNoteRelic"},{"floor":10,"key":"Kunai"},{"floor":12,"key":"Gremlin Food"},{"floor":23,"key":"Dota2Spire:PhaseBoots"},{"floor":26,"key":"infinitespire:Broken Mirror"}],"event_choices":[{"damage_healed":0,"gold_gain":0,"player_choice":"Invest 2","damage_taken":0,"max_hp_gain":0,"max_hp_loss":0,"event_name":"conspire:Investor","floor":3,"gold_loss":0}],"is_beta":false,"boss_relics":[{"not_picked":["Velvet Choker","hubris:TerracottaHorce"],"picked":"Astrolabe"}],"items_purged_floors":[],"is_endless":false,"potions_floor_spawned":[7,11,12,13,16,18],"killed_by":"Hallownest:Master_and_Novice","ascension_level":0}}