{"host":"qfskrnw3pl1q86j0","time":1611443092,"event":{"mods":["BaseMod","Block Reminder","Hermit","Marisa????????","Minty Spire (QoL Compilation)","Quick Restart","Random Character Button","Relic Stats","StSLib","The Poker Player","slay the spire mod where everything is the same but ironclad has a cowboy hat"],"gold_per_floor":[112,112,112,66,90,90,104,104,159,159,198,198,198,216,216,312,312,312],"floor_reached":17,"language":"ENG","playtime":305,"items_purged":[],"score":252,"play_id":"fc96f11e-3bce-4e34-b0e8-7dc97c29cf5d","local_time":"20210124000452","is_ascension_mode":true,"campfire_choices":[{"data":"EmptyFist","floor":6.0,"key":"SMITH"},{"data":"MentalFortress","floor":8.0,"key":"SMITH"},{"data":"Finesse","floor":10.0,"key":"SMITH"},{"data":"SashWhip","floor":13.0,"key":"SMITH"},{"data":"Vigilance","floor":15.0,"key":"SMITH"}],"circlet_count":0,"master_deck":["AscendersBane","Strike_P","Strike_P","Strike_P+1","Strike_P+1","Defend_P","Defend_P","Defend_P","Defend_P","Eruption+1","Vigilance+1","Finesse+1","EmptyBody","EmptyFist+1","MentalFortress+1","SashWhip+1"],"relics":["PureWater","Golden Idol","Whetstone","Bottled Flame","VioletLotus"],"acts_visited":["TheCity"],"potions_floor_usage":[],"damage_taken":[{"damage":5.0,"enemies":"Cultist","floor":1.0,"turns":3.0},{"damage":0.0,"enemies":"2 Louse","floor":5.0,"turns":3.0},{"damage":2.0,"enemies":"Jaw Worm","floor":7.0,"turns":4.0},{"damage":4.0,"enemies":"Gremlin Nob","floor":11.0,"turns":4.0},{"damage":0.0,"enemies":"Looter","floor":14.0,"turns":3.0},{"damage":26.0,"enemies":"Slime Boss","floor":16.0,"turns":7.0}],"seed_played":"7631954238586178808","potions_obtained":[{"floor":1.0,"key":"AttackPotion"},{"floor":11.0,"key":"CultistPotion"},{"floor":14.0,"key":"Ambrosia"},{"floor":16.0,"key":"BottledMiracle"}],"is_trial":false,"path_per_floor":["M","?","?","$","M","R","M","R","T","R","E","?","R","M","R","B",null],"character_chosen":"WATCHER","items_purchased":["EmptyFist"],"campfire_rested":0,"item_purchase_floors":[4],"current_hp_per_floor":[60,60,60,60,60,60,58,58,58,58,54,54,54,54,54,28,57,57],"gold":312,"neow_bonus":"RANDOM_COLORLESS","is_daily":false,"chose_seed":false,"campfire_upgraded":5,"win_rate":0.0,"timestamp":1611443092,"path_taken":["M","?","?","$","M","R","M","R","T","R","E","?","R","M","R","BOSS"],"items_purchased_type":["Card"],"build_version":"2020-12-22","purchased_purges":0,"victory":false,"max_hp_per_floor":[72,72,67,67,67,67,67,67,67,67,67,67,67,67,67,67,67,67],"relic_stats":{"counters":[0,0],"Golden Idol":0,"VioletLotus":[0],"Whetstone":[],"obtain_stats":[{"Bottled Flame":0,"Golden Idol":0,"VioletLotus":17,"Whetstone":0,"PureWater":0},{"Bottled Flame":0,"Golden Idol":0,"VioletLotus":0,"Whetstone":0,"PureWater":0},{"Bottled Flame":0,"Golden Idol":0,"VioletLotus":0,"Whetstone":0,"PureWater":0}]},"card_choices":[{"not_picked":["Purity","Dark Shackles"],"picked":"Finesse","floor":0.0},{"not_picked":["PathToVictory","WreathOfFlame"],"picked":"EmptyBody","floor":1.0},{"not_picked":["EmptyBody","WreathOfFlame","ClearTheMind"],"picked":"SKIP","floor":5.0},{"not_picked":["WaveOfTheHand","FlurryOfBlows"],"picked":"MentalFortress","floor":7.0},{"not_picked":["SignatureMove","Brilliance"],"picked":"SashWhip","floor":11.0},{"not_picked":["ReachHeaven","PathToVictory","Protect"],"picked":"SKIP","floor":14.0}],"player_experience":996728,"relics_obtained":[{"floor":9.0,"key":"Whetstone"},{"floor":11.0,"key":"Bottled Flame"}],"event_choices":[{"damage_healed":0.0,"max_hp_gain":0.0,"max_hp_loss":0.0,"gold_gain":0.0,"event_name":"Living Wall","player_choice":"Grow","floor":2.0,"gold_loss":0.0,"damage_taken":0.0,"cards_upgraded":["Eruption"]},{"damage_healed":0.0,"max_hp_gain":0.0,"max_hp_loss":5.0,"gold_gain":0.0,"event_name":"Golden Idol","player_choice":"Lose Max HP","floor":3.0,"gold_loss":0.0,"damage_taken":0.0,"relics_obtained":["Golden Idol"]},{"damage_healed":0.0,"max_hp_gain":0.0,"max_hp_loss":0.0,"gold_gain":0.0,"event_name":"Liars Game","player_choice":"Ignored","floor":12.0,"gold_loss":0.0,"damage_taken":0.0}],"is_beta":false,"boss_relics":[{"not_picked":["Ectoplasm","SlaversCollar"],"picked":"VioletLotus"}],"items_purged_floors":[],"is_endless":false,"potions_floor_spawned":[1,11,14,16],"ascension_level":13}}