{"host":"fiyb7gvx7tok3jeh","time":1611423894,"event":{"mods":["BaseMod","Colored Map","Colored Powertips","DeckTracker","Googly Eyes","Highlight Path","Minty Spire (QoL Compilation)"],"gold_per_floor":[116,116,65,76,351,351,368,165,165,190,208,226,62,92,92,92,92],"floor_reached":16,"language":"ENG","playtime":807,"items_purged":["Regret"],"score":138,"play_id":"98ec56c8-282f-4d66-b6e1-cbfa67d92ae3","local_time":"20210123194454","is_ascension_mode":true,"campfire_choices":[{"data":"Dualcast","floor":6,"key":"SMITH"},{"data":"Hologram","floor":15,"key":"SMITH"}],"circlet_count":0,"master_deck":["Strike_B","Strike_B","Strike_B","Strike_B","Defend_B","Defend_B","Defend_B","Defend_B","Zap","Dualcast+1","Gash","Go for the Eyes","Hologram+1","Skim","Gash","Hologram","Seek","Fission"],"relics":["Cracked Core","Gambling Chip","Pear","Shuriken","Girya"],"acts_visited":["Exordium"],"potions_floor_usage":[10,14],"damage_taken":[{"damage":0,"enemies":"2 Louse","floor":1,"turns":2},{"damage":6,"enemies":"Cultist","floor":4,"turns":3},{"damage":2,"enemies":"Jaw Worm","floor":7,"turns":2},{"damage":19,"enemies":"Lagavulin","floor":10,"turns":6},{"damage":0,"enemies":"2 Fungi Beasts","floor":11,"turns":3},{"damage":4,"enemies":"Large Slime","floor":12,"turns":4},{"damage":16,"enemies":"Gremlin Nob","floor":14,"turns":3},{"damage":38,"enemies":"Slime Boss","floor":16,"turns":10}],"seed_played":"-1591889631661635408","potions_obtained":[{"floor":4,"key":"Swift Potion"},{"floor":12,"key":"Swift Potion"}],"is_trial":false,"path_per_floor":["M","?","$","M","?","R","M","$","T","E","M","M","$","E","R","B"],"character_chosen":"DEFECT","items_purchased":["Gash","Hologram","Skim","Seek"],"campfire_rested":0,"item_purchase_floors":[3,8,8,13],"current_hp_per_floor":[75,68,68,62,62,62,60,60,70,51,51,47,47,31,31,0,0],"gold":92,"neow_bonus":"ONE_RARE_RELIC","is_daily":false,"chose_seed":false,"campfire_upgraded":2,"win_rate":0.0,"timestamp":1611423894,"path_taken":["M","?","$","M","?","R","M","$","T","E","?","M","?","E","R","BOSS"],"items_purchased_type":["Card","Card","Card","Card"],"build_version":"2020-12-22","purchased_purges":1,"victory":false,"max_hp_per_floor":[75,75,75,75,75,75,75,75,85,85,85,85,85,85,85,85,85],"card_choices":[{"not_picked":["Recycle","Capacitor","Conserve Battery"],"picked":"SKIP","floor":1},{"not_picked":["Conserve Battery","Turbo","Cold Snap"],"picked":"SKIP","floor":4},{"not_picked":["Double Energy","Cold Snap"],"picked":"Go for the Eyes","floor":7},{"not_picked":["Redo","Steam","Force Field"],"picked":"SKIP","floor":10},{"not_picked":["Ball Lightning","Chaos"],"picked":"Gash","floor":11},{"not_picked":["Compile Driver","Barrage"],"picked":"Hologram","floor":12},{"not_picked":["Steam","Fusion"],"picked":"Fission","floor":14}],"player_experience":275157,"relics_obtained":[{"floor":9,"key":"Pear"},{"floor":10,"key":"Shuriken"},{"floor":14,"key":"Girya"}],"event_choices":[{"cards_removed":["Decay"],"damage_healed":0,"gold_gain":0,"player_choice":"Card Removal","damage_taken":7,"max_hp_gain":0,"max_hp_loss":0,"event_name":"Golden Wing","floor":2,"gold_loss":0},{"damage_healed":0,"gold_gain":275,"player_choice":"Desecrate","damage_taken":0,"max_hp_gain":0,"max_hp_loss":0,"event_name":"Golden Shrine","floor":5,"gold_loss":0,"cards_obtained":["Regret"]}],"is_beta":false,"boss_relics":[],"items_purged_floors":[8],"is_endless":false,"potions_floor_spawned":[4,12],"killed_by":"Slime Boss","ascension_level":5}}