{"host":"9l4mw5jqza9qz9hr","time":1611408764,"event":{"mods":["AchievementEnabler","Always Whale","BaseMod","Colored Map","Minty Spire (QoL Compilation)","StSLib","SuperFastMode"],"gold_per_floor":[13,13,88,102,126,126,150,175,175,175,175,175,175,216,216,306,306,325,77,95,95,115,115,155,155,155],"floor_reached":25,"language":"KOR","playtime":562,"items_purged":["Strike_B"],"score":342,"play_id":"e91fbceb-a046-4c56-bcd9-e499ab2d9324","local_time":"20210123223244","is_ascension_mode":true,"campfire_choices":[{"data":"Defragment","floor":6,"key":"SMITH"},{"floor":12,"key":"REST"},{"data":"Zap","floor":15,"key":"SMITH"},{"floor":23,"key":"REST"}],"circlet_count":0,"master_deck":["AscendersBane","Strike_B+1","Strike_B+1","Defend_B+1","Defend_B+1","Defend_B+1","Defend_B+1","Zap+1","Dualcast","Thunder Strike","Defragment+1","Ball Lightning","Sweeping Beam","Reboot","Steam","Melter","Biased Cognition+1","CurseOfTheBell","Loop+1","Coolheaded","Turbo","Capacitor+1","Go for the Eyes","Static Discharge+1"],"relics":["Cracked Core","Golden Idol","Bottled Flame","Mummified Hand","Frozen Egg 2","Calling Bell","Strawberry","StrikeDummy","Du-Vu Doll","Red Mask"],"acts_visited":["Exordium","TheCity"],"potions_floor_usage":[7,14,16,22],"damage_taken":[{"damage":1,"enemies":"2 Louse","floor":1,"turns":3},{"damage":9,"enemies":"Jaw Worm","floor":4,"turns":3},{"damage":0,"enemies":"Small Slimes","floor":5,"turns":3},{"damage":11,"enemies":"Blue Slaver","floor":7,"turns":3},{"damage":15,"enemies":"Large Slime","floor":8,"turns":5},{"damage":10,"enemies":"3 Sentries","floor":14,"turns":5},{"damage":12,"enemies":"Hexaghost","floor":16,"turns":8},{"damage":2,"enemies":"Chosen","floor":18,"turns":3},{"damage":18,"enemies":"2 Thieves","floor":20,"turns":3},{"damage":12,"enemies":"Snecko","floor":22,"turns":3},{"damage":44,"enemies":"Masked Bandits","floor":24,"turns":4},{"damage":0,"enemies":"Chosen and Byrds","floor":25,"turns":1}],"seed_played":"9070849613934258911","potions_obtained":[{"floor":5,"key":"Fire Potion"},{"floor":8,"key":"DuplicationPotion"},{"floor":14,"key":"Energy Potion"},{"floor":20,"key":"ColorlessPotion"},{"floor":24,"key":"DuplicationPotion"}],"is_trial":false,"path_per_floor":["M","?","?","M","M","R","M","M","T","?","?","R","?","E","R","B",null,"M","$","M","?","M","R","?","M"],"character_chosen":"DEFECT","items_purchased":["Loop+1","Coolheaded","Turbo"],"campfire_rested":2,"item_purchase_floors":[19,19,19],"current_hp_per_floor":[63,63,52,43,43,43,32,17,17,10,10,29,29,19,19,7,58,56,56,38,38,26,47,3,3,3],"gold":155,"neow_bonus":"THREE_RARE_CARDS","is_daily":false,"chose_seed":false,"campfire_upgraded":2,"win_rate":0.0,"timestamp":1611408764,"path_taken":["M","?","?","?","M","R","M","M","T","?","?","R","?","E","R","BOSS","M","$","?","?","M","R","?","M"],"items_purchased_type":["Card","Card","Card"],"build_version":"2020-12-22","purchased_purges":1,"victory":false,"max_hp_per_floor":[71,66,66,66,66,66,66,66,66,66,66,66,66,66,66,66,73,73,73,73,73,73,73,73,73,73],"card_choices":[{"not_picked":["All For One","Biased Cognition"],"picked":"Thunder Strike","floor":0},{"not_picked":["Beam Cell","Reprogram"],"picked":"Defragment","floor":1},{"not_picked":["Heatsinks","Sweeping Beam"],"picked":"Ball Lightning","floor":4},{"not_picked":["Turbo","Rebound"],"picked":"Sweeping Beam","floor":5},{"not_picked":["Undo","Lockon"],"picked":"Reboot","floor":7},{"not_picked":["Blizzard","Cold Snap"],"picked":"Steam","floor":8},{"not_picked":["Cold Snap","Skim"],"picked":"Melter","floor":14},{"not_picked":["Thunder Strike","All For One"],"picked":"Biased Cognition+1","floor":16},{"not_picked":["Scrape","Beam Cell","Rip and Tear"],"picked":"SKIP","floor":18},{"not_picked":["Gash","Leap"],"picked":"Capacitor+1","floor":20},{"not_picked":["Capacitor+1","Chaos"],"picked":"Go for the Eyes","floor":22},{"not_picked":["Sunder","Turbo"],"picked":"Static Discharge+1","floor":24}],"player_experience":236685,"relics_obtained":[{"floor":9,"key":"Bottled Flame"},{"floor":14,"key":"Frozen Egg 2"},{"floor":17,"key":"Strawberry"},{"floor":17,"key":"StrikeDummy"},{"floor":17,"key":"Du-Vu Doll"},{"floor":24,"key":"Red Mask"}],"event_choices":[{"damage_healed":0,"gold_gain":0,"player_choice":"Lose Max HP","damage_taken":0,"relics_obtained":["Golden Idol"],"max_hp_gain":0,"max_hp_loss":5,"event_name":"Golden Idol","floor":2,"gold_loss":0},{"damage_healed":0,"gold_gain":75,"player_choice":"Gather Gold","damage_taken":11,"max_hp_gain":0,"max_hp_loss":0,"event_name":"World of Goop","floor":3,"gold_loss":0},{"damage_healed":0,"gold_gain":0,"player_choice":"Success","damage_taken":7,"relics_obtained":["Mummified Hand"],"max_hp_gain":0,"max_hp_loss":0,"event_name":"Scrap Ooze","floor":10,"gold_loss":0},{"damage_healed":0,"gold_gain":0,"player_choice":"Ignored","damage_taken":0,"max_hp_gain":0,"max_hp_loss":0,"event_name":"Shining Light","floor":11,"gold_loss":0},{"cards_removed":["Strike_B"],"damage_healed":0,"gold_gain":0,"player_choice":"Offered Basic","damage_taken":0,"max_hp_gain":0,"max_hp_loss":0,"event_name":"Bonfire Elementals","floor":13,"gold_loss":0},{"damage_healed":0,"gold_gain":0,"player_choice":"Simplicity","damage_taken":0,"max_hp_gain":0,"max_hp_loss":0,"event_name":"Back to Basics","floor":21,"gold_loss":0,"cards_upgraded":["Strike_B","Strike_B","Defend_B","Defend_B","Defend_B","Defend_B"]},{"damage_healed":0,"gold_gain":0,"player_choice":"Fought Bandits","damage_taken":0,"max_hp_gain":0,"max_hp_loss":0,"event_name":"Masked Bandits","floor":24,"gold_loss":0}],"is_beta":false,"boss_relics":[{"not_picked":["FrozenCore","Runic Pyramid"],"picked":"Calling Bell"}],"items_purged_floors":[19],"is_endless":false,"potions_floor_spawned":[5,8,14,20,24],"killed_by":"Chosen and Byrds","ascension_level":14}}