{"host":"0j14tftqx740pozz","time":1611381517,"event":{"mods":["Act Like it!","BaseMod","Bestiary","Better Altar","Better Match","Better Note","Better Sensory Stone","Better Skull","DeckTracker","Gensokyo","Minty Spire (QoL Compilation)","MostiFishMod","Replay The Spire","StSLib","Waifu the Spire"],"gold_per_floor":[114,114,133,133,143,174,185,199,223,223,248,58,78,98,98,201,201,216,216,35,33,33,66,66,101,101,101,121,155,3,21,21,125,125,125],"floor_reached":34,"language":"ZHS","playtime":1743,"items_purged":["Strike_B"],"score":494,"play_id":"8e41c55e-c3fb-4c00-ba9f-24768dbeab18","local_time":"20210123135837","is_ascension_mode":true,"campfire_choices":[{"data":"Reprogram","floor":10.0,"key":"SMITH"},{"floor":24.0,"key":"REST"},{"floor":27.0,"key":"REST"},{"floor":32.0,"key":"REST"}],"circlet_count":0,"master_deck":["Defend_B","Defend_B","Zap","Dualcast","ReplayGash","Sweeping Beam+1","Reprogram+1","Auto Shields","Go for the Eyes","MostiFishMod:DeathFromBelow","Beam Cell","MostiFishMod:StarOceanB","CurseOfTheBell","BootSequence","MostiFishMod:ForestofLight","Gash","Meteor Strike","Conserve Battery","Steam","Creative AI","Reboot","Time Bomb+1","Doom and Gloom+1","Doom and Gloom+1"],"relics":["Cracked Core","DaveBox","NeowsBlessing","HaiYi:Twilight","SynthV:TestCard","Iron Hammer","Smiling Mask","Toy Ornithopter","Calling Bell","ReplayFunnel","Onion Ring","CaptainsWheel","CultistMask","Pen Nib","Replay:Ringing Soul","Matryoshka","Bag of Preparation","Toolbox","Astrolabe"],"acts_visited":["Exordium","TheCity","TheBeyond"],"potions_floor_usage":[],"damage_taken":[{"damage":0.0,"enemies":"Cultist","floor":1.0,"turns":1.0},{"damage":0.0,"enemies":"Small Slimes","floor":3.0,"turns":1.0},{"damage":0.0,"enemies":"2 Louse","floor":5.0,"turns":1.0},{"damage":36.0,"enemies":"3 Sentries","floor":6.0,"turns":6.0},{"damage":10.0,"enemies":"Exordium Wildlife","floor":7.0,"turns":3.0},{"damage":0.0,"enemies":"2 Fungi Beasts","floor":8.0,"turns":2.0},{"damage":1.0,"enemies":"Lagavulin","floor":11.0,"turns":5.0},{"damage":3.0,"enemies":"Looter","floor":13.0,"turns":3.0},{"damage":4.0,"enemies":"Exordium Thugs","floor":14.0,"turns":4.0},{"damage":31.0,"enemies":"The Guardian","floor":16.0,"turns":12.0},{"damage":1.0,"enemies":"Shell Parasite","floor":18.0,"turns":7.0},{"damage":17.0,"enemies":"2 Thieves","floor":21.0,"turns":5.0},{"damage":33.0,"enemies":"Replay:Snechameleon","floor":23.0,"turns":10.0},{"damage":36.0,"enemies":"Slavers","floor":25.0,"turns":7.0},{"damage":23.0,"enemies":"Sentry and Sphere","floor":28.0,"turns":6.0},{"damage":0.0,"enemies":"Gremlin Leader","floor":29.0,"turns":4.0},{"damage":0.0,"enemies":"Cultist and Chosen","floor":31.0,"turns":4.0},{"damage":21,"enemies":"Champ","floor":33,"turns":10}],"seed_played":"2192904718463977137","potions_obtained":[{"floor":1.0,"key":"ColorlessPotion"},{"floor":4.0,"key":"CultistPotion"},{"floor":4.0,"key":"Reflective Coating"},{"floor":11.0,"key":"Explosive Potion"},{"floor":16.0,"key":"Toxic Potion"},{"floor":21.0,"key":"Weak Potion"},{"floor":25.0,"key":"Explosive Potion"}],"is_trial":false,"path_per_floor":["M","?","M","?","M","E","M","M","T","R","E","$","M","M","R","B",null,"M","?","$","M","?","E","R","E","T","R","M","E","$","M","R","B",null],"character_chosen":"DEFECT","items_purchased":["MostiFishMod:DeathFromBelow","MostiFishMod:ForestofLight","Toolbox"],"campfire_rested":3,"item_purchase_floors":[12,20,30],"current_hp_per_floor":[75,68,68,68,68,32,22,22,22,22,21,21,18,19,41,10,75,74,74,74,57,57,24,46,20,20,42,22,30,30,33,58,40,90,90],"gold":125,"neow_bonus":"THREE_ENEMY_KILL","is_daily":false,"chose_seed":false,"campfire_upgraded":1,"win_rate":0.0,"timestamp":1611381517,"path_taken":["M","?","M","?","M","E","M","M","T","R","E","$","?","M","R","BOSS","M","?","$","M","?","E","R","E","T","R","M","E","$","M","R","BOSS"],"items_purchased_type":["Card","Card","Relic"],"build_version":"2020-12-22","purchased_purges":1,"victory":false,"max_hp_per_floor":[75,75,75,75,75,75,75,75,75,75,75,75,75,75,75,75,75,75,75,75,75,75,75,75,75,75,75,78,81,81,84,84,87,90,90],"card_choices":[{"not_picked":["Conserve Battery","MostiFishMod:LinkProtocol"],"picked":"ReplayGash","floor":1.0},{"not_picked":["Static Discharge","Leap","Barrage","BasicCrystalCard"],"picked":"Sweeping Beam","floor":3.0},{"not_picked":["Compile Driver","Streamline","BasicCrystalCard","Redo","Turbo"],"picked":"SKIP","floor":5.0},{"not_picked":["Storm","Sweeping Beam","Loop","Barrage"],"picked":"Reprogram","floor":6.0},{"not_picked":["Compile Driver","Streamline","Defragment","Hologram","Recycle"],"picked":"SKIP","floor":7.0},{"not_picked":["Thunder Strike","Redo","Stack","Compile Driver"],"picked":"Auto Shields","floor":8.0},{"not_picked":["Panic Button","Ball Lightning","MostiFishMod:LinkProtocol","Darkness"],"picked":"Go for the Eyes","floor":11.0},{"not_picked":["Turbo","Stack","Defragment","ReplayGash"],"picked":"Beam Cell","floor":13.0},{"not_picked":["Cold Snap","Sweeping Beam","BasicCrystalCard","Mirror Shield","Doom and Gloom"],"picked":"SKIP","floor":14.0},{"not_picked":["Core Surge","MostiFishMod:IceShield","Multi-Cast","Echo Form"],"picked":"MostiFishMod:StarOceanB","floor":16.0},{"not_picked":["BasicCrystalCard","Sweeping Beam","ReplayTheSpireMod:Calculation Training","MostiFishMod:FluxCapactior"],"picked":"BootSequence","floor":18.0},{"not_picked":["Compile Driver+1","Redo","Ball Lightning","ReplayTheSpireMod:System Scan"],"picked":"Gash","floor":21.0},{"not_picked":["Genetic Algorithm","MostiFishMod:Impulse+1","Turbo","Gash"],"picked":"Meteor Strike","floor":23.0},{"not_picked":["Go for the Eyes+1","Hologram","Crystallizer","MostiFishMod:Tomorrow","Stack+1"],"picked":"SKIP","floor":25.0},{"not_picked":["Static Discharge","MostiFishMod:PushDownKick+1","Sweeping Beam","Hologram+1"],"picked":"Conserve Battery","floor":28.0},{"not_picked":["Recycle+1","Ball Lightning","BootSequence+1","Redo"],"picked":"Steam","floor":29.0},{"not_picked":["Go for the Eyes","Cold Snap+1","Compile Driver+1","Skim"],"picked":"Creative AI","floor":31.0},{"not_picked":["Thunder Strike","Core Surge","MostiFishMod:DawningShadow","MostiFishMod:InterfaceCompatibility"],"picked":"Reboot","floor":33}],"player_experience":705857,"relics_obtained":[{"floor":1.0,"key":"SynthV:TestCard"},{"floor":6.0,"key":"Iron Hammer"},{"floor":9.0,"key":"Smiling Mask"},{"floor":11.0,"key":"Toy Ornithopter"},{"floor":17.0,"key":"ReplayFunnel"},{"floor":17.0,"key":"Onion Ring"},{"floor":17.0,"key":"CaptainsWheel"},{"floor":23.0,"key":"Pen Nib"},{"floor":25.0,"key":"Replay:Ringing Soul"},{"floor":26.0,"key":"Matryoshka"},{"floor":29.0,"key":"Bag of Preparation"}],"event_choices":[{"cards_removed":["Strike_B"],"damage_healed":0.0,"max_hp_gain":0.0,"max_hp_loss":0.0,"gold_gain":0.0,"event_name":"Golden Wing","player_choice":"Card Removal","floor":2.0,"gold_loss":0.0,"damage_taken":7.0},{"damage_healed":0.0,"max_hp_gain":0.0,"max_hp_loss":0.0,"gold_gain":0.0,"event_name":"Lab","player_choice":"Got Potions","floor":4.0,"gold_loss":0.0,"damage_taken":0.0},{"damage_healed":0.0,"max_hp_gain":0.0,"max_hp_loss":0.0,"gold_gain":0.0,"event_name":"FaceTrader","player_choice":"Trade","floor":19.0,"gold_loss":0.0,"damage_taken":0.0,"relics_obtained":["CultistMask"]},{"cards_removed":["Strike_B"],"damage_healed":0.0,"max_hp_gain":0.0,"max_hp_loss":0.0,"gold_gain":0.0,"event_name":"Purifier","player_choice":"Purged","floor":22.0,"gold_loss":0.0,"damage_taken":0.0}],"is_beta":false,"boss_relics":[{"not_picked":["RhineFirstAidKit","Runic Pyramid"],"picked":"Calling Bell"},{"not_picked":["Sozu","Black Star"],"picked":"Astrolabe"}],"items_purged_floors":[12],"is_endless":false,"potions_floor_spawned":[1,5,11,16,21,25],"ascension_level":1}}