{"host":"y7b1p9nkx4idorr2","time":1611417275,"event":{"mods":["AchievementEnabler","Act Like it!","Aspiration","BaseMod","Better Altar","Better Match","Better Note","Better Sensory Stone","Better Skull","Better Third Choice","BetterRewards","Colored Map","Conspire","Downfall","GifTheSpireLib","Googly Eyes","Highlight Path","Hubris","Mimic Mod","Minty Spire (QoL Compilation)","Replay The Spire","Shop Mod","Spicy Shops","StSLib","Stuff the Spire","Unceasing Turn Reminder"],"gold_per_floor":[99,115,127,137,156,56,83,83,99,132,148,174,174,14,25,25,25,25],"floor_reached":16,"language":"ENG","playtime":894,"items_purged":[],"score":120,"play_id":"9b54194b-c815-4931-be43-28c59d0c5c2c","local_time":"20210123095435","is_ascension_mode":true,"campfire_choices":[{"floor":1,"key":"RECALL"},{"data":"Slimebound:HauntingLick","floor":6,"key":"SMITH"}],"circlet_count":0,"master_deck":["Slimebound:Strike_Slimebound","Slimebound:Strike_Slimebound","Slimebound:Tackle","Slimebound:Defend_Slimebound","Slimebound:Defend_Slimebound","Slimebound:Defend_Slimebound","Slimebound:Defend_Slimebound","Slimebound:Split","Slimebound:CorrosiveSpit","Slimebound:SplitBruiser","Slimebound:HauntingLick+1","Slimebound:DisruptingSlam","Slimebound:LeechEnergy","Slimebound:SpikyOuterGoop","Slimebound:SplitSpecialist","Slimebound:SplitSpecialist","Slimebound:MegaLick","Slimebound:LeechingTouch","Slimebound:SplitMire"],"relics":["Slimebound:AbsorbEndCombat","downfall:HeartBlessingRed","aspiration:FrozenJewel","StuffTheSpire:RubySignet","Gremlin Food"],"acts_visited":["Exordium"],"potions_floor_usage":[5,12,12,16],"damage_taken":[{"damage":0,"enemies":"2 Louse","floor":2,"turns":3},{"damage":4,"enemies":"Cultist","floor":3,"turns":3},{"damage":8,"enemies":"Small Slimes","floor":4,"turns":2},{"damage":29,"enemies":"Gremlin Gang","floor":5,"turns":4},{"damage":0,"enemies":"3 Louse","floor":9,"turns":2},{"damage":26,"enemies":"Lagavulin","floor":10,"turns":5},{"damage":0,"enemies":"Large Slime","floor":11,"turns":4},{"damage":17,"enemies":"3 Sentries","floor":12,"turns":6},{"damage":0,"enemies":"downfall:FleeingMerchant","floor":14,"turns":4},{"damage":8,"enemies":"Exordium Thugs","floor":15,"turns":4},{"damage":36,"enemies":"WA_ARCHETYPE_RETAIN","floor":16,"turns":7}],"seed_played":"-6423421395635004438","potions_obtained":[{"floor":0,"key":"Milkshake"},{"floor":0,"key":"sneckomod:MuddlingPotion"},{"floor":0,"key":"Venom Potion"},{"floor":9,"key":"ColorlessPotion"},{"floor":11,"key":"Strength Potion"},{"floor":12,"key":"Milkshake"},{"floor":15,"key":"PowerPotion"}],"is_trial":false,"path_per_floor":["R","M","M","M","M","R","T","?","M","E","M","E","?","$","M","B"],"character_chosen":"SLIMEBOUND","items_purchased":["Gremlin Food"],"campfire_rested":0,"item_purchase_floors":[14],"current_hp_per_floor":[65,65,63,59,32,32,32,39,41,19,23,8,8,14,10,0,0,0],"gold":25,"neow_bonus":"THREE_SMALL_POTIONS","is_daily":false,"chose_seed":false,"campfire_upgraded":1,"win_rate":0.0,"timestamp":1611417275,"path_taken":["R","M","M","M","M","R","T","?","?","E","M","E","?","$","M","BOSS"],"items_purchased_type":["Relic"],"build_version":"2020-12-22","purchased_purges":0,"victory":false,"max_hp_per_floor":[65,65,65,65,65,65,65,65,65,65,65,65,65,65,65,65,65,65],"card_choices":[{"not_picked":["Slimebound:SplitLeeching","Slimebound:GoopTackle"],"picked":"Slimebound:SplitBruiser","floor":2},{"not_picked":["Slimebound:ServeAndProtect","Slimebound:GoopSpray"],"picked":"Slimebound:HauntingLick","floor":3},{"not_picked":["Slimebound:Prepare","Slimebound:FormOfPuddle"],"picked":"Slimebound:DisruptingSlam","floor":4},{"not_picked":["Slimebound:ForwardTackle","Slimebound:SplitBruiser"],"picked":"Slimebound:LeechEnergy","floor":5},{"not_picked":["Slimebound:FinishingTackle","Slimebound:GoopTackle"],"picked":"Slimebound:SpikyOuterGoop","floor":9},{"not_picked":["Slimebound:FormOfPuddle","Slimebound:ViciousTackle"],"picked":"Slimebound:SplitSpecialist","floor":10},{"not_picked":["Slimebound:PressTheAttack","Slimebound:SplitBruiser"],"picked":"Slimebound:SplitSpecialist","floor":11},{"not_picked":["Slimebound:ItLooksTasty","Slimebound:FirmFortitude"],"picked":"Slimebound:MegaLick","floor":12},{"not_picked":["Slimebound:AcidTongue","Slimebound:ProtectTheBoss"],"picked":"Slimebound:LeechingTouch","floor":14},{"not_picked":["Slimebound:LeechingTouch","Slimebound:ItLooksTasty"],"picked":"Slimebound:SplitMire","floor":15}],"player_experience":2172510,"relics_obtained":[{"floor":10,"key":"aspiration:FrozenJewel"},{"floor":12,"key":"StuffTheSpire:RubySignet"}],"event_choices":[],"is_beta":false,"boss_relics":[],"items_purged_floors":[],"is_endless":false,"potions_floor_spawned":[3,9,10,11,12,15],"killed_by":"WA_ARCHETYPE_RETAIN","ascension_level":1}}