{"host":"jwbw4f4imxd0v0b0","time":1611386175,"event":{"mods":["BaseMod","Colored Map","Highlight Path","Minty Spire (QoL Compilation)","Relic Stats","StSLib"],"gold_per_floor":[111,111,129,147,161,195,206,223,304,332,332,2,29,29,29,127,127,144,164,184,184,204,204,234,248,327,345,361,392,392,425,425,522,522,541,541,591,609,624,641,641,274,274,294,321,332,332,367,367,367,367,367,64,97,97],"floor_reached":56,"language":"ENG","playtime":2923,"items_purged":["Strike_R"],"score":1368,"play_id":"79aebd28-6c83-427e-b091-4cd544c8b5b2","local_time":"20210123011615","is_ascension_mode":false,"campfire_choices":[{"data":"Disarm","floor":11.0,"key":"SMITH"},{"data":"Carnage","floor":15.0,"key":"SMITH"},{"data":"Inflame","floor":23.0,"key":"SMITH"},{"data":"Limit Break","floor":32.0,"key":"SMITH"},{"data":"Feel No Pain","floor":47.0,"key":"SMITH"},{"floor":49.0,"key":"RECALL"},{"data":"Corruption","floor":52.0,"key":"SMITH"}],"circlet_count":0,"master_deck":["Strike_R","Strike_R","Strike_R","Defend_R","Defend_R","Defend_R","Defend_R","Bash","Cleave","Combust","Carnage+1","Exhume","Battle Trance","Armaments","Blood for Blood","Disarm+1","Hemokinesis","Pummel","Limit Break+1","Shrug It Off","Spot Weakness+1","Inflame+1","Headbutt","Clumsy","Shockwave+1","Offering","Impervious","Demon Form","Sword Boomerang","Rupture","Feel No Pain+1","Corruption+1","Dark Embrace","Madness","Madness","Offering","Shame","Pummel+1","True Grit","Limit Break"],"relics":["Burning Blood","Bag of Marbles","Kunai","Pear","MealTicket","Bird Faced Urn","Cursed Key","Boot","Question Card","Mercury Hourglass","MutagenicStrength","Pen Nib","Runic Cube","Pocketwatch","Lee\u0027s Waffle","Lizard Tail","Calipers","CaptainsWheel","Happy Flower"],"acts_visited":["Exordium","TheCity","TheBeyond","TheEnding"],"potions_floor_usage":[55,55],"damage_taken":[{"damage":0.0,"enemies":"2 Louse","floor":1.0,"turns":3.0},{"damage":14.0,"enemies":"Jaw Worm","floor":3.0,"turns":4.0},{"damage":1.0,"enemies":"Cultist","floor":4.0,"turns":3.0},{"damage":27.0,"enemies":"Gremlin Gang","floor":5.0,"turns":4.0},{"damage":53.0,"enemies":"Lagavulin","floor":6.0,"turns":6.0},{"damage":5.0,"enemies":"Looter","floor":7.0,"turns":3.0},{"damage":0.0,"enemies":"3 Louse","floor":8.0,"turns":3.0},{"damage":15.0,"enemies":"Gremlin Nob","floor":10.0,"turns":4.0},{"damage":17.0,"enemies":"Lagavulin","floor":13.0,"turns":5.0},{"damage":26.0,"enemies":"The Guardian","floor":16.0,"turns":13.0},{"damage":0.0,"enemies":"3 Byrds","floor":18.0,"turns":2.0},{"damage":11.0,"enemies":"2 Thieves","floor":19.0,"turns":3.0},{"damage":28.0,"enemies":"Sentry and Sphere","floor":20.0,"turns":4.0},{"damage":2.0,"enemies":"Snake Plant","floor":22.0,"turns":5.0},{"damage":4.0,"enemies":"Book of Stabbing","floor":24.0,"turns":6.0},{"damage":4.0,"enemies":"Chosen and Byrds","floor":25.0,"turns":4.0},{"damage":15.0,"enemies":"Cultist and Chosen","floor":27.0,"turns":5.0},{"damage":15.0,"enemies":"Snecko","floor":28.0,"turns":4.0},{"damage":34.0,"enemies":"Slavers","floor":29.0,"turns":5.0},{"damage":13.0,"enemies":"Gremlin Leader","floor":31.0,"turns":5.0},{"damage":32.0,"enemies":"Collector","floor":33.0,"turns":5.0},{"damage":6.0,"enemies":"Orb Walker","floor":35.0,"turns":1.0},{"damage":0.0,"enemies":"Mind Bloom Boss Battle","floor":37.0,"turns":6.0},{"damage":13.0,"enemies":"3 Shapes","floor":38.0,"turns":3.0},{"damage":16.0,"enemies":"Spire Growth","floor":39.0,"turns":3.0},{"damage":7.0,"enemies":"Sphere and 2 Shapes","floor":40.0,"turns":5.0},{"damage":26.0,"enemies":"3 Darklings","floor":44.0,"turns":7.0},{"damage":7.0,"enemies":"Nemesis","floor":45.0,"turns":5.0},{"damage":0.0,"enemies":"Maw","floor":46.0,"turns":6.0},{"damage":23.0,"enemies":"Reptomancer","floor":48.0,"turns":5.0},{"damage":39.0,"enemies":"Donu and Deca","floor":50.0,"turns":4.0},{"damage":63.0,"enemies":"Shield and Spear","floor":54.0,"turns":5.0},{"damage":112,"enemies":"The Heart","floor":55,"turns":6}],"seed_played":"-8003738784987619789","potions_obtained":[{"floor":5.0,"key":"AttackPotion"},{"floor":6.0,"key":"Regen Potion"},{"floor":7.0,"key":"LiquidMemories"},{"floor":10.0,"key":"SpeedPotion"},{"floor":16.0,"key":"SkillPotion"},{"floor":19.0,"key":"Weak Potion"},{"floor":25.0,"key":"SteroidPotion"},{"floor":29.0,"key":"FairyPotion"}],"is_trial":false,"path_per_floor":["M","?","M","M","M","E","M","M","T","E","R","$","E","?","R","B",null,"M","M","M","?","M","R","E","M","T","M","M","E","?","E","R","B",null,"M","?","?","M","M","M","?","$","T","M","E","M","R","E","R","B",null,"R","$","E","B",null],"character_chosen":"IRONCLAD","items_purchased":["MealTicket","CultistPotion","Hemokinesis","Lee\u0027s Waffle","Offering","CaptainsWheel"],"campfire_rested":0,"item_purchase_floors":[12,12,12,42,42,53],"current_hp_per_floor":[88,88,80,85,64,17,27,33,33,34,34,34,23,28,28,8,103,103,98,78,78,86,86,92,98,98,91,86,62,62,59,59,37,103,103,103,103,98,90,99,86,110,110,96,105,110,110,95,95,68,110,110,110,59,10],"gold":97,"neow_bonus":"TEN_PERCENT_HP_BONUS","is_daily":false,"chose_seed":false,"campfire_upgraded":6,"win_rate":0.0,"timestamp":1611386175,"path_taken":["M","?","M","M","M","E","M","M","T","E","R","?","E","?","R","BOSS","M","M","M","?","?","R","E","M","T","?","M","E","?","E","R","BOSS","M","?","?","M","M","M","?","$","T","M","E","M","R","E","R","BOSS","R","$","E","BOSS"],"items_purchased_type":["Relic","Potion","Card","Relic","Card","Relic"],"build_version":"2020-12-22","purchased_purges":1,"victory":true,"max_hp_per_floor":[88,88,88,88,88,88,88,88,88,98,98,98,98,103,103,103,103,103,103,103,103,103,103,103,103,103,103,103,103,103,103,103,103,103,103,103,103,103,103,103,103,110,110,110,110,110,110,110,110,110,110,110,110,110,110],"relic_stats":{"Lee\u0027s Waffle":9,"Happy Flower":[2],"counters":[33,151],"Pen Nib":[9],"Cursed Key":2,"Boot":[49],"Question Card":15,"Burning Blood":174,"Mercury Hourglass":[276],"Lizard Tail":0,"Bird Faced Urn":[91],"MealTicket":15,"Kunai":[17],"obtain_stats":[{"Lee\u0027s Waffle":42,"Pear":10,"Calipers":48,"Happy Flower":54,"Pen Nib":31,"Cursed Key":17,"Boot":24,"Question Card":26,"Burning Blood":0,"Mercury Hourglass":29,"Lizard Tail":45,"CaptainsWheel":53,"Bird Faced Urn":13,"MutagenicStrength":30,"MealTicket":12,"Bag of Marbles":6,"Kunai":9,"Runic Cube":34,"Pocketwatch":37},{"Lee\u0027s Waffle":26,"Pear":8,"Calipers":30,"Happy Flower":32,"Pen Nib":20,"Cursed Key":10,"Boot":15,"Question Card":16,"Burning Blood":0,"Mercury Hourglass":19,"Lizard Tail":28,"CaptainsWheel":31,"Bird Faced Urn":9,"MutagenicStrength":19,"MealTicket":8,"Bag of Marbles":5,"Kunai":7,"Runic Cube":21,"Pocketwatch":23},{"Lee\u0027s Waffle":114,"Pear":30,"Calipers":136,"Happy Flower":145,"Pen Nib":91,"Cursed Key":48,"Boot":68,"Question Card":72,"Burning Blood":0,"Mercury Hourglass":86,"Lizard Tail":126,"CaptainsWheel":140,"Bird Faced Urn":35,"MutagenicStrength":86,"MealTicket":30,"Bag of Marbles":20,"Kunai":26,"Runic Cube":96,"Pocketwatch":103}],"Runic Cube":[55],"Pocketwatch":[29]},"card_choices":[{"not_picked":["Havoc","Flex"],"picked":"Cleave","floor":1.0},{"not_picked":["True Grit","Flex"],"picked":"Combust","floor":3.0},{"not_picked":["Iron Wave","Entrench"],"picked":"Carnage","floor":4.0},{"not_picked":["Thunderclap","Seeing Red"],"picked":"Exhume","floor":5.0},{"not_picked":["Burning Pact","Reckless Charge"],"picked":"Battle Trance","floor":6.0},{"not_picked":["Thunderclap","Warcry"],"picked":"Armaments","floor":7.0},{"not_picked":["Clothesline","Headbutt"],"picked":"Blood for Blood","floor":8.0},{"not_picked":["Warcry","Sword Boomerang"],"picked":"Disarm","floor":10.0},{"not_picked":["Evolve","Second Wind"],"picked":"Pummel","floor":13.0},{"not_picked":["Exhume","Reaper"],"picked":"Limit Break","floor":16.0},{"not_picked":["Perfected Strike","Havoc"],"picked":"Shrug It Off","floor":18.0},{"not_picked":["Rage","Carnage","Warcry"],"picked":"SKIP","floor":19.0},{"not_picked":["Pummel+1","Uppercut"],"picked":"Spot Weakness+1","floor":20.0},{"not_picked":["Cleave","Flex","Sever Soul"],"picked":"SKIP","floor":22.0},{"not_picked":["Searing Blow","Dropkick"],"picked":"Headbutt","floor":24.0},{"not_picked":["Flex","Carnage+1","Body Slam"],"picked":"SKIP","floor":25.0},{"not_picked":["Pommel Strike+1","Ghostly Armor+1","Searing Blow"],"picked":"Shockwave+1","floor":27.0},{"not_picked":["Twin Strike","Power Through","Clash"],"picked":"Offering","floor":28.0},{"not_picked":["Sword Boomerang","Iron Wave","Wild Strike+1","Armaments"],"picked":"SKIP","floor":29.0},{"not_picked":["True Grit","Anger","Infernal Blade"],"picked":"Impervious","floor":31.0},{"not_picked":["Immolate","Offering","Double Tap"],"picked":"Demon Form","floor":33.0},{"not_picked":["Anger+1","Burning Pact","Perfected Strike+1"],"picked":"Sword Boomerang","floor":35.0},{"not_picked":["Pommel Strike+1","Cleave+1","Blood for Blood+1"],"picked":"Rupture","floor":37.0},{"not_picked":["Iron Wave+1","Twin Strike+1","Warcry"],"picked":"Feel No Pain","floor":38.0},{"not_picked":["Reckless Charge+1","True Grit","Thunderclap"],"picked":"Corruption","floor":39.0},{"not_picked":["Hemokinesis","Flex","Evolve+1"],"picked":"Dark Embrace","floor":40.0},{"not_picked":["Flex","Wild Strike","Warcry+1"],"picked":"Pummel+1","floor":44.0},{"not_picked":["Entrench","Heavy Blade+1","Uppercut+1"],"picked":"True Grit","floor":45.0},{"not_picked":["Body Slam+1","Clothesline","Perfected Strike"],"picked":"Limit Break","floor":46.0},{"not_picked":["Rampage","Iron Wave","Bloodletting","Rage"],"picked":"SKIP","floor":48.0},{"not_picked":["Anger","Inflame","Dual Wield","Uppercut+1"],"picked":"SKIP","floor":54.0}],"player_experience":1133870,"relics_obtained":[{"floor":6.0,"key":"Bag of Marbles"},{"floor":9.0,"key":"Kunai"},{"floor":10.0,"key":"Pear"},{"floor":13.0,"key":"Bird Faced Urn"},{"floor":24.0,"key":"Boot"},{"floor":26.0,"key":"Question Card"},{"floor":29.0,"key":"Mercury Hourglass"},{"floor":31.0,"key":"Pen Nib"},{"floor":37.0,"key":"Pocketwatch"},{"floor":45.0,"key":"Lizard Tail"},{"floor":48.0,"key":"Calipers"},{"floor":54.0,"key":"Happy Flower"}],"event_choices":[{"damage_healed":0.0,"max_hp_gain":0.0,"max_hp_loss":0.0,"gold_gain":0.0,"event_name":"Liars Game","player_choice":"Ignored","floor":2.0,"gold_loss":0.0,"damage_taken":0.0},{"damage_healed":0.0,"max_hp_gain":5.0,"max_hp_loss":0.0,"gold_gain":0.0,"event_name":"Big Fish","player_choice":"Donut","floor":14.0,"gold_loss":0.0,"damage_taken":0.0},{"damage_healed":0.0,"max_hp_gain":0.0,"max_hp_loss":0.0,"gold_gain":0.0,"cards_transformed":["Strike_R"],"event_name":"Transmorgrifier","player_choice":"Transformed","floor":21.0,"gold_loss":0.0,"damage_taken":0.0,"cards_obtained":["Inflame"]},{"damage_healed":0.0,"max_hp_gain":0.0,"max_hp_loss":0.0,"gold_gain":0.0,"event_name":"Drug Dealer","player_choice":"Inject Mutagens","floor":30.0,"gold_loss":0.0,"damage_taken":0.0,"relics_obtained":["MutagenicStrength"]},{"damage_healed":0.0,"max_hp_gain":0.0,"max_hp_loss":0.0,"gold_gain":0.0,"event_name":"Tomb of Lord Red Mask","player_choice":"Ignored","floor":36.0,"gold_loss":0.0,"damage_taken":0.0},{"damage_healed":0.0,"max_hp_gain":0.0,"max_hp_loss":0.0,"gold_gain":0.0,"event_name":"MindBloom","player_choice":"Fight","floor":37.0,"gold_loss":0.0,"damage_taken":0.0},{"damage_healed":0.0,"max_hp_gain":0.0,"max_hp_loss":0.0,"gold_gain":0.0,"event_name":"Winding Halls","player_choice":"Embrace Madness","floor":41.0,"gold_loss":0.0,"damage_taken":13.0,"cards_obtained":["Madness","Madness"]}],"is_beta":false,"boss_relics":[{"not_picked":["Empty Cage","Black Star"],"picked":"Cursed Key"},{"not_picked":["Sozu","Runic Dome"],"picked":"Runic Cube"}],"items_purged_floors":[42],"is_endless":false,"potions_floor_spawned":[5,6,7,10,16,19,25,27,29,33,38,39,44,46,54],"ascension_level":0}}