{"host":"kg61lsvem4dxoat8","time":1611415855,"event":{"mods":["BaseMod","Colored Powertips","Minty Spire (QoL Compilation)","Quick Restart","Rare Cards Sparkle","Relic Stats","slay the spire mod where everything is the same but ironclad has a cowboy hat"],"gold_per_floor":[118,128,53,64,29,29,64,77,77,77,77,97,97,129,129,202,202,185,185,255,305,95,95,145,145],"floor_reached":24,"language":"ENG","playtime":556,"items_purged":["Normality","Strike_G"],"score":367,"play_id":"d9c53499-a12c-402b-a046-2e517e4d35c9","local_time":"20210123233055","is_ascension_mode":true,"campfire_choices":[{"data":"Noxious Fumes","floor":6,"key":"SMITH"},{"floor":11,"key":"REST"},{"data":"Escape Plan","floor":13,"key":"SMITH"},{"data":"Deadly Poison","floor":15,"key":"SMITH"},{"data":"Strike_G","floor":23,"key":"SMITH"}],"circlet_count":0,"master_deck":["AscendersBane","Strike_G+1","Strike_G+1","Strike_G","Strike_G","Defend_G","Defend_G","Defend_G","Defend_G","Defend_G","Survivor","Neutralize","Noxious Fumes+1","Caltrops+1","Escape Plan+1","Deadly Poison+1","Adrenaline+1","CurseOfTheBell"],"relics":["Ring of the Snake","Peace Pipe","Nunchaku","Meat on the Bone","Turnip","Calling Bell","Pen Nib","InkBottle","Tingsha","SsserpentHead","Medical Kit"],"acts_visited":["Exordium","TheCity"],"potions_floor_usage":[7,12,14,14],"damage_taken":[{"damage":7,"enemies":"Jaw Worm","floor":1,"turns":5},{"damage":8,"enemies":"Small Slimes","floor":2,"turns":6},{"damage":0,"enemies":"Cultist","floor":4,"turns":4},{"damage":34,"enemies":"Lagavulin","floor":7,"turns":8},{"damage":0,"enemies":"Large Slime","floor":8,"turns":6},{"damage":24,"enemies":"Exordium Thugs","floor":12,"turns":5},{"damage":9,"enemies":"Gremlin Nob","floor":14,"turns":3},{"damage":9,"enemies":"Hexaghost","floor":16,"turns":9},{"damage":22,"enemies":"2 Thieves","floor":18,"turns":5},{"damage":22,"enemies":"3 Byrds","floor":20,"turns":3},{"damage":0,"enemies":"Centurion and Healer","floor":24,"turns":1}],"seed_played":"1916809315999389440","potions_obtained":[{"floor":4,"key":"Explosive Potion"},{"floor":7,"key":"Strength Potion"},{"floor":8,"key":"CunningPotion"},{"floor":12,"key":"Fire Potion"},{"floor":16,"key":"Fire Potion"},{"floor":20,"key":"Energy Potion"}],"is_trial":false,"path_per_floor":["M","M","$","M","?","R","E","M","T","?","R","M","R","E","R","B",null,"M","?","M","?","$","R","M"],"character_chosen":"THE_SILENT","items_purchased":["Medical Kit"],"campfire_rested":1,"item_purchase_floors":[22],"current_hp_per_floor":[52,44,44,44,60,60,26,26,26,6,25,13,13,16,16,19,54,44,44,34,34,34,34,34,34],"gold":145,"neow_bonus":"ONE_RARE_RELIC","is_daily":false,"chose_seed":false,"campfire_upgraded":4,"win_rate":0.0,"timestamp":1611415855,"path_taken":["M","M","$","M","?","R","E","M","T","?","R","M","R","E","R","BOSS","M","?","?","?","?","R","?"],"items_purchased_type":["Relic"],"build_version":"2020-12-22","purchased_purges":2,"victory":false,"max_hp_per_floor":[66,66,66,66,66,66,66,66,66,66,66,66,66,66,66,66,66,66,66,66,66,66,66,66,66],"relic_stats":{"Peace Pipe":0,"SsserpentHead":200,"Nunchaku":[5],"counters":[11,55],"Tingsha":[3],"Turnip":[0],"Pen Nib":[1],"Medical Kit":[0],"obtain_stats":[{"Peace Pipe":0,"Calling Bell":17,"SsserpentHead":19,"Nunchaku":7,"Tingsha":17,"Turnip":14,"Pen Nib":17,"Medical Kit":22,"InkBottle":17,"Ring of the Snake":0,"Meat on the Bone":9},{"Peace Pipe":0,"Calling Bell":8,"SsserpentHead":9,"Nunchaku":4,"Tingsha":8,"Turnip":7,"Pen Nib":8,"Medical Kit":10,"InkBottle":8,"Ring of the Snake":0,"Meat on the Bone":5},{"Peace Pipe":0,"Calling Bell":46,"SsserpentHead":51,"Nunchaku":23,"Tingsha":46,"Turnip":37,"Pen Nib":46,"Medical Kit":54,"InkBottle":46,"Ring of the Snake":0,"Meat on the Bone":29}],"InkBottle":[3],"Ring of the Snake":[22],"Meat on the Bone":60},"card_choices":[{"not_picked":["Bane","Cloak And Dagger"],"picked":"Noxious Fumes","floor":1},{"not_picked":["Finisher","Outmaneuver"],"picked":"Caltrops","floor":2},{"not_picked":["Blade Dance","Dash","Dagger Throw"],"picked":"SKIP","floor":4},{"not_picked":["Acrobatics","Dagger Throw","Blade Dance"],"picked":"SKIP","floor":7},{"not_picked":["Caltrops","Storm of Steel"],"picked":"Escape Plan","floor":8},{"not_picked":["Dodge and Roll","Quick Slash","Deflect"],"picked":"SKIP","floor":12},{"not_picked":["Leg Sweep","Deflect"],"picked":"Deadly Poison","floor":14},{"not_picked":["Venomology","Burst"],"picked":"Adrenaline","floor":16},{"not_picked":["Well Laid Plans","Deflect","Finisher"],"picked":"SKIP","floor":18},{"not_picked":["Sucker Punch","Cloak And Dagger","Acrobatics+1"],"picked":"SKIP","floor":20}],"player_experience":1386758,"relics_obtained":[{"floor":7,"key":"Nunchaku"},{"floor":9,"key":"Meat on the Bone"},{"floor":14,"key":"Turnip"},{"floor":17,"key":"Pen Nib"},{"floor":17,"key":"InkBottle"},{"floor":17,"key":"Tingsha"}],"event_choices":[{"damage_healed":16,"gold_gain":0,"player_choice":"Healed","damage_taken":0,"max_hp_gain":0,"max_hp_loss":0,"event_name":"The Cleric","floor":5,"gold_loss":35},{"damage_healed":0,"gold_gain":0,"player_choice":"Entered Light","damage_taken":20,"max_hp_gain":0,"max_hp_loss":0,"event_name":"Shining Light","floor":10,"gold_loss":0,"cards_upgraded":["Strike_G","Caltrops"]},{"damage_healed":0,"gold_gain":0,"player_choice":"Trade","damage_taken":0,"relics_obtained":["SsserpentHead"],"max_hp_gain":0,"max_hp_loss":0,"event_name":"FaceTrader","floor":19,"gold_loss":0},{"damage_healed":0,"gold_gain":0,"player_choice":"Upgraded","damage_taken":0,"max_hp_gain":0,"max_hp_loss":0,"event_name":"Upgrade Shrine","floor":21,"gold_loss":0,"cards_upgraded":["Adrenaline"]}],"is_beta":false,"boss_relics":[{"not_picked":["Coffee Dripper","Tiny House"],"picked":"Calling Bell"}],"items_purged_floors":[3,22],"is_endless":false,"potions_floor_spawned":[4,7,8,12,16,20],"killed_by":"Centurion and Healer","ascension_level":16}}