{"host":"uv5ws9rdk87e8i5k","time":1611374638,"event":{"mods":["AchievementEnabler","BaseMod","Colored Map","Minty Spire (QoL Compilation)","StSLib","SuperFastMode"],"gold_per_floor":[111,111,111,131,149,188,188,229,302,327,327,342,356,380,380,501,501,526,526,99,115,136,136,136],"floor_reached":23,"language":"ENG","playtime":670,"items_purged":["Strike_G"],"score":287,"play_id":"92380681-7408-4c04-8534-ae8238018d7c","local_time":"20210122220358","is_ascension_mode":true,"campfire_choices":[{"data":"Infinite Blades","floor":7.0,"key":"SMITH"},{"data":"Infinite Blades","floor":11,"key":"SMITH"},{"data":"Noxious Fumes","floor":15,"key":"SMITH"}],"circlet_count":0,"master_deck":["Strike_G","Strike_G","Strike_G","Defend_G","Defend_G","Defend_G","Defend_G","Defend_G","Survivor","Neutralize","A Thousand Cuts+1","Deadly Poison","Infinite Blades+1","Blade Dance","Infinite Blades+1","Backflip","Prepared","Die Die Die","Noxious Fumes+1","After Image","Backflip","Footwork","Endless Agony+1"],"relics":["Ring of the Snake","Golden Idol","Unceasing Top","Ancient Tea Set","Eternal Feather","WristBlade","Oddly Smooth Stone","Blood Vial"],"acts_visited":["Exordium","TheCity"],"potions_floor_usage":[8,21,22],"damage_taken":[{"damage":8.0,"enemies":"Cultist","floor":1.0,"turns":7.0},{"damage":4.0,"enemies":"Jaw Worm","floor":4.0,"turns":3.0},{"damage":0.0,"enemies":"2 Louse","floor":5.0,"turns":2.0},{"damage":10.0,"enemies":"3 Sentries","floor":6.0,"turns":4.0},{"damage":10,"enemies":"Lagavulin","floor":8,"turns":6},{"damage":3,"enemies":"Blue Slaver","floor":10,"turns":5},{"damage":14,"enemies":"Red Slaver","floor":12,"turns":3},{"damage":3,"enemies":"Looter","floor":13,"turns":4},{"damage":0,"enemies":"Blue Slaver","floor":14,"turns":4},{"damage":29,"enemies":"The Guardian","floor":16,"turns":9},{"damage":16,"enemies":"Shell Parasite","floor":18,"turns":7},{"damage":14,"enemies":"Spheric Guardian","floor":21,"turns":4},{"damage":13,"enemies":"Cultist and Chosen","floor":22,"turns":7},{"damage":0,"enemies":"Slavers","floor":23,"turns":1}],"seed_played":"-3677934536859047212","potions_obtained":[{"floor":1.0,"key":"LiquidMemories"},{"floor":4.0,"key":"SkillPotion"},{"floor":5.0,"key":"SpeedPotion"},{"floor":8,"key":"Poison Potion"}],"is_trial":false,"path_per_floor":["M","?","?","M","M","E","R","E","T","M","R","M","M","M","R","B",null,"M","?","$","M","M","E"],"character_chosen":"THE_SILENT","items_purchased":["Oddly Smooth Stone","Blood Vial","SkillPotion"],"campfire_rested":0,"item_purchase_floors":[20,20,20],"current_hp_per_floor":[55,55,55,51,51,41,41,31,31,28,37,23,20,20,32,3,50,34,34,34,22,11,13,13],"gold":136,"neow_bonus":"ONE_RANDOM_RARE_CARD","is_daily":false,"chose_seed":false,"campfire_upgraded":3,"win_rate":0.0,"timestamp":1611374638,"path_taken":["M","?","?","?","M","E","R","E","T","M","R","M","M","M","R","BOSS","M","?","$","M","M","E"],"items_purchased_type":["Relic","Relic","Potion"],"build_version":"2020-12-22","purchased_purges":1,"victory":false,"max_hp_per_floor":[70,65,65,65,65,65,65,65,65,65,65,65,65,65,65,65,65,65,65,65,65,65,65,65],"card_choices":[{"not_picked":["Accuracy","Underhanded Strike"],"picked":"Deadly Poison","floor":1.0},{"not_picked":["Endless Agony","Concentrate"],"picked":"Infinite Blades","floor":4.0},{"not_picked":["Sucker Punch","Backflip"],"picked":"Blade Dance","floor":5.0},{"not_picked":["Reflex","Eviscerate","Riddle With Holes"],"picked":"SKIP","floor":6.0},{"not_picked":["Crippling Poison","Deadly Poison"],"picked":"Infinite Blades","floor":8},{"not_picked":["Flying Knee","Underhanded Strike"],"picked":"Backflip","floor":10},{"not_picked":["Endless Agony","Quick Slash"],"picked":"Prepared","floor":12},{"not_picked":["Acrobatics","Footwork"],"picked":"Die Die Die","floor":13},{"not_picked":["Dodge and Roll","Prepared"],"picked":"Noxious Fumes","floor":14},{"not_picked":["Storm of Steel","Venomology"],"picked":"After Image","floor":16},{"not_picked":["Flying Knee+1","Underhanded Strike"],"picked":"Backflip","floor":18},{"not_picked":["Quick Slash","Poisoned Stab+1"],"picked":"Footwork","floor":21},{"not_picked":["Backflip","Concentrate"],"picked":"Endless Agony+1","floor":22}],"player_experience":173991,"relics_obtained":[{"floor":6.0,"key":"Unceasing Top"},{"floor":8,"key":"Ancient Tea Set"},{"floor":9,"key":"Eternal Feather"}],"event_choices":[{"damage_healed":0.0,"max_hp_gain":0.0,"max_hp_loss":5.0,"gold_gain":0.0,"event_name":"Golden Idol","player_choice":"Lose Max HP","floor":2.0,"gold_loss":0.0,"damage_taken":0.0,"relics_obtained":["Golden Idol"]},{"damage_healed":0.0,"max_hp_gain":0.0,"max_hp_loss":0.0,"gold_gain":0.0,"event_name":"Accursed Blacksmith","player_choice":"Forge","floor":3.0,"gold_loss":0.0,"damage_taken":0.0,"cards_upgraded":["A Thousand Cuts"]},{"cards_removed":["Strike_G"],"damage_healed":0,"gold_gain":0,"player_choice":"Purged","damage_taken":0,"max_hp_gain":0,"max_hp_loss":0,"event_name":"Purifier","floor":19,"gold_loss":0}],"is_beta":false,"boss_relics":[{"not_picked":["Ectoplasm","Fusion Hammer"],"picked":"WristBlade"}],"items_purged_floors":[20],"is_endless":false,"potions_floor_spawned":[1,4,5,8],"killed_by":"Slavers","ascension_level":8}}