{"host":"tbpnry8ml8g8pell","time":1611364073,"event":{"mods":["2.2 Compatiblity","Arknights The Spire","BaseMod","Better Skull","Better Third Choice","BetterRewards","Colored Map","Colored Powertips","Downfall","Ekko","Friendly Minions","GifTheSpireLib","Hermit","Highlight Path","Infinite Spire","Lobotomy","Minty Spire (QoL Compilation)","Rare Cards Sparkle","Replay The Spire","Shop Mod","Spicy Shops","StSLib","Stuff the Spire","vexMod"],"gold_per_floor":[117,81,91,191,210,210,240,251,277,59,77,152,152,168,168,273,273,291,41,0,12,12,12,46,61,61,61,61,80,80,80,80,182,182,214,0,100,126,146,146,175,82,82,82,109,149,149,149,177,202,202,202],"floor_reached":53,"language":"ENG","playtime":12923,"items_purged":["ats:Strike C","Decay"],"score":907,"play_id":"32b07975-aabf-4372-bf34-f7722bf8412d","local_time":"20210122200753","is_ascension_mode":false,"campfire_choices":[{"data":"ats:Chain Hook","floor":6,"key":"SMITH"},{"floor":13,"key":"REST"},{"floor":15,"key":"REST"},{"data":"ats:Sashimi Platter","floor":23,"key":"SMITH"},{"floor":28,"key":"REST"},{"floor":32,"key":"DIG"},{"data":"infinitespire:Punishment","floor":40,"key":"SMITH"},{"floor":51,"key":"REST"}],"circlet_count":0,"master_deck":["ats:Strike G+1","ats:Armor Crushing Shot+1","ats:Defend","ats:Defend","ats:Defend","ats:Emotion Absorption+1","ats:Chain Hook+1","ats:Childhood Dance+1","ats:Assault Order","ats:Directed Diagnosis+1","ats:Hammer On","ats:Explosion Area Strengthen+1","ats:Overload+1","ats:Nebulous Foxfire+1","ats:Sashimi Platter","ats:Sashimi Platter+1","ats:Poison Spread","infinitespire:Punishment+1","ats:Apocalypse","ats:Rat Pack","ats:Ignite+1","ats:Encircling Forest+1","ats:Flexible Camouflage+1","ats:Revitalization","ats:Sunburst","ats:Closed Bolt Burst Fire+1","ats:Serious Mode+1"],"relics":["StuffTheSpire:OccultApparatus","ats:Originium","vexMod:MemoryStick","Blood Vial","MerchantsRug","vexMod:ImprovementManual","ats:Lavender","Gremlin Food","Ornamental Fan","Ancient Tea Set","infinitespire:EvilPickle","Astrolabe","Red Mask","Bronze Scales","ReplayTheSpireMod:CursedCoin","ats:Berate","Replay:Rubber Ducky","ClockworkSouvenir"],"acts_visited":["Exordium","TheCity","TheBeyond"],"potions_floor_usage":[16,16,16,33,39,46,49,52],"damage_taken":[{"damage":5,"enemies":"Small Slimes","floor":1,"turns":4},{"damage":0,"enemies":"Cultist","floor":3,"turns":3},{"damage":0,"enemies":"Jaw Worm","floor":5,"turns":3},{"damage":29,"enemies":"Replay:BlueRogue","floor":7,"turns":9},{"damage":6,"enemies":"Lots of Slimes","floor":8,"turns":5},{"damage":24,"enemies":"Exordium Thugs","floor":11,"turns":5},{"damage":0,"enemies":"Looter","floor":14,"turns":3},{"damage":51,"enemies":"The Guardian","floor":16,"turns":13},{"damage":26,"enemies":"Spheric Guardian","floor":18,"turns":6},{"damage":13,"enemies":"2 Thieves","floor":21,"turns":4},{"damage":18,"enemies":"Replay:Snechameleon","floor":24,"turns":7},{"damage":35,"enemies":"Centurion and Healer","floor":25,"turns":4},{"damage":20,"enemies":"Snecko","floor":29,"turns":5},{"damage":95,"enemies":"Pondfish","floor":33,"turns":13},{"damage":16,"enemies":"Orb Walker","floor":35,"turns":3},{"damage":27,"enemies":"3 Shapes","floor":38,"turns":5},{"damage":44,"enemies":"3 Darklings","floor":39,"turns":9},{"damage":24,"enemies":"Jaw Worm Horde","floor":41,"turns":4},{"damage":89,"enemies":"Giant Head","floor":46,"turns":9},{"damage":47,"enemies":"Sphere and 2 Shapes","floor":49,"turns":4},{"damage":86,"enemies":"Maw","floor":50,"turns":11},{"damage":138,"enemies":"infinitespire:MassOfShapes","floor":52,"turns":13}],"seed_played":"-7558650813026160086","potions_obtained":[{"floor":3,"key":"PowerPotion"},{"floor":8,"key":"sneckomod:MuddlingPotion"},{"floor":11,"key":"champ:CounterPotion"},{"floor":21,"key":"ats:Emergency Sanity Potion"},{"floor":25,"key":"Explosive Potion"},{"floor":33,"key":"LifebloodPotion"},{"floor":35,"key":"Dexterity Potion"},{"floor":41,"key":"Elixir"},{"floor":50,"key":"Fire Potion"}],"is_trial":false,"path_per_floor":["M","$","M","?","M","R","E","M","T","$","M","?","R","M","R","B",null,"M","$","?","M","$","R","E","M","T","?","R","M","?","?","R_BF","B",null,"M","?","?","M","M","R","M","$","PTL","PTL","T","E","?","AVR","M","M","R","B",null],"character_chosen":"DOCTOR_CLASS","items_purchased":["ats:Childhood Dance+1","MerchantsRug","ats:Lavender","Bronze Scales","ReplayTheSpireMod:CursedCoin"],"campfire_rested":4,"item_purchase_floors":[2,10,19,42,42],"current_hp_per_floor":[67,67,67,67,67,67,40,34,34,34,14,7,28,30,51,2,72,52,52,52,56,56,56,72,57,57,39,60,60,60,60,60,65,72,63,63,63,70,72,72,72,72,72,72,72,41,41,41,42,18,39,37],"gold":202,"neow_bonus":"UPGRADE_CARD","is_daily":false,"chose_seed":false,"campfire_upgraded":3,"win_rate":0.0,"timestamp":1611364073,"path_taken":["M","$","M","?","M","R","E","?","T","$","M","?","R","M","R","BOSS","M","?","?","M","$","R","E","M","T","?","R","M","?","?","R_BF","BOSS","M","?","?","M","?","R","M","$","PTL","PTL","T","E","?","AVR","M","M","R","BOSS"],"items_purchased_type":["Card","Relic","Relic","Relic","Relic"],"build_version":"2020-12-22","purchased_purges":2,"victory":true,"max_hp_per_floor":[72,72,72,72,72,72,72,72,72,72,72,72,72,72,72,72,72,72,72,72,72,72,72,72,72,72,72,72,72,72,72,72,72,72,72,72,72,72,72,72,72,72,72,72,72,72,72,72,72,72,72,72],"card_choices":[{"not_picked":["ats:Hammer On","ats:Very Hot Blade"],"picked":"ats:Chain Hook","floor":1},{"not_picked":["ats:Chain Hook","ats:Sunburst"],"picked":"ats:Assault Order","floor":3},{"not_picked":["ats:Closed Bolt Burst Fire","ats:Very Hot Blade"],"picked":"ats:Directed Diagnosis","floor":5},{"not_picked":["ats:Support Order","ats:Childhood Dance"],"picked":"ats:Hammer On","floor":7},{"not_picked":["ats:Ignite","ats:Apocalypse"],"picked":"ats:Explosion Area Strengthen","floor":8},{"not_picked":["ats:Ignite","ats:Cat Scratch"],"picked":"ats:Overload","floor":11},{"not_picked":["ats:Powerful Strike","ats:Support Order","ats:Hammer On"],"picked":"SKIP","floor":14},{"not_picked":["ats:Wolf Pack","ats:Durian"],"picked":"ats:Nebulous Foxfire","floor":16},{"not_picked":["ats:Shell Defense","ats:Revitalization"],"picked":"ats:Sashimi Platter","floor":18},{"not_picked":["ats:Hammer On+1","ats:Consecutive Shot Auto"],"picked":"ats:Sashimi Platter","floor":21},{"not_picked":["ats:Hook Shot","ats:Soul Absorption","ats:Counter Healing Mode+1"],"picked":"SKIP","floor":24},{"not_picked":["ats:Blood Oath+1","ats:Closed Bolt Burst Fire"],"picked":"ats:Poison Spread","floor":25},{"not_picked":["infinitespire:TheBestDefense","infinitespire:Menacing"],"picked":"infinitespire:Punishment","floor":27},{"not_picked":["ats:Assault Order","ats:Ignite"],"picked":"ats:Apocalypse","floor":29},{"not_picked":["ats:True Silver Slash","ats:Shadow Assault"],"picked":"ats:Rat Pack","floor":33},{"not_picked":["ats:Support Order","ats:Cat Scratch+1","ats:Encircling Forest"],"picked":"SKIP","floor":35},{"not_picked":["ats:Explosion Area Strengthen+1","ats:Powerful Strike"],"picked":"ats:Revitalization","floor":38},{"not_picked":["ats:Powerful Strike","ats:Cat Scratch","ats:Shell Defense"],"picked":"SKIP","floor":39},{"not_picked":["ats:Spore Proliferation","ats:Curse Doll+1"],"picked":"ats:Sunburst","floor":41},{"not_picked":["ats:Cat Scratch","ats:Durian"],"picked":"ats:Soul Rend","floor":46},{"not_picked":["ats:Automatic Cover+1","ats:Ignite+1"],"picked":"ats:Closed Bolt Burst Fire+1","floor":49},{"not_picked":["ats:Hammer On","ats:Shell Defense"],"picked":"ats:Serious Mode+1","floor":50}],"player_experience":119255,"relics_obtained":[{"floor":7,"key":"ats:Originium"},{"floor":7,"key":"vexMod:MemoryStick"},{"floor":9,"key":"Blood Vial"},{"floor":24,"key":"ats:Originium"},{"floor":24,"key":"Gremlin Food"},{"floor":26,"key":"Ornamental Fan"},{"floor":32,"key":"Ancient Tea Set"},{"floor":45,"key":"ats:Berate"},{"floor":46,"key":"ats:Originium"},{"floor":46,"key":"Replay:Rubber Ducky"}],"event_choices":[{"damage_healed":0,"gold_gain":100,"player_choice":"Pray","damage_taken":0,"max_hp_gain":0,"max_hp_loss":0,"event_name":"Golden Shrine","floor":4,"gold_loss":0},{"damage_healed":0,"gold_gain":75,"player_choice":"Touch","damage_taken":7,"max_hp_gain":0,"max_hp_loss":0,"event_name":"FaceTrader","floor":12,"gold_loss":0},{"damage_healed":0,"gold_gain":0,"player_choice":"Paid Fearfully","damage_taken":0,"max_hp_gain":0,"max_hp_loss":0,"event_name":"Masked Bandits","floor":20,"gold_loss":41},{"damage_healed":0,"gold_gain":0,"player_choice":"Paid","damage_taken":0,"relics_obtained":["Red Mask"],"max_hp_gain":0,"max_hp_loss":0,"event_name":"Tomb of Lord Red Mask","floor":36,"gold_loss":214},{"damage_healed":0,"gold_gain":100,"player_choice":"Pray","damage_taken":0,"max_hp_gain":0,"max_hp_loss":0,"event_name":"Golden Shrine","floor":37,"gold_loss":0},{"cards_removed":["ats:Soul Rend"],"damage_healed":0,"gold_gain":0,"player_choice":"Removed Power","damage_taken":0,"max_hp_gain":0,"max_hp_loss":0,"event_name":"Falling","floor":47,"gold_loss":0}],"is_beta":false,"boss_relics":[{"not_picked":["vexMod:CursedCompass","StuffTheSpire:ModemDavis"],"picked":"vexMod:ImprovementManual"},{"not_picked":["Honey Jar","Replay:Grab Bag"],"picked":"Astrolabe"}],"items_purged_floors":[10,42],"is_endless":false,"potions_floor_spawned":[3,8,11,14,21,25,33,35,41,50],"ascension_level":0}}