{"host":"pletss163z7s8pvv","time":1611379805,"event":{"mods":["AchievementEnabler","BaseMod","Better Altar","CapriCore","Colored Map","Colored Powertips","Conspire","Energized Spire","GifTheSpireLib","Hermit","Ironclad Rager","Minty Spire (QoL Compilation)","Spicy Shops","StS++","StSLib","The Cursed","The Disciple"],"gold_per_floor":[216,226,8,8,25,25,25,25,25,37,37,2,2,29,29,29,29],"floor_reached":16,"language":"ENG","playtime":274,"items_purged":[],"score":98,"play_id":"d0ce2526-6b24-4434-9e82-4693acf79478","local_time":"20210122233005","is_ascension_mode":false,"campfire_choices":[{"floor":6,"key":"REST"},{"data":"Beam Cell","floor":8,"key":"SMITH"},{"floor":11,"key":"REST"},{"floor":13,"key":"RECALL"},{"data":"Fission","floor":15,"key":"SMITH"}],"circlet_count":0,"master_deck":["Strike_B","Strike_B","Strike_B","Strike_B","Defend_B","Defend_B","Defend_B","Defend_B","Zap","Dualcast+1","Gash","Beam Cell+1","StSpp:Fierceness+1","Recycle+1","Beam Cell","Sunder","Fission+1"],"relics":["Cracked Core","conspire:TreasureMap","Ginger"],"acts_visited":["Exordium"],"potions_floor_usage":[16],"damage_taken":[{"damage":1,"enemies":"Cultist","floor":1,"turns":3},{"damage":7,"enemies":"2 Louse","floor":2,"turns":2},{"damage":11,"enemies":"Jaw Worm","floor":5,"turns":2},{"damage":11,"enemies":"Exordium Thugs","floor":10,"turns":3},{"damage":30,"enemies":"Lagavulin","floor":14,"turns":4},{"damage":40,"enemies":"Hexaghost","floor":16,"turns":5}],"seed_played":"4062451058063557600","potions_obtained":[{"floor":14,"key":"Fire Potion"}],"is_trial":false,"path_per_floor":["M","M","$","?","M","R","?","R","T","M","R","$","R","E","R","B"],"character_chosen":"DEFECT","items_purchased":["StSpp:Fierceness","conspire:TreasureMap","Sunder"],"campfire_rested":2,"item_purchase_floors":[3,3,12],"current_hp_per_floor":[74,67,67,52,41,63,63,63,63,52,74,74,74,44,44,4,4],"gold":29,"neow_bonus":"HUNDRED_GOLD","is_daily":false,"chose_seed":false,"campfire_upgraded":2,"win_rate":0.0,"timestamp":1611379805,"path_taken":["M","?","$","?","M","R","?","R","T","M","R","$","R","E","R","BOSS"],"items_purchased_type":["Card","Relic","Card"],"build_version":"2020-12-22","purchased_purges":0,"victory":false,"max_hp_per_floor":[75,75,75,75,75,75,75,75,75,75,75,75,75,75,75,75,75],"card_choices":[{"not_picked":["Steam","Glacier"],"picked":"Gash","floor":1},{"not_picked":["Stack","Leap"],"picked":"Beam Cell","floor":2},{"not_picked":["Leap","Redo"],"picked":"Recycle","floor":5},{"not_picked":["Scrape","Steam"],"picked":"Beam Cell","floor":10},{"not_picked":["Redo","Hologram"],"picked":"Fission","floor":14}],"player_experience":436591,"relics_obtained":[{"floor":14,"key":"Ginger"}],"event_choices":[{"damage_healed":0,"gold_gain":0,"player_choice":"Entered Light","damage_taken":15,"max_hp_gain":0,"max_hp_loss":0,"event_name":"Shining Light","floor":4,"gold_loss":0,"cards_upgraded":["Dualcast","StSpp:Fierceness"]},{"damage_healed":0,"gold_gain":0,"player_choice":"Grow","damage_taken":0,"max_hp_gain":0,"max_hp_loss":0,"event_name":"Living Wall","floor":7,"gold_loss":0,"cards_upgraded":["Recycle"]}],"is_beta":false,"boss_relics":[],"items_purged_floors":[],"is_endless":false,"potions_floor_spawned":[14],"killed_by":"Hexaghost","ascension_level":0}}