{"host":"k7udt7atmcuzf6l0","time":1611373226,"event":{"mods":["AchievementEnabler","BaseMod","Colored Map","Colored Powertips","Highlight Path","Minty Spire (QoL Compilation)","Quick Restart","Rare Cards Sparkle","StSLib","UnlockEverythingMod"],"gold_per_floor":[115,290,17,31,31,31,62,62,62,74,96,127,168,197,209,321,333,400,428,440,452,452],"floor_reached":21,"language":"ZHT","playtime":516,"items_purged":["Doubt"],"score":214,"play_id":"bb11c51b-c911-4557-91c6-95e53fe5c34d","local_time":"20210123114026","is_ascension_mode":false,"campfire_choices":[{"data":"Flex","floor":6,"key":"SMITH"},{"data":"Armaments","floor":8,"key":"SMITH"},{"data":"Double Tap","floor":15,"key":"SMITH"}],"circlet_count":0,"master_deck":["Strike_R","Strike_R","Strike_R","Strike_R","Strike_R","Defend_R","Defend_R","Defend_R","Defend_R","Bash","Flex+1","Armaments+1","Pommel Strike","Flame Barrier","Double Tap+1","Headbutt","Berserk+1","Twin Strike"],"relics":["Burning Blood","NeowsBlessing","Sling","StrikeDummy","Art of War","MawBank","Frozen Egg 2","Black Star"],"acts_visited":["Exordium","TheCity"],"potions_floor_usage":[13,18,21],"damage_taken":[{"damage":0,"enemies":"Jaw Worm","floor":1,"turns":1},{"damage":0,"enemies":"Cultist","floor":4,"turns":1},{"damage":0,"enemies":"3 Sentries","floor":7,"turns":2},{"damage":7,"enemies":"2 Louse","floor":11,"turns":2},{"damage":8,"enemies":"Exordium Wildlife","floor":12,"turns":3},{"damage":14,"enemies":"Lagavulin","floor":13,"turns":5},{"damage":1,"enemies":"2 Fungi Beasts","floor":14,"turns":3},{"damage":32,"enemies":"Hexaghost","floor":16,"turns":9},{"damage":22,"enemies":"3 Byrds","floor":18,"turns":6},{"damage":12,"enemies":"Shell Parasite","floor":19,"turns":2},{"damage":58,"enemies":"Shelled Parasite and Fungi","floor":21,"turns":4}],"seed_played":"4128241044397501824","potions_obtained":[{"floor":1,"key":"LiquidMemories"},{"floor":11,"key":"Weak Potion"},{"floor":16,"key":"ColorlessPotion"}],"is_trial":false,"path_per_floor":["M","?","$","M","?","R","E","R","T","$","M","M","E","M","R","B",null,"M","M","?","M"],"character_chosen":"IRONCLAD","items_purchased":["Sling","Armaments"],"campfire_rested":0,"item_purchase_floors":[3,3],"current_hp_per_floor":[80,80,80,80,77,77,80,80,80,80,79,77,69,74,74,48,80,64,58,58,0,0],"gold":452,"neow_bonus":"THREE_ENEMY_KILL","is_daily":false,"chose_seed":false,"campfire_upgraded":3,"win_rate":0.0,"timestamp":1611373226,"path_taken":["M","?","$","M","?","R","E","R","T","?","M","M","E","M","R","BOSS","M","?","?","M"],"items_purchased_type":["Relic","Card"],"build_version":"2020-12-22","purchased_purges":1,"victory":false,"max_hp_per_floor":[80,80,80,80,80,80,80,80,80,80,80,80,80,80,80,80,80,80,80,80,80,80],"card_choices":[{"not_picked":["Armaments","Headbutt"],"picked":"Flex","floor":1},{"not_picked":["Wild Strike","Bloodletting"],"picked":"Pommel Strike","floor":4},{"not_picked":["Perfected Strike","Havoc","Heavy Blade"],"picked":"SKIP","floor":7},{"not_picked":["Clothesline","Armaments","Havoc"],"picked":"SKIP","floor":11},{"not_picked":["Pommel Strike","Anger"],"picked":"Flame Barrier","floor":12},{"not_picked":["Warcry","Pummel"],"picked":"Double Tap","floor":13},{"not_picked":["Pommel Strike","Clothesline"],"picked":"Headbutt","floor":14},{"not_picked":["Brutality+1","Barricade+1"],"picked":"Berserk+1","floor":16},{"not_picked":["Clothesline+1","Wild Strike+1"],"picked":"Twin Strike","floor":18},{"not_picked":["Sentinel","Perfected Strike","Headbutt+1"],"picked":"SKIP","floor":19}],"player_experience":107710,"relics_obtained":[{"floor":7,"key":"Art of War"},{"floor":9,"key":"MawBank"},{"floor":13,"key":"Frozen Egg 2"}],"event_choices":[{"damage_healed":0,"gold_gain":175,"player_choice":"AGREE","damage_taken":0,"max_hp_gain":0,"max_hp_loss":0,"event_name":"Liars Game","floor":2,"gold_loss":0,"cards_obtained":["Doubt"]},{"damage_healed":0,"gold_gain":0,"player_choice":"Success","damage_taken":3,"relics_obtained":["StrikeDummy"],"max_hp_gain":0,"max_hp_loss":0,"event_name":"Scrap Ooze","floor":5,"gold_loss":0},{"damage_healed":0,"gold_gain":0,"player_choice":"Ignored","damage_taken":0,"max_hp_gain":0,"max_hp_loss":0,"event_name":"Ghosts","floor":20,"gold_loss":0}],"is_beta":false,"boss_relics":[{"not_picked":["Sozu","Tiny House"],"picked":"Black Star"}],"items_purged_floors":[3],"is_endless":false,"potions_floor_spawned":[1,11,16],"killed_by":"Shelled Parasite and Fungi","ascension_level":0}}