{"host":"vpaavrwbmey593fx","time":1611427396,"event":{"mods":["AchievementEnabler","BaseMod","Bestiary","Colored Map","Colored Powertips","DeckTracker","Minty Spire (QoL Compilation)","Relic Sorter"],"gold_per_floor":[366,380,396,69,86,86,111,128,128,159,159,3,3,21,21,123,123,140,140,153,153,167,201,201,215,215,234,267,40,57,57,57,57,57],"floor_reached":33,"language":"ENG","playtime":3358,"items_purged":["Strike_G"],"score":389,"play_id":"d803a20e-89cf-427b-b68b-569493103f33","local_time":"20210123104316","is_ascension_mode":true,"campfire_choices":[{"data":"Cloak And Dagger","floor":6.0,"key":"SMITH"},{"data":"Infinite Blades","floor":11.0,"key":"SMITH"},{"floor":15.0,"key":"REST"},{"data":"Glass Knife","floor":24,"key":"SMITH"},{"floor":32,"key":"REST"}],"circlet_count":0,"master_deck":["Strike_G+1","Strike_G+1","Strike_G+1","Defend_G+1","Defend_G+1","Defend_G+1","Defend_G+1","Defend_G+1","Survivor","Neutralize","Blur","Cloak And Dagger+1","Blade Dance","Bouncing Flask","Adrenaline","Infinite Blades+1","Well Laid Plans","Backflip","Glass Knife+1","PiercingWail","Deflect+1"],"relics":["Ring of the Snake","Sundial","Pen Nib","Mercury Hourglass","Eternal Feather","Peace Pipe","Mummified Hand","Sozu","Calipers","Omamori","Membership Card"],"acts_visited":["Exordium","TheCity"],"potions_floor_usage":[23],"damage_taken":[{"damage":11.0,"enemies":"Cultist","floor":1.0,"turns":4.0},{"damage":1.0,"enemies":"Jaw Worm","floor":2.0,"turns":6.0},{"damage":2.0,"enemies":"Small Slimes","floor":3.0,"turns":5.0},{"damage":0.0,"enemies":"Exordium Wildlife","floor":5.0,"turns":5.0},{"damage":25.0,"enemies":"Lagavulin","floor":7.0,"turns":7.0},{"damage":0.0,"enemies":"3 Louse","floor":8.0,"turns":2.0},{"damage":9.0,"enemies":"3 Sentries","floor":10.0,"turns":3.0},{"damage":1.0,"enemies":"Looter","floor":14.0,"turns":3.0},{"damage":4.0,"enemies":"Hexaghost","floor":16.0,"turns":7.0},{"damage":0.0,"enemies":"3 Byrds","floor":18.0,"turns":4.0},{"damage":1.0,"enemies":"Shell Parasite","floor":20.0,"turns":4.0},{"damage":0.0,"enemies":"Snake Plant","floor":22.0,"turns":4.0},{"damage":37,"enemies":"Book of Stabbing","floor":23,"turns":8},{"damage":0,"enemies":"Centurion and Healer","floor":25,"turns":6},{"damage":2,"enemies":"Shelled Parasite and Fungi","floor":27,"turns":4},{"damage":6,"enemies":"Slavers","floor":28,"turns":5},{"damage":7,"enemies":"Snake Plant","floor":30,"turns":4},{"damage":57,"enemies":"Automaton","floor":33,"turns":12}],"seed_played":"-6499983697774009771","potions_obtained":[{"floor":1.0,"key":"Explosive Potion"},{"floor":3.0,"key":"DistilledChaos"},{"floor":7.0,"key":"EntropicBrew"},{"floor":10.0,"key":"Strength Potion"}],"is_trial":false,"path_per_floor":["M","M","M","$","M","R","E","M","T","E","R","$","?","M","R","B",null,"M","?","M","?","M","E","R","M","T","M","E","$","M","?","R","B"],"character_chosen":"THE_SILENT","items_purchased":["Mercury Hourglass","Bouncing Flask","Well Laid Plans","Membership Card","Pen Nib"],"campfire_rested":2,"item_purchase_floors":[4,4,12,29,29],"current_hp_per_floor":[52,51,49,49,49,49,24,24,24,15,24,24,17,16,43,39,57,57,57,56,56,56,19,28,28,28,26,20,20,13,13,43,0,0],"gold":57,"neow_bonus":"TWO_FIFTY_GOLD","is_daily":false,"chose_seed":false,"campfire_upgraded":3,"win_rate":0.0,"timestamp":1611427396,"path_taken":["M","M","?","$","?","R","E","M","T","E","R","$","?","M","R","BOSS","M","?","M","?","M","E","R","M","T","M","E","?","M","?","R","BOSS"],"items_purchased_type":["Relic","Card","Card","Relic","Relic"],"build_version":"2020-12-22","purchased_purges":1,"victory":false,"max_hp_per_floor":[63,63,63,63,63,63,63,63,63,63,63,63,63,63,63,63,63,63,63,63,63,63,63,63,63,63,63,63,63,63,63,63,63,63],"card_choices":[{"not_picked":["Expertise","All Out Attack"],"picked":"Blur","floor":1.0},{"not_picked":["Prepared","Reflex"],"picked":"Cloak And Dagger","floor":2.0},{"not_picked":["Sucker Punch","Outmaneuver"],"picked":"Blade Dance","floor":3.0},{"not_picked":["Bane","Sucker Punch"],"picked":"Adrenaline","floor":5.0},{"not_picked":["Tactician","Sucker Punch","Reflex"],"picked":"SKIP","floor":8.0},{"not_picked":["Backflip","Dagger Spray"],"picked":"Infinite Blades","floor":10.0},{"not_picked":["Outmaneuver","Finisher"],"picked":"Backflip","floor":14.0},{"not_picked":["Die Die Die","Venomology"],"picked":"Glass Knife","floor":16.0},{"not_picked":["Underhanded Strike+1","Flying Knee+1","Masterful Stab"],"picked":"SKIP","floor":18.0},{"not_picked":["Distraction+1","Acrobatics","Poisoned Stab+1"],"picked":"SKIP","floor":20.0},{"not_picked":["Skewer","Dagger Throw","Well Laid Plans"],"picked":"SKIP","floor":22.0},{"not_picked":["Finisher+1","Setup","Riddle With Holes"],"picked":"SKIP","floor":23},{"not_picked":["Predator","Outmaneuver","Blade Dance"],"picked":"SKIP","floor":25},{"not_picked":["Poisoned Stab+1","Calculated Gamble"],"picked":"PiercingWail","floor":27},{"not_picked":["Bouncing Flask","Endless Agony"],"picked":"Deflect+1","floor":28},{"not_picked":["Underhanded Strike","Finisher","Sucker Punch"],"picked":"SKIP","floor":30}],"player_experience":264490,"relics_obtained":[{"floor":7.0,"key":"Eternal Feather"},{"floor":9.0,"key":"Peace Pipe"},{"floor":10.0,"key":"Mummified Hand"},{"floor":23,"key":"Sundial"},{"floor":28,"key":"Omamori"}],"event_choices":[{"cards_removed":["Strike_G"],"damage_healed":0.0,"max_hp_gain":0.0,"max_hp_loss":0.0,"gold_gain":0.0,"event_name":"Golden Wing","player_choice":"Card Removal","floor":13.0,"gold_loss":0.0,"damage_taken":7.0},{"damage_healed":0.0,"max_hp_gain":0.0,"max_hp_loss":0.0,"gold_gain":0.0,"event_name":"Back to Basics","player_choice":"Simplicity","floor":19.0,"gold_loss":0.0,"damage_taken":0.0,"cards_upgraded":["Strike_G","Strike_G","Strike_G","Defend_G","Defend_G","Defend_G","Defend_G","Defend_G"]},{"damage_healed":0.0,"max_hp_gain":0.0,"max_hp_loss":0.0,"gold_gain":0.0,"event_name":"The Mausoleum","player_choice":"Opened","floor":21.0,"gold_loss":0.0,"damage_taken":0.0,"relics_obtained":["Calipers"]},{"damage_healed":0,"gold_gain":0,"player_choice":"Ignored","damage_taken":0,"max_hp_gain":0,"max_hp_loss":0,"event_name":"Ghosts","floor":31,"gold_loss":0}],"is_beta":false,"boss_relics":[{"not_picked":["Pandora\u0027s Box","WristBlade"],"picked":"Sozu"}],"items_purged_floors":[12],"is_endless":false,"potions_floor_spawned":[1,3,7,8,10,18,22,28,30],"killed_by":"Automaton","ascension_level":6}}