{"host":"5w3ov2q8o40mj89d","time":1611371968,"event":{"mods":["ATMod(阿瑾Mod)","Arknights The Spire","Bard","BaseMod","Downfall","FutureSeer","Good Game Mod","Hunter 猎人","KinomotoSakuraMod(木之本樱)","LagranYue(拉格朗・月)","Luminous","Marisa（F雨　魔理沙）","Minty Spire (QoL Compilation)","Nova Terra(诺娃・泰拉)","Reimu（博丽灵梦）","Remilia_Scarlet Moed（蕾米莉亚・斯卡雷特）3.3.5","Remilia（蕾米莉亚）","RumiaBox-露米娅的神秘盒子","StSLib","Td1madao Mod","The Alterego","The Blackbeard","The Construct","The Gatherer","The Hierophant","The Invoker Mod","The Runesmith","The Senshi","The Servant 0.9.4","Waifu the Spire","WarShipGirlsR/战舰少女R mod","Yakumo Yukari mod","Youmu（魂魄妖梦）","Yuri Mod","Yuyuko","vexMod"],"gold_per_floor":[117,67,67,86,97,143,143,190,217,49,78,178,32,87,87,226,226,245,306,306,8,8,8],"floor_reached":22,"language":"ZHS","playtime":1160,"items_purged":[],"score":219,"play_id":"e8840143-0c73-4c6a-8330-f6bc5fd6056d","local_time":"20210123111928","is_ascension_mode":false,"campfire_choices":[{"data":"AT_FamilyPortrait","floor":7,"key":"SMITH"},{"floor":15,"key":"REST"}],"circlet_count":0,"master_deck":["Strike_MRS","Strike_MRS","Strike_MRS","Strike_MRS","Defend_MRS","Defend_MRS","Defend_MRS","MasterSpark+1","UpSweep","AT_FamilyPortrait+1","Robbery+1","OneTimeOff","ShootTheMoon","UnstableBomb","ManaRampage","WitchOfGreed","SporeBomb","WitchOfGreed","BlazingStar","AsteroidBelt","GasGiant+1"],"relics":["BewitchedHakkero","AT_ATBox","REME:ComplimentaryCards","LagranYue:RandomDrawCardRelic","NeowsBlessing","Happy Flower","Anchor","AT_BellDemon","AT_EbonyIvory","vexMod:Dragonfruit","Lee\u0027s Waffle","BreadOfAWashokuLover","Torii","Lantern","Whetstone","OrangePellets"],"acts_visited":["Exordium","TheCity"],"potions_floor_usage":[16,18,19,19,22,22],"damage_taken":[{"damage":0,"enemies":"Jaw Worm","floor":1,"turns":1},{"damage":0,"enemies":"Small Slimes","floor":4,"turns":1},{"damage":0,"enemies":"Cultist","floor":5,"turns":1},{"damage":20,"enemies":"Gremlin Nob","floor":6,"turns":5},{"damage":21,"enemies":"Lagavulin","floor":8,"turns":5},{"damage":0,"enemies":"2 Fungi Beasts","floor":11,"turns":2},{"damage":21,"enemies":"Exordium Thugs","floor":14,"turns":4},{"damage":67,"enemies":"The Guardian","floor":16,"turns":6},{"damage":0,"enemies":"Spheric Guardian","floor":18,"turns":2},{"damage":59,"enemies":"3 Byrds","floor":19,"turns":6},{"damage":57,"enemies":"3 Cultists","floor":22,"turns":3}],"seed_played":"-6765942289199002134","potions_obtained":[{"floor":1,"key":"Swift Potion"},{"floor":5,"key":"Fire Potion"},{"floor":11,"key":"SpeedPotion"},{"floor":16,"key":"Explosive Potion"},{"floor":19,"key":"EntropicBrew"}],"is_trial":false,"path_per_floor":["M","?","?","M","M","E","R","E","T","$","M","?","$","M","R","B",null,"M","M","?","$","M"],"character_chosen":"MARISA","items_purchased":["AT_EbonyIvory","WitchOfGreed","Lee\u0027s Waffle","Whetstone","OrangePellets"],"campfire_rested":1,"item_purchase_floors":[10,10,13,21,21],"current_hp_per_floor":[75,75,85,85,85,65,65,44,44,44,49,49,97,76,97,30,97,97,38,38,38,0,0],"gold":8,"neow_bonus":"THREE_ENEMY_KILL","is_daily":false,"chose_seed":false,"campfire_upgraded":1,"win_rate":0.0,"timestamp":1611371968,"path_taken":["M","?","?","M","M","E","R","E","T","$","?","?","?","M","R","BOSS","M","M","?","$","M"],"items_purchased_type":["Relic","Card","Relic","Relic","Relic"],"build_version":"2020-12-22","purchased_purges":0,"victory":false,"max_hp_per_floor":[75,75,85,85,85,85,85,85,85,85,90,90,97,97,97,97,97,97,97,97,97,97,97],"card_choices":[{"not_picked":["WitchLeyline","EventHorizon"],"picked":"Robbery","floor":1},{"not_picked":["ShootingEcho","EnergyRecoil"],"picked":"OneTimeOff","floor":4},{"not_picked":["MilkyWay","EventHorizon"],"picked":"ShootTheMoon","floor":5},{"not_picked":["FinalSpark","SuperNova"],"picked":"UnstableBomb","floor":6},{"not_picked":["OrrerysSun","PulseMagic"],"picked":"ManaRampage","floor":8},{"not_picked":["UnstableBomb","GravityBeat"],"picked":"SporeBomb","floor":11},{"not_picked":["PowerUp","OneTimeOff"],"picked":"WitchOfGreed","floor":14},{"not_picked":["MaximisePower","SuperNova"],"picked":"BlazingStar","floor":16},{"not_picked":["WitchLeyline","ShootTheMoon"],"picked":"AsteroidBelt","floor":18},{"not_picked":["Orbital","PulseMagic"],"picked":"GasGiant+1","floor":19}],"player_experience":28487,"relics_obtained":[{"floor":6,"key":"Happy Flower"},{"floor":8,"key":"Anchor"},{"floor":9,"key":"AT_BellDemon"},{"floor":11,"key":"vexMod:Dragonfruit"},{"floor":14,"key":"BreadOfAWashokuLover"},{"floor":18,"key":"Torii"},{"floor":19,"key":"Lantern"}],"event_choices":[{"cards_removed":["Defend_MRS"],"damage_healed":0,"gold_gain":0,"player_choice":"Card Removal","damage_taken":0,"max_hp_gain":0,"max_hp_loss":0,"event_name":"The Cleric","floor":2,"gold_loss":50},{"cards_removed":["Ticket to Heaven"],"damage_healed":0,"gold_gain":0,"player_choice":"Offered Rare","damage_taken":0,"max_hp_gain":10,"max_hp_loss":0,"event_name":"Bonfire Elementals","floor":3,"gold_loss":0},{"damage_healed":0,"gold_gain":100,"player_choice":"Pray","damage_taken":0,"max_hp_gain":0,"max_hp_loss":0,"event_name":"Golden Shrine","floor":12,"gold_loss":0},{"damage_healed":0,"gold_gain":0,"player_choice":"Bought 0 Potions","damage_taken":0,"max_hp_gain":0,"max_hp_loss":0,"event_name":"The Woman in Blue","floor":20,"gold_loss":0}],"is_beta":false,"boss_relics":[{"not_picked":["Black Star","RedLine:ReiMu"],"picked":"BewitchedHakkero"}],"items_purged_floors":[],"is_endless":false,"potions_floor_spawned":[1,5,11,14,19],"killed_by":"3 Cultists","ascension_level":0}}