{"host":"rolltorest","time":1611368421,"event":{"mods":["BaseMod","Minty Spire (QoL Compilation)","Relic Stats","Slay the Relics Exporter","StSLib"],"gold_per_floor":[118,118,118,138,57,88,88,106,129,129,1,1,36,52,52,129,129,141,158,158,175,100,100,134,134,134,164,164,3,39,39,39,110,410,421,440,490,516,269,269,308,308,388,417,417,417,417,417,417,417,417,417],"floor_reached":51,"language":"ENG","playtime":1297,"items_purged":["Strike_G","Strike_G"],"score":1580,"play_id":"7f36ef4e-94e3-40b1-bfde-adcc3bb8269f","local_time":"20210122182021","is_ascension_mode":true,"campfire_choices":[{"data":"Crippling Poison","floor":7,"key":"SMITH"},{"data":"Catalyst","floor":12,"key":"SMITH"},{"data":"Corpse Explosion","floor":15,"key":"SMITH"},{"data":"Adrenaline","floor":23,"key":"SMITH"},{"data":"Bane","floor":25,"key":"SMITH"},{"data":"After Image","floor":28,"key":"SMITH"},{"floor":32,"key":"REST"},{"data":"Well Laid Plans","floor":40,"key":"SMITH"},{"floor":49,"key":"RECALL"}],"circlet_count":0,"master_deck":["AscendersBane","Strike_G","Defend_G","Defend_G","Defend_G","Defend_G+1","Defend_G+1","Survivor","Neutralize+1","All Out Attack+1","Crippling Poison+1","After Image+1","Terror","Catalyst+1","Corpse Explosion+1","Bane+1","Adrenaline+1","Blade Dance","PiercingWail","Catalyst+1","Backflip","Catalyst+1","Well Laid Plans+1","Blur+1","Deadly Poison+1","Malaise+1","Injury"],"relics":["Ring of the Snake","NeowsBlessing","Whetstone","Ornamental Fan","Meat on the Bone","Cursed Key","Nloth\u0027s Gift","Omamori","Singing Bowl","Shuriken","CeramicFish","Calling Bell","Juzu Bracelet","Toxic Egg 2","Old Coin","Bottled Lightning","InkBottle"],"acts_visited":["Exordium","TheCity","TheBeyond"],"potions_floor_usage":[27,33,44,50],"damage_taken":[{"damage":0,"enemies":"Small Slimes","floor":1,"turns":1},{"damage":0,"enemies":"Jaw Worm","floor":4,"turns":1},{"damage":0,"enemies":"Lagavulin","floor":6,"turns":1},{"damage":0,"enemies":"Cultist","floor":8,"turns":4},{"damage":8,"enemies":"Gremlin Nob","floor":13,"turns":3},{"damage":5,"enemies":"Large Slime","floor":14,"turns":3},{"damage":27,"enemies":"Slime Boss","floor":16,"turns":7},{"damage":9,"enemies":"Spheric Guardian","floor":18,"turns":4},{"damage":18,"enemies":"3 Byrds","floor":19,"turns":4},{"damage":5,"enemies":"Snake Plant","floor":21,"turns":4},{"damage":12,"enemies":"Book of Stabbing","floor":24,"turns":5},{"damage":21,"enemies":"Slavers","floor":27,"turns":3},{"damage":16,"enemies":"Gremlin Leader","floor":30,"turns":4},{"damage":18,"enemies":"Automaton","floor":33,"turns":7},{"damage":1,"enemies":"3 Shapes","floor":35,"turns":6},{"damage":13,"enemies":"Orb Walker","floor":36,"turns":4},{"damage":16,"enemies":"3 Darklings","floor":38,"turns":2},{"damage":14,"enemies":"Giant Head","floor":41,"turns":5},{"damage":26,"enemies":"Nemesis","floor":44,"turns":5},{"damage":36,"enemies":"Donu and Deca","floor":50,"turns":6},{"damage":36,"enemies":"Awakened One","floor":51,"turns":7}],"seed_played":"3622338445726301674","potions_obtained":[{"floor":1,"key":"SmokeBomb"},{"floor":8,"key":"BlessingOfTheForge"},{"floor":13,"key":"SteroidPotion"},{"floor":18,"key":"Dexterity Potion"},{"floor":19,"key":"Swift Potion"},{"floor":27,"key":"Swift Potion"},{"floor":36,"key":"Swift Potion"},{"floor":38,"key":"LiquidMemories"}],"is_trial":false,"path_per_floor":["M","?","?","M","$","E","R","M","T","T","$","R","E","M","R","B",null,"M","M","?","M","?","R","E","R","T","E","R","$","E","?","R","B",null,"M","M","?","M","$","R","E","?","T","E","?","?","?","?","R","B","B"],"character_chosen":"THE_SILENT","items_purchased":["Crippling Poison","All Out Attack","Catalyst","Catalyst","Well Laid Plans","Blur+1","Deadly Poison+1"],"campfire_rested":1,"item_purchase_floors":[5,11,11,29,39,39,39],"current_hp_per_floor":[59,64,43,43,43,43,43,43,43,43,43,43,35,42,42,27,60,51,45,45,40,40,40,40,40,40,33,33,33,29,29,50,46,68,69,58,58,42,42,42,40,40,40,28,28,66,66,63,63,39,3,3],"gold":417,"neow_bonus":"THREE_ENEMY_KILL","is_daily":false,"chose_seed":false,"campfire_upgraded":7,"win_rate":0.0,"timestamp":1611368421,"path_taken":["M","?","?","M","?","E","R","M","T","?","$","R","E","?","R","BOSS","M","M","?","?","?","R","E","R","T","E","R","?","E","?","R","BOSS","M","M","?","M","?","R","E","?","T","E","?","?","?","?","R","BOSS","BOSS"],"items_purchased_type":["Card","Card","Card","Card","Card","Card","Card"],"build_version":"2020-12-18","purchased_purges":2,"victory":false,"max_hp_per_floor":[66,71,71,71,71,71,71,71,71,71,71,71,71,71,71,71,71,71,71,71,71,71,71,71,71,71,73,73,73,73,73,73,75,75,77,79,79,79,79,79,79,79,79,81,81,66,66,63,63,63,63,63],"relic_stats":{"Singing Bowl":10,"counters":[21,86],"CeramicFish":63,"Juzu Bracelet":1,"Whetstone":["Neutralize","All Out Attack"],"Cursed Key":2,"Ornamental Fan":[76],"Shuriken":[10],"Nloth\u0027s Gift":5,"obtain_stats":[{"NeowsBlessing":0,"Singing Bowl":26,"CeramicFish":30,"Vajra":9,"Omamori":24,"Juzu Bracelet":34,"Whetstone":6,"Cursed Key":17,"Old Coin":34,"Calling Bell":34,"Ornamental Fan":10,"Shuriken":27,"Nloth\u0027s Gift":20,"Bottled Lightning":41,"Toxic Egg 2":34,"InkBottle":44,"Ring of the Snake":0,"Meat on the Bone":13},{"NeowsBlessing":0,"Singing Bowl":11,"CeramicFish":13,"Vajra":4,"Omamori":11,"Juzu Bracelet":14,"Whetstone":3,"Cursed Key":7,"Old Coin":14,"Calling Bell":14,"Ornamental Fan":4,"Shuriken":12,"Nloth\u0027s Gift":9,"Bottled Lightning":18,"Toxic Egg 2":14,"InkBottle":19,"Ring of the Snake":0,"Meat on the Bone":5},{"NeowsBlessing":0,"Singing Bowl":37,"CeramicFish":44,"Vajra":7,"Omamori":37,"Juzu Bracelet":51,"Whetstone":3,"Cursed Key":20,"Old Coin":51,"Calling Bell":51,"Ornamental Fan":7,"Shuriken":40,"Nloth\u0027s Gift":28,"Bottled Lightning":68,"Toxic Egg 2":51,"InkBottle":73,"Ring of the Snake":0,"Meat on the Bone":10}],"InkBottle":[5],"Ring of the Snake":[42],"Meat on the Bone":120},"card_choices":[{"not_picked":["Riddle With Holes","Prepared"],"picked":"All Out Attack","floor":1},{"not_picked":["Underhanded Strike","Dodge and Roll","Deflect"],"picked":"SKIP","floor":4},{"not_picked":["Cloak And Dagger","Riddle With Holes"],"picked":"After Image","floor":6},{"not_picked":["Expertise","Acrobatics"],"picked":"Terror","floor":8},{"not_picked":["Quick Slash","PiercingWail"],"picked":"Corpse Explosion","floor":13},{"not_picked":["Infinite Blades","Reflex"],"picked":"Bane","floor":14},{"not_picked":["Tools of the Trade","Storm of Steel"],"picked":"Adrenaline","floor":16},{"not_picked":["Quick Slash","Acrobatics+1"],"picked":"Blade Dance","floor":18},{"not_picked":["Dodge and Roll","Sucker Punch"],"picked":"PiercingWail","floor":19},{"not_picked":["Doppelganger","Cloak And Dagger","Deflect"],"picked":"SKIP","floor":21},{"not_picked":["Slice+1","Unload","Prepared"],"picked":"SKIP","floor":24},{"not_picked":["Poisoned Stab","Finisher","Envenom"],"picked":"Singing Bowl","floor":27},{"not_picked":["Quick Slash","Blade Dance"],"picked":"Backflip","floor":30},{"not_picked":["Grand Finale","Doppelganger","Storm of Steel"],"picked":"Singing Bowl","floor":33},{"not_picked":["Prepared+1","Setup+1","Sucker Punch"],"picked":"Singing Bowl","floor":35},{"not_picked":["Dagger Spray+1","Outmaneuver+1","Underhanded Strike+1"],"picked":"Singing Bowl","floor":36},{"not_picked":["Unload","Dash"],"picked":"Catalyst+1","floor":38},{"not_picked":["Envenom","Deadly Poison+1"],"picked":"Malaise+1","floor":41},{"not_picked":["A Thousand Cuts","Riddle With Holes","Underhanded Strike"],"picked":"Singing Bowl","floor":44}],"player_experience":1767163,"relics_obtained":[{"floor":6,"key":"Whetstone"},{"floor":9,"key":"Vajra"},{"floor":10,"key":"Ornamental Fan"},{"floor":13,"key":"Meat on the Bone"},{"floor":24,"key":"Omamori"},{"floor":26,"key":"Singing Bowl"},{"floor":27,"key":"Shuriken"},{"floor":30,"key":"CeramicFish"},{"floor":34,"key":"Juzu Bracelet"},{"floor":34,"key":"Toxic Egg 2"},{"floor":34,"key":"Old Coin"},{"floor":41,"key":"Bottled Lightning"},{"floor":44,"key":"InkBottle"}],"event_choices":[{"damage_healed":0,"gold_gain":0,"player_choice":"Donut","damage_taken":0,"max_hp_gain":5,"max_hp_loss":0,"event_name":"Big Fish","floor":2,"gold_loss":0},{"damage_healed":0,"gold_gain":0,"player_choice":"Entered Light","damage_taken":21,"max_hp_gain":0,"max_hp_loss":0,"event_name":"Shining Light","floor":3,"gold_loss":0,"cards_upgraded":["Defend_G","Defend_G"]},{"damage_healed":0,"gold_gain":0,"player_choice":"Traded Relic","damage_taken":0,"relics_obtained":["Nloth\u0027s Gift"],"max_hp_gain":0,"max_hp_loss":0,"event_name":"N\u0027loth","floor":20,"relics_lost":["Vajra"],"gold_loss":0},{"cards_removed":["Strike_G"],"damage_healed":0,"gold_gain":0,"player_choice":"Gave Gold","damage_taken":0,"max_hp_gain":0,"max_hp_loss":0,"event_name":"Beggar","floor":22,"gold_loss":75},{"cards_removed":["Strike_G"],"damage_healed":0,"gold_gain":0,"player_choice":"Elegance","damage_taken":0,"max_hp_gain":0,"max_hp_loss":0,"event_name":"Back to Basics","floor":31,"gold_loss":0},{"damage_healed":0,"gold_gain":50,"player_choice":"Pray","damage_taken":0,"max_hp_gain":0,"max_hp_loss":0,"event_name":"Golden Shrine","floor":37,"gold_loss":0},{"damage_healed":0,"gold_gain":0,"player_choice":"Ignored","damage_taken":0,"max_hp_gain":0,"max_hp_loss":0,"event_name":"Tomb of Lord Red Mask","floor":42,"gold_loss":0},{"damage_healed":0,"gold_gain":0,"player_choice":"Upgraded","damage_taken":0,"max_hp_gain":0,"max_hp_loss":0,"event_name":"Upgrade Shrine","floor":45,"gold_loss":0,"cards_upgraded":["Catalyst"]},{"damage_healed":66,"gold_gain":0,"player_choice":"Heal","damage_taken":0,"max_hp_gain":0,"max_hp_loss":15,"event_name":"The Moai Head","floor":46,"gold_loss":0},{"cards_removed":["All Out Attack"],"damage_healed":0,"gold_gain":0,"player_choice":"Removed Attack","damage_taken":0,"max_hp_gain":0,"max_hp_loss":0,"event_name":"Falling","floor":47,"gold_loss":0},{"damage_healed":0,"gold_gain":0,"player_choice":"Max HP","damage_taken":0,"max_hp_gain":0,"max_hp_loss":3,"event_name":"Winding Halls","floor":48,"gold_loss":0}],"is_beta":true,"boss_relics":[{"not_picked":["Ectoplasm","Astrolabe"],"picked":"Cursed Key"},{"not_picked":["Snecko Eye","Busted Crown"],"picked":"Calling Bell"}],"items_purged_floors":[29,39],"is_endless":false,"potions_floor_spawned":[1,8,13,16,18,19,27,30,36,38],"killed_by":"Awakened One","ascension_level":20}}