{"host":"njo8qgvy2a57fcny","time":1611404499,"event":{"mods":["Ascension Unlocker","Aspiration","BaseMod","BetterRewards","CCEM","Colored Map","Colored Powertips","Conspire","Custom Start","Downfall","GifTheSpireLib","Halation","Hermit","Hubris","Infinite Spire","Jedi Mod","Mimic Mod","Minty Spire (QoL Compilation)","Quick Restart","Random Character Button","Random Character Mod","Rare Cards Sparkle","Relic Sorter","Replay The Spire","Shop Mod","StSLib","Stuff the Spire","The Animator","The Jungle","The Runesmith","The Servant 0.9.4","vexMod"],"gold_per_floor":[109,125,35,35,35,35,35],"floor_reached":6,"language":"ENG","playtime":315,"items_purged":[],"score":68,"play_id":"abcc692e-e3f7-49c6-b31c-2014ee7c4774","local_time":"20210123232139","is_ascension_mode":true,"campfire_choices":[],"circlet_count":0,"master_deck":["AscendersBane","Strike_S","Strike_S","Strike_S","Defend_S","Defend_S","Defend_S","Defend_S","KidneyShot","Exchange","conspire:Blindness","SurpressingFire","Rearm","WasteNot","Defy","Injury","PendulumOfEternity"],"relics":["Uniform","Frozen Egg 2"],"acts_visited":["Exordium"],"potions_floor_usage":[],"damage_taken":[{"damage":16,"enemies":"Jaw Worm","floor":1,"turns":5},{"damage":3,"enemies":"2 Louse","floor":2,"turns":5},{"damage":47,"enemies":"Lagavulin","floor":6,"turns":11}],"seed_played":"8683410009014612578","potions_obtained":[],"is_trial":false,"path_per_floor":["M","M","$","?","?","E"],"character_chosen":"THE_SERVANT","items_purchased":["WasteNot","Defy"],"campfire_rested":0,"item_purchase_floors":[3,3],"current_hp_per_floor":[50,47,47,47,47,0,0],"gold":35,"neow_bonus":"TWENTY_PERCENT_HP_BONUS","is_daily":false,"chose_seed":false,"campfire_upgraded":0,"win_rate":0.0,"timestamp":1611404499,"path_taken":["M","M","$","?","?","E"],"items_purchased_type":["Card","Card"],"build_version":"2020-12-22","purchased_purges":0,"victory":false,"max_hp_per_floor":[72,72,72,72,72,72,72],"card_choices":[{"not_picked":["ShatteredReality","Shuttle"],"picked":"SurpressingFire","floor":1},{"not_picked":["SpecialFormula","Desolation"],"picked":"Rearm","floor":2}],"player_experience":665806,"relics_obtained":[],"event_choices":[{"damage_healed":0,"gold_gain":0,"cards_transformed":["Strike_S"],"player_choice":"Transformed","damage_taken":0,"max_hp_gain":0,"max_hp_loss":0,"event_name":"Transmorgrifier","floor":5,"gold_loss":0,"cards_obtained":["PendulumOfEternity"]}],"is_beta":false,"boss_relics":[],"items_purged_floors":[],"is_endless":false,"potions_floor_spawned":[],"killed_by":"Lagavulin","ascension_level":20}}