{"host":"v0n6ky7dmveherv3","time":1611376904,"event":{"mods":["BaseMod","Better Third Choice","Downfall","Minty Spire (QoL Compilation)","StSLib"],"gold_per_floor":[99,111,111,21,21,21,45,61,74,74,34,34,34,45,56,56,56,56],"floor_reached":16,"language":"ENG","playtime":547,"items_purged":["bronze:Defend"],"score":90,"play_id":"4fc96630-277d-4df3-a073-a8b76cec6c6a","local_time":"20210122214144","is_ascension_mode":false,"campfire_choices":[{"data":"1","floor":1,"key":"LIFT"},{"data":"2","floor":6,"key":"LIFT"},{"data":"3","floor":10,"key":"LIFT"},{"data":"bronze:Iterate","floor":12,"key":"SMITH"}],"circlet_count":0,"master_deck":["bronze:Strike+1","bronze:Strike","bronze:Strike","bronze:Strike+1","bronze:Defend","bronze:Defend","bronze:Defend","bronze:Replicate+1","bronze:Goto","bronze:Flail+1","bronze:ClassDefault","downfall:Malfunctioning","bronze:ChosenStrike","bronze:Return","bronze:Iterate+1","bronze:FineTuning+1","Decay","bronze:Boost"],"relics":["bronze:BronzeCore","Girya","Lantern"],"acts_visited":["Exordium"],"potions_floor_usage":[16,16],"damage_taken":[{"damage":2,"enemies":"2 Louse","floor":2,"turns":2},{"damage":5,"enemies":"downfall:FleeingMerchant","floor":4,"turns":4},{"damage":0,"enemies":"Small Slimes","floor":8,"turns":2},{"damage":0,"enemies":"Cultist","floor":9,"turns":2},{"damage":10,"enemies":"downfall:FleeingMerchant","floor":11,"turns":4},{"damage":2,"enemies":"Exordium Wildlife","floor":14,"turns":2},{"damage":20,"enemies":"Gremlin Gang","floor":15,"turns":5},{"damage":20,"enemies":"IC_STATUS_ARCHETYPE","floor":16,"turns":2}],"seed_played":"347849357918095637","potions_obtained":[{"floor":2,"key":"Energy Potion"},{"floor":9,"key":"champ:CounterPotion"},{"floor":15,"key":"Regen Potion"}],"is_trial":false,"path_per_floor":["R","M","?","$","?","R","T","M","M","R","$","R","?","M","M","B"],"character_chosen":"THE_AUTOMATON","items_purchased":["bronze:FineTuning"],"campfire_rested":0,"item_purchase_floors":[11],"current_hp_per_floor":[49,47,47,42,42,42,42,42,42,42,32,32,32,30,10,0,0,0],"gold":56,"neow_bonus":"ONE_RARE_RELIC","is_daily":false,"chose_seed":false,"campfire_upgraded":1,"win_rate":0.0,"timestamp":1611376904,"path_taken":["R","M","?","$","?","R","T","M","M","R","$","R","?","M","M","BOSS"],"items_purchased_type":["Card"],"build_version":"2020-12-22","purchased_purges":1,"victory":false,"max_hp_per_floor":[70,70,70,70,70,70,70,70,70,70,70,70,70,70,70,70,70,70],"card_choices":[{"not_picked":["bronze:Repair","bronze:Boost"],"picked":"bronze:Flail","floor":2},{"not_picked":["bronze:Deprecate","bronze:BronzeArmor"],"picked":"bronze:ClassDefault","floor":4},{"not_picked":["bronze:Constructor","bronze:Terminator"],"picked":"bronze:ChosenStrike","floor":8},{"not_picked":["bronze:WildBeam","bronze:CutThrough"],"picked":"bronze:Return","floor":9},{"not_picked":["bronze:Flail","bronze:Overheat"],"picked":"bronze:Iterate","floor":11},{"not_picked":["bronze:FollowUp","bronze:Shield"],"picked":"bronze:Boost","floor":14},{"not_picked":["bronze:WhirlingStrike","bronze:Turbo","bronze:Overload"],"picked":"SKIP","floor":15}],"player_experience":118869,"relics_obtained":[{"floor":7,"key":"Lantern"}],"event_choices":[],"is_beta":false,"boss_relics":[],"items_purged_floors":[4],"is_endless":false,"potions_floor_spawned":[2,9,15],"killed_by":"IC_STATUS_ARCHETYPE","ascension_level":0}}