{"host":"ebj6lkgm8suah319","time":1611423963,"event":{"mods":["2.2 Compatiblity","AchievementEnabler","BaseMod","Block Reminder","Colored Map","Colored Powertips","Minty Spire (QoL Compilation)","Quick Restart","Rare Cards Sparkle","Relic Stats","SuperFastMode"],"gold_per_floor":[115,40,115,133,144,144,169,169,169,197,213,225,52,77,77,151,151,151,151,151,51,51,51,51,51,51,51,51,51,51,51,51,51,51,51,51,51,51,51,51,51,51,51,51,51,51,0,0,0,0],"floor_reached":51,"language":"ENG","playtime":2240,"items_purged":["Injury","Strike_R"],"score":1478,"play_id":"ebf964ad-8bf0-44c4-b817-9a1e34174509","local_time":"20210123124603","is_ascension_mode":true,"campfire_choices":[{"data":"Bash","floor":6.0,"key":"SMITH"},{"data":"Feed","floor":8.0,"key":"SMITH"},{"data":"Pommel Strike","floor":15.0,"key":"SMITH"},{"data":"Uppercut","floor":23.0,"key":"SMITH"},{"data":"Feel No Pain","floor":32.0,"key":"SMITH"},{"data":"Disarm","floor":40.0,"key":"SMITH"},{"floor":46,"key":"REST"},{"floor":49,"key":"REST"}],"circlet_count":0,"master_deck":["AscendersBane","Strike_R","Strike_R","Strike_R","Strike_R","Defend_R","Defend_R+1","Defend_R","Defend_R","Bash+1","Pommel Strike+1","Cleave","Headbutt","Feed+1","Rage+1","Disarm","Feed","Thunderclap+1","Uppercut+1","Dark Embrace","Burning Pact+1","Havoc+1","Exhume","Feel No Pain+1","Reaper","Metallicize","Warcry+1","Disarm+1","Blood for Blood+1","Shrug It Off","Double Tap"],"relics":["Burning Blood","Champion Belt","Unceasing Top","Thread and Needle","Red Skull","Lee\u0027s Waffle","Strawberry","Ectoplasm","Pen Nib","Centennial Puzzle","War Paint","SlaversCollar","Ice Cream","Pantograph","Mango","MawBank","Incense Burner","Blood Vial"],"acts_visited":["Exordium","TheCity","TheBeyond"],"potions_floor_usage":[45,50,50],"damage_taken":[{"damage":8.0,"enemies":"Jaw Worm","floor":1.0,"turns":5.0},{"damage":1.0,"enemies":"Small Slimes","floor":4.0,"turns":4.0},{"damage":4.0,"enemies":"2 Louse","floor":5.0,"turns":3.0},{"damage":30.0,"enemies":"Lagavulin","floor":7.0,"turns":5.0},{"damage":32.0,"enemies":"3 Sentries","floor":10.0,"turns":7.0},{"damage":0.0,"enemies":"Exordium Wildlife","floor":11.0,"turns":2.0},{"damage":0.0,"enemies":"Blue Slaver","floor":12.0,"turns":4.0},{"damage":20.0,"enemies":"Lagavulin","floor":14.0,"turns":6.0},{"damage":43.0,"enemies":"Slime Boss","floor":16.0,"turns":13.0},{"damage":18.0,"enemies":"Spheric Guardian","floor":18.0,"turns":4.0},{"damage":28.0,"enemies":"3 Byrds","floor":19.0,"turns":9.0},{"damage":15.0,"enemies":"Snecko","floor":20.0,"turns":5.0},{"damage":26.0,"enemies":"Slavers","floor":24.0,"turns":6.0},{"damage":23.0,"enemies":"Shelled Parasite and Fungi","floor":28.0,"turns":5.0},{"damage":9.0,"enemies":"Book of Stabbing","floor":29.0,"turns":4.0},{"damage":9.0,"enemies":"Snake Plant","floor":31.0,"turns":5.0},{"damage":63.0,"enemies":"Automaton","floor":33.0,"turns":10.0},{"damage":36.0,"enemies":"3 Shapes","floor":35.0,"turns":7.0},{"damage":0.0,"enemies":"Mind Bloom Boss Battle","floor":36.0,"turns":11.0},{"damage":23.0,"enemies":"3 Darklings","floor":38.0,"turns":8.0},{"damage":7.0,"enemies":"Writhing Mass","floor":39.0,"turns":13.0},{"damage":59.0,"enemies":"Maw","floor":41.0,"turns":11.0},{"damage":28.0,"enemies":"Nemesis","floor":42.0,"turns":13.0},{"damage":96.0,"enemies":"Giant Head","floor":44.0,"turns":11.0},{"damage":49,"enemies":"4 Shapes","floor":45,"turns":10},{"damage":57,"enemies":"Nemesis","floor":48,"turns":10},{"damage":57,"enemies":"Donu and Deca","floor":50,"turns":11}],"seed_played":"6330153202564601159","potions_obtained":[{"floor":4.0,"key":"Strength Potion"},{"floor":10.0,"key":"FearPotion"},{"floor":11.0,"key":"BlessingOfTheForge"},{"floor":16.0,"key":"SteroidPotion"},{"floor":19.0,"key":"ElixirPotion"},{"floor":24.0,"key":"Strength Potion"},{"floor":29.0,"key":"AttackPotion"},{"floor":33.0,"key":"Strength Potion"},{"floor":39.0,"key":"DuplicationPotion"},{"floor":48,"key":"GamblersBrew"}],"is_trial":false,"path_per_floor":["M","$","?","M","M","R","E","R","T","E","M","M","$","E","R","B",null,"M","M","M","$","?","R","E","?","T","$","M","E","?","M","R","B",null,"M","?","?","M","M","R","M","E","T","E","M","R","?","E","R","B",null],"character_chosen":"IRONCLAD","items_purchased":["Lee\u0027s Waffle"],"campfire_rested":2,"item_purchase_floors":[13],"current_hp_per_floor":[66,66,55,60,62,62,38,38,38,16,26,36,94,91,91,58,96,88,73,68,68,68,68,52,78,78,78,65,65,65,66,66,9,107,84,106,106,131,138,138,101,83,97,45,17,71,71,24,80,69],"gold":0,"neow_bonus":"ONE_RARE_RELIC","is_daily":false,"chose_seed":false,"campfire_upgraded":6,"win_rate":0.0,"timestamp":1611423963,"path_taken":["M","$","?","M","M","R","E","R","T","E","M","M","$","E","R","BOSS","M","M","M","$","?","R","E","?","T","$","M","E","?","?","R","BOSS","M","?","?","M","M","R","?","E","T","E","M","R","?","E","R","BOSS"],"items_purchased_type":["Relic"],"build_version":"2020-12-22","purchased_purges":2,"victory":true,"max_hp_per_floor":[75,75,75,75,75,75,75,75,75,79,83,87,94,105,105,109,109,113,120,124,124,124,124,128,128,128,128,132,135,135,139,139,139,139,146,150,150,150,153,153,157,161,175,175,183,183,183,187,187,187],"relic_stats":{"Lee\u0027s Waffle":58,"counters":[27,202],"Pen Nib":[29],"War Paint":["Defend_R","Rage"],"MawBank":0,"Burning Blood":162,"Blood Vial":2,"Centennial Puzzle":[39],"Pantograph":25,"Ectoplasm":516,"Champion Belt":[124],"obtain_stats":[{"Ice Cream":36,"Lee\u0027s Waffle":13,"Thread and Needle":9,"Mango":43,"Pen Nib":24,"Incense Burner":47,"War Paint":29,"MawBank":44,"Burning Blood":0,"Blood Vial":48,"SlaversCollar":34,"Centennial Puzzle":26,"Strawberry":14,"Pantograph":42,"Ectoplasm":17,"Champion Belt":0,"Unceasing Top":7,"Red Skull":10},{"Ice Cream":19,"Lee\u0027s Waffle":7,"Thread and Needle":4,"Mango":23,"Pen Nib":13,"Incense Burner":25,"War Paint":15,"MawBank":24,"Burning Blood":0,"Blood Vial":26,"SlaversCollar":17,"Centennial Puzzle":13,"Strawberry":8,"Pantograph":23,"Ectoplasm":9,"Champion Belt":0,"Unceasing Top":4,"Red Skull":5},{"Ice Cream":115,"Lee\u0027s Waffle":30,"Thread and Needle":17,"Mango":160,"Pen Nib":73,"Incense Burner":181,"War Paint":82,"MawBank":171,"Burning Blood":0,"Blood Vial":191,"SlaversCollar":97,"Centennial Puzzle":73,"Strawberry":36,"Pantograph":160,"Ectoplasm":49,"Champion Belt":0,"Unceasing Top":17,"Red Skull":24}],"Unceasing Top":[7]},"card_choices":[{"not_picked":["Perfected Strike","Shrug It Off"],"picked":"Pommel Strike","floor":1.0},{"not_picked":["Rampage","Dark Embrace"],"picked":"Cleave","floor":4.0},{"not_picked":["Heavy Blade","Sword Boomerang"],"picked":"Headbutt","floor":5.0},{"not_picked":["Rampage","Immolate"],"picked":"Feed","floor":7.0},{"not_picked":["Flex","Anger"],"picked":"Rage","floor":10.0},{"not_picked":["Flame Barrier","Metallicize"],"picked":"Disarm","floor":11.0},{"not_picked":["Sword Boomerang","Armaments","Second Wind"],"picked":"SKIP","floor":12.0},{"not_picked":["Searing Blow","Fire Breathing","Infernal Blade"],"picked":"SKIP","floor":14.0},{"not_picked":["Bludgeon","Fiend Fire"],"picked":"Feed","floor":16.0},{"not_picked":["Pommel Strike","Cleave"],"picked":"Thunderclap+1","floor":18.0},{"not_picked":["Pommel Strike+1","Headbutt"],"picked":"Uppercut","floor":19.0},{"not_picked":["Perfected Strike","Anger"],"picked":"Dark Embrace","floor":20.0},{"not_picked":["Bloodletting","Ghostly Armor"],"picked":"Burning Pact+1","floor":24.0},{"not_picked":["Wild Strike","Armaments"],"picked":"Havoc+1","floor":28.0},{"not_picked":["Armaments","Thunderclap"],"picked":"Exhume","floor":29.0},{"not_picked":["Headbutt","Sever Soul"],"picked":"Feel No Pain","floor":31.0},{"not_picked":["Fiend Fire","Bludgeon"],"picked":"Reaper","floor":33.0},{"not_picked":["Flex","Armaments"],"picked":"Metallicize","floor":35.0},{"not_picked":["Cleave+1","Reckless Charge+1"],"picked":"Warcry+1","floor":36.0},{"not_picked":["True Grit","Uppercut"],"picked":"Disarm","floor":38.0},{"not_picked":["Flex","Entrench","Wild Strike"],"picked":"SKIP","floor":39.0},{"not_picked":["Searing Blow","Reckless Charge+1","Havoc+1"],"picked":"SKIP","floor":41.0},{"not_picked":["Clothesline","Cleave"],"picked":"Blood for Blood+1","floor":42.0},{"not_picked":["Flex","Uppercut","Pummel+1"],"picked":"SKIP","floor":44.0},{"not_picked":["Rupture","Sword Boomerang+1"],"picked":"Shrug It Off","floor":45},{"not_picked":["Anger","Perfected Strike"],"picked":"Double Tap","floor":48}],"player_experience":53751,"relics_obtained":[{"floor":7.0,"key":"Unceasing Top"},{"floor":9.0,"key":"Thread and Needle"},{"floor":10.0,"key":"Red Skull"},{"floor":14.0,"key":"Strawberry"},{"floor":24.0,"key":"Pen Nib"},{"floor":26.0,"key":"Centennial Puzzle"},{"floor":29.0,"key":"War Paint"},{"floor":36.0,"key":"Ice Cream"},{"floor":42.0,"key":"Pantograph"},{"floor":43.0,"key":"Mango"},{"floor":44.0,"key":"MawBank"},{"floor":48,"key":"Blood Vial"}],"event_choices":[{"damage_healed":0.0,"max_hp_gain":0.0,"max_hp_loss":0.0,"gold_gain":75.0,"event_name":"World of Goop","player_choice":"Gather Gold","floor":3.0,"gold_loss":0.0,"damage_taken":11.0},{"damage_healed":26.0,"max_hp_gain":0.0,"max_hp_loss":0.0,"gold_gain":0.0,"event_name":"The Library","player_choice":"Heal","floor":25.0,"gold_loss":0.0,"damage_taken":0.0},{"damage_healed":0.0,"max_hp_gain":0.0,"max_hp_loss":0.0,"gold_gain":0.0,"event_name":"The Mausoleum","player_choice":"Ignored","floor":30.0,"gold_loss":0.0,"damage_taken":0.0},{"damage_healed":0.0,"max_hp_gain":0.0,"max_hp_loss":0.0,"gold_gain":0.0,"event_name":"MindBloom","player_choice":"Fight","floor":36.0,"gold_loss":0.0,"damage_taken":0.0},{"damage_healed":0.0,"max_hp_gain":0.0,"max_hp_loss":0.0,"gold_gain":0.0,"event_name":"SecretPortal","player_choice":"Ignored","floor":37.0,"gold_loss":0.0,"damage_taken":0.0},{"damage_healed":0,"gold_gain":0,"player_choice":"Paid Gold","damage_taken":0,"relics_obtained":["Incense Burner"],"max_hp_gain":0,"max_hp_loss":0,"event_name":"WeMeetAgain","floor":47,"gold_loss":51}],"is_beta":false,"boss_relics":[{"not_picked":["Empty Cage","Runic Cube"],"picked":"Ectoplasm"},{"not_picked":["Velvet Choker","Tiny House"],"picked":"SlaversCollar"}],"items_purged_floors":[2,21],"is_endless":false,"potions_floor_spawned":[4,10,11,12,14,16,19,24,29,33,36,38,39,48],"ascension_level":17}}