{"host":"l15sdf2mmi0nobpi","time":1611399643,"event":{"mods":["ATMod(°¢èªMod)","BaseMod","Highlight Path","Minty Spire (QoL Compilation)","Quick Restart","StSLib","¡¾¹¦ÄÜMod¡¿Neow½±Àø"],"gold_per_floor":[118,118,132,150,167,167,199,199,199,227,227,69,88,88,88,160,160,173,193,193,29,29,29,56,56,56,56,56,73,105,117,117,117,117],"floor_reached":33,"language":"ZHS","playtime":1638,"items_purged":[],"score":636,"play_id":"24c2adee-6d99-41b9-bcea-179535b9e90a","local_time":"20210123190043","is_ascension_mode":true,"campfire_choices":[{"data":"Biased Cognition","floor":6.0,"key":"SMITH"},{"data":"Hologram","floor":8.0,"key":"SMITH"},{"data":"Turbo","floor":15.0,"key":"SMITH"},{"data":"Seek","floor":23.0,"key":"SMITH"},{"data":"Doom and Gloom","floor":25.0,"key":"SMITH"},{"data":"Reboot","floor":32.0,"key":"SMITH"}],"circlet_count":0,"master_deck":["AscendersBane","Strike_B+1","Defend_B","Defend_B","Defend_B","Defend_B","Zap","Dualcast","AT_KneejerkReflex+1","Barrage","Ball Lightning+1","Biased Cognition+1","Hologram+1","Cold Snap","Turbo+1","Amplify","Doom and Gloom+1","All For One","Seek+1","Ghostly","Ghostly","Ghostly","Reboot+1"],"relics":["Cracked Core","AT_ATBox","Juzu Bracelet","MealTicket","Mercury Hourglass","AT_SunfireAegis","Coffee Dripper","ClockworkSouvenir","Whetstone","Singing Bowl","AT_RabadonDeathcap"],"acts_visited":["Exordium","TheCity"],"potions_floor_usage":[33],"damage_taken":[{"damage":7.0,"enemies":"Small Slimes","floor":1.0,"turns":3.0},{"damage":1.0,"enemies":"Cultist","floor":3.0,"turns":3.0},{"damage":7.0,"enemies":"Jaw Worm","floor":4.0,"turns":3.0},{"damage":7.0,"enemies":"Looter","floor":5.0,"turns":3.0},{"damage":10.0,"enemies":"3 Sentries","floor":7.0,"turns":5.0},{"damage":15.0,"enemies":"Lagavulin","floor":10.0,"turns":6.0},{"damage":9.0,"enemies":"Exordium Wildlife","floor":13.0,"turns":3.0},{"damage":12.0,"enemies":"The Guardian","floor":16.0,"turns":7.0},{"damage":12.0,"enemies":"2 Thieves","floor":18.0,"turns":3.0},{"damage":6.0,"enemies":"Spheric Guardian","floor":19.0,"turns":3.0},{"damage":32.0,"enemies":"Book of Stabbing","floor":24.0,"turns":4.0},{"damage":0.0,"enemies":"Snake Plant","floor":29.0,"turns":4.0},{"damage":19.0,"enemies":"Slavers","floor":30.0,"turns":4.0},{"damage":0.0,"enemies":"3 Cultists","floor":31.0,"turns":3.0},{"damage":8,"enemies":"Champ","floor":33,"turns":3}],"seed_played":"-4267472173616065783","potions_obtained":[{"floor":3.0,"key":"Fire Potion"},{"floor":4.0,"key":"Block Potion"},{"floor":10.0,"key":"GamblersBrew"},{"floor":13.0,"key":"Swift Potion"},{"floor":24.0,"key":"Explosive Potion"},{"floor":29.0,"key":"AttackPotion"},{"floor":30.0,"key":"ColorlessPotion"}],"is_trial":false,"path_per_floor":["M","?","M","M","M","R","E","R","T","E","?","$","M","?","R","B",null,"M","M","?","$","?","R","E","R","T","?","?","M","E","M","R","B"],"character_chosen":"DEFECT","items_purchased":["AT_SunfireAegis","ClockworkSouvenir"],"campfire_rested":0,"item_purchase_floors":[12,21],"current_hp_per_floor":[57,57,56,49,42,42,32,32,32,17,17,32,23,23,23,11,56,44,38,38,53,53,53,21,21,21,21,21,23,4,6,6,0,0],"gold":117,"neow_bonus":"THREE_CARDS","is_daily":false,"chose_seed":false,"campfire_upgraded":6,"win_rate":0.0,"timestamp":1611399643,"path_taken":["M","?","M","?","M","R","E","R","T","E","?","$","M","?","R","BOSS","M","M","?","$","?","R","E","R","T","?","?","M","E","M","R","BOSS"],"items_purchased_type":["Relic","Relic"],"build_version":"2020-12-22","purchased_purges":0,"victory":false,"max_hp_per_floor":[71,71,71,71,71,71,71,71,71,71,71,71,71,71,71,71,71,71,71,71,71,71,71,71,71,71,71,35,37,37,39,39,39,39],"card_choices":[{"not_picked":["Conserve Battery","Beam Cell"],"picked":"Barrage","floor":0.0},{"not_picked":["Steam","AT_DarkMatter"],"picked":"Ball Lightning","floor":1.0},{"not_picked":["Beam Cell","AT_HeatAcrobatics","Steam"],"picked":"SKIP","floor":3.0},{"not_picked":["Storm","Consume"],"picked":"Biased Cognition","floor":4.0},{"not_picked":["Streamline","Steam"],"picked":"Hologram","floor":5.0},{"not_picked":["Stack","Redo","Thunder Strike"],"picked":"SKIP","floor":7.0},{"not_picked":["Tempest","Rip and Tear"],"picked":"Cold Snap","floor":10.0},{"not_picked":["AT_RobotInSpace","Melter"],"picked":"Turbo","floor":13.0},{"not_picked":["Machine Learning","Multi-Cast"],"picked":"Amplify","floor":16.0},{"not_picked":["Turbo","Streamline","Cold Snap"],"picked":"SKIP","floor":18.0},{"not_picked":["Streamline","Fusion"],"picked":"Doom and Gloom","floor":19.0},{"not_picked":["Amplify","Sunder","Storm"],"picked":"SKIP","floor":24.0},{"not_picked":["Redo+1","Leap+1","Steam Power"],"picked":"Singing Bowl","floor":29.0},{"not_picked":["AT_DarkMatter","All For One"],"picked":"Reboot","floor":30.0},{"not_picked":["Steam Power","Gash+1","Static Discharge"],"picked":"Singing Bowl","floor":31.0}],"player_experience":486141,"relics_obtained":[{"floor":7.0,"key":"Juzu Bracelet"},{"floor":9.0,"key":"MealTicket"},{"floor":10.0,"key":"Mercury Hourglass"},{"floor":24.0,"key":"Whetstone"},{"floor":26.0,"key":"Singing Bowl"},{"floor":30.0,"key":"AT_RabadonDeathcap"}],"event_choices":[{"damage_healed":0.0,"max_hp_gain":0.0,"max_hp_loss":0.0,"gold_gain":0.0,"event_name":"Upgrade Shrine","player_choice":"Upgraded","floor":2.0,"gold_loss":0.0,"damage_taken":0.0,"cards_upgraded":["AT_KneejerkReflex"]},{"cards_removed":["Strike_B"],"damage_healed":0.0,"max_hp_gain":0.0,"max_hp_loss":0.0,"gold_gain":0.0,"event_name":"Living Wall","player_choice":"Forget","floor":11.0,"gold_loss":0.0,"damage_taken":0.0},{"damage_healed":0.0,"max_hp_gain":0.0,"max_hp_loss":0.0,"gold_gain":0.0,"event_name":"Scrap Ooze","player_choice":"Fled","floor":14.0,"gold_loss":0.0,"damage_taken":0.0},{"damage_healed":0.0,"max_hp_gain":0.0,"max_hp_loss":0.0,"gold_gain":0.0,"event_name":"Cursed Tome","player_choice":"Ignored","floor":20.0,"gold_loss":0.0,"damage_taken":0.0},{"damage_healed":0.0,"max_hp_gain":0.0,"max_hp_loss":0.0,"gold_gain":0.0,"cards_transformed":["Strike_B","Strike_B"],"event_name":"Drug Dealer","player_choice":"Became Test Subject","floor":22.0,"gold_loss":0.0,"damage_taken":0.0,"cards_obtained":["All For One","Seek"]},{"damage_healed":0.0,"max_hp_gain":0.0,"max_hp_loss":0.0,"gold_gain":0.0,"event_name":"Vampires","player_choice":"Ignored","floor":27.0,"gold_loss":0.0,"damage_taken":0.0},{"damage_healed":0.0,"max_hp_gain":0.0,"max_hp_loss":36.0,"gold_gain":0.0,"event_name":"Ghosts","player_choice":"Became a Ghost","floor":28.0,"gold_loss":0.0,"damage_taken":0.0,"cards_obtained":["Ghostly","Ghostly","Ghostly"]}],"is_beta":false,"boss_relics":[{"not_picked":["Fusion Hammer","Black Star"],"picked":"Coffee Dripper"}],"items_purged_floors":[],"is_endless":false,"potions_floor_spawned":[3,4,10,13,24,29,30],"killed_by":"Champ","ascension_level":20}}