{"host":"9xv6exvwmlpefxuw","time":1611405035,"event":{"mods":["ATMod(阿瑾Mod)","AchievementEnabler","Act Like it!","Aspiration","BaseMod","Chen","Colored Powertips","Conspire","Downfall","Friendly Minions","Gensokyo","GifTheSpireLib","KinomotoSakuraMod(木之本樱)","Koishi","KomeijiMod","Marisa（F雨　魔理沙）","Minty Spire (QoL Compilation)","Pale of the Ancients","Rare Cards Sparkle","Reimu（博丽灵梦）","Remilia_Scarlet Moed（蕾米莉亚・斯卡雷特）3.3.5","Remilia（蕾米莉亚）","RumiaBox-露米娅的神秘盒子","StSLib","The Administrix","The Animator","The Blackbeard","The Mystic","The Servant 0.9.4","WarShipGirlsR/战舰少女R mod","Yakumo Yukari mod","Youmu（魂魄妖梦）","Yuyuko","【功能Mod】混沌之环修复补丁","【功能Mod】聪明的最终Boss"],"gold_per_floor":[114,125,140,172,247,278,278,303,303,321,333,333,333,349,349,445,445,459,469,469,481,492,492,504,538,538,463,463,481,481,495,495,597,597,608,619,375,426,439,439,450,468,514,514,104,121,121,150,150,150,150],"floor_reached":50,"language":"ZHS","playtime":4587,"items_purged":["BlasphemousPunishment+1","Strike_RM"],"score":558,"play_id":"2b0f03a9-226e-468c-80fb-4f3387d10782","local_time":"20210123203035","is_ascension_mode":false,"campfire_choices":[{"data":"Ultimatum","floor":7,"key":"SMITH"},{"floor":13,"key":"REST"},{"data":"BlasphemousPunishment","floor":15,"key":"SMITH"},{"floor":23,"key":"REST"},{"floor":30,"key":"REST"},{"floor":32,"key":"REST"},{"floor":40,"key":"REST"},{"floor":44,"key":"REST"},{"floor":47,"key":"RECALL"},{"floor":49,"key":"REST"}],"circlet_count":0,"master_deck":["Strike_RM","Strike_RM","Strike_RM","Defend_RM","Defend_RM","Defend_RM+1","Defend_RM","RedMoon","ScarletShoot","CharismaGuard","ScarletImprint+1","LeisurelyOfLord","DiffusionOfMisfortune","Ultimatum+1","ScarletDream","UnderTheZenith","RedRainbow","Maim","BloodHunter","ScarletCoffin","RedRainbow","ScarletImprint","UnstableMagic","AfternoonTea+1","CeilingFear","UnstableMagic+1","KillingBlow","ScarletImprint","DiffusionOfMisfortune","Ultimatum","DiffusionOfMisfortune+1","RedRainbow+1","GlobalNightmare","DiffusionOfMisfortune","GlobalNightmare","RedNightlessCastle","Stigmanizer","NightLord+1"],"relics":["ScarletHat","AT_ATBox","AddBug","SecretRecord","SecretRecord","SecretRecord","SecretRecord","SecretRecord","SecretRecord","SecretRecord","SecretRecord","SecretRecord","SecretRecord"],"acts_visited":["Exordium","TheCity","TheBeyond"],"potions_floor_usage":[50],"damage_taken":[{"damage":0,"enemies":"Small Slimes","floor":1,"turns":4},{"damage":0,"enemies":"Jaw Worm","floor":2,"turns":7},{"damage":0,"enemies":"2 Louse","floor":3,"turns":4},{"damage":14,"enemies":"conspire:MimicChest","floor":4,"turns":7},{"damage":21,"enemies":"Lagavulin","floor":6,"turns":8},{"damage":2,"enemies":"Gremlin Nob","floor":8,"turns":5},{"damage":3,"enemies":"2 Fungi Beasts","floor":10,"turns":4},{"damage":10,"enemies":"Large Slime","floor":11,"turns":4},{"damage":1,"enemies":"3 Louse","floor":14,"turns":5},{"damage":16,"enemies":"Slime Boss","floor":16,"turns":7},{"damage":4,"enemies":"Chosen","floor":18,"turns":8},{"damage":3,"enemies":"Spheric Guardian","floor":19,"turns":3},{"damage":47,"enemies":"3 Cultists","floor":21,"turns":8},{"damage":31,"enemies":"Snake Plant","floor":22,"turns":8},{"damage":9,"enemies":"Centurion and Healer","floor":24,"turns":13},{"damage":22,"enemies":"Book of Stabbing","floor":25,"turns":7},{"damage":0,"enemies":"Shelled Parasite and Fungi","floor":29,"turns":5},{"damage":8,"enemies":"Snake Plant","floor":31,"turns":4},{"damage":90,"enemies":"Automaton","floor":33,"turns":13},{"damage":0,"enemies":"Orb Walker","floor":35,"turns":3},{"damage":18,"enemies":"3 Shapes","floor":36,"turns":9},{"damage":53,"enemies":"2 Orb Walkers","floor":38,"turns":9},{"damage":20,"enemies":"Maw","floor":39,"turns":8},{"damage":0,"enemies":"4 Shapes","floor":41,"turns":2},{"damage":6,"enemies":"Transient","floor":42,"turns":5},{"damage":6,"enemies":"Spire Growth","floor":46,"turns":5},{"damage":46,"enemies":"Reptomancer","floor":48,"turns":9},{"damage":71,"enemies":"conspire:OrnateMirror","floor":50,"turns":8}],"seed_played":"8508029268537517171","potions_obtained":[{"floor":2,"key":"CultistPotion"},{"floor":10,"key":"Ancient Potion"},{"floor":14,"key":"GamblersBrew"}],"is_trial":false,"path_per_floor":["M","M","M","?","?","E","R","E","T","M","M","?","R","M","R","B",null,"M","M","?","M","M","R","M","E","T","$","?","M","R","M","R","B",null,"M","M","$","?","M","R","M","M","T","R","$","M","R","E","R","B"],"character_chosen":"REMILIA","items_purchased":["MealTicket","DiffusionOfMisfortune","Medical Kit","RuthlessExorcism:ReiMu","GlobalNightmare"],"campfire_rested":7,"item_purchase_floors":[37,45,45,45,45],"current_hp_per_floor":[82,82,82,69,58,41,41,41,41,38,28,12,36,42,42,32,82,78,76,60,21,2,28,24,9,9,9,9,10,36,32,58,15,87,87,69,69,23,3,29,29,34,34,60,60,62,62,29,55,0,0],"gold":150,"neow_bonus":"TEN_PERCENT_HP_BONUS","is_daily":false,"chose_seed":false,"campfire_upgraded":2,"win_rate":0.0,"timestamp":1611405035,"path_taken":["M","M","M","?","?","E","R","E","T","M","M","?","R","M","R","BOSS","M","M","?","M","M","R","M","E","T","$","?","M","R","M","R","BOSS","M","M","$","?","M","R","M","M","T","R","$","M","R","E","R","BOSS"],"items_purchased_type":["Relic","Card","Relic","Relic","Card"],"build_version":"2020-12-22","purchased_purges":2,"victory":false,"max_hp_per_floor":[82,82,82,82,82,82,82,82,82,82,82,82,82,82,82,82,82,82,82,87,87,87,87,87,87,87,87,87,87,87,87,87,87,87,87,87,87,87,87,87,87,87,87,87,87,87,87,87,87,87,87],"card_choices":[{"not_picked":["EndlessAdversity","TwelveNightmare"],"picked":"CharismaGuard","floor":1},{"not_picked":["EndlessAdversity","UltimateOffering"],"picked":"ScarletImprint","floor":2},{"not_picked":["HunterOfTheNight","UnderTheZenith"],"picked":"LeisurelyOfLord","floor":3},{"not_picked":["BloodHunter","VampireFantasy"],"picked":"DiffusionOfMisfortune","floor":4},{"not_picked":["ReincarnationDial","UnstableMagic"],"picked":"Ultimatum","floor":6},{"not_picked":["ScarletGensokyo","UnstableMagic"],"picked":"ScarletDream","floor":8},{"not_picked":["VampireSweep","BloodAndWine"],"picked":"BlasphemousPunishment","floor":8},{"not_picked":["TwelveNightmare","EndlessAdversity"],"picked":"UnderTheZenith","floor":10},{"not_picked":["ForbiddenFruit","BloodyTrap"],"picked":"RedRainbow","floor":11},{"not_picked":["ScarletDream","CeilingFear"],"picked":"Maim","floor":14},{"not_picked":["TwelveNightmare","DiffusionOfMisfortune"],"picked":"BloodHunter","floor":14},{"not_picked":["ChaoticDestiny","ScarletMeister"],"picked":"ScarletCoffin","floor":16},{"not_picked":["BloodyTrap+1","ForbiddenFruit","FavorOfDestiny"],"picked":"SKIP","floor":18},{"not_picked":["BloodAndWine","BloodHunter"],"picked":"RedRainbow","floor":19},{"not_picked":["Maim+1","MastersStateliness","BlasphemousPunishment+1"],"picked":"SKIP","floor":21},{"not_picked":["ReincarnationDial+1","TransientEternity"],"picked":"ScarletImprint","floor":22},{"not_picked":["EndlessAdversity","ReincarnationDial","EmergencyRegeneration"],"picked":"SKIP","floor":22},{"not_picked":["TwelveNightmare+1","ScarletDevilSign"],"picked":"UnstableMagic","floor":24},{"not_picked":["BlasphemousPunishment","HunterOfTheNight"],"picked":"AfternoonTea+1","floor":24},{"not_picked":["UltimateOffering","BloodHunter+1"],"picked":"CeilingFear","floor":25},{"not_picked":["UltimateOffering","ScarletDream+1","BloodHunter+1"],"picked":"SKIP","floor":29},{"not_picked":["AfternoonTea","RedRainbow+1"],"picked":"UnstableMagic+1","floor":31},{"not_picked":["HellCatastrophe","EquivalentExchange"],"picked":"KillingBlow","floor":33},{"not_picked":["RedRainbow+1","FavorOfDestiny+1"],"picked":"ScarletImprint","floor":35},{"not_picked":["EndlessAdversity","ForbiddenFruit","UnderTheZenith"],"picked":"SKIP","floor":36},{"not_picked":["EndlessAdversity+1","Stigmanizer"],"picked":"DiffusionOfMisfortune","floor":38},{"not_picked":["BloodHunter+1","EndlessAdversity+1"],"picked":"Ultimatum","floor":38},{"not_picked":["UnstableMagic+1","TwelveNightmare+1"],"picked":"DiffusionOfMisfortune+1","floor":39},{"not_picked":["BloodHunter","MastersStateliness+1"],"picked":"RedRainbow+1","floor":41},{"not_picked":["EternalNight+1","EquivalentExchange"],"picked":"GlobalNightmare","floor":42},{"not_picked":["BloodHunter","EndlessAdversity"],"picked":"RedNightlessCastle","floor":46},{"not_picked":["BloodAndWine+1","MastersStateliness"],"picked":"Stigmanizer","floor":46},{"not_picked":["FavorOfDestiny+1","MastersStateliness"],"picked":"NightLord+1","floor":48}],"player_experience":16048,"relics_obtained":[{"floor":1,"key":"AddBug"},{"floor":2,"key":"SecretRecord"},{"floor":3,"key":"SecretRecord"},{"floor":4,"key":"Mummified Hand"},{"floor":6,"key":"conspire:GiftBox"},{"floor":8,"key":"SecretRecord"},{"floor":8,"key":"conspire:TopHat"},{"floor":9,"key":"GodSword3"},{"floor":11,"key":"SecretRecord"},{"floor":19,"key":"SecretRecord"},{"floor":25,"key":"SecretRecord"},{"floor":25,"key":"GodSword6"},{"floor":35,"key":"SecretRecord"},{"floor":38,"key":"CaptainsWheel"},{"floor":41,"key":"SecretRecord"},{"floor":43,"key":"Bronze Scales"},{"floor":46,"key":"SecretRecord"},{"floor":48,"key":"ShirouKen"}],"event_choices":[{"damage_healed":0,"gold_gain":75,"player_choice":"Gather Gold","damage_taken":11,"max_hp_gain":0,"max_hp_loss":0,"event_name":"World of Goop","floor":5,"gold_loss":0},{"damage_healed":0,"gold_gain":0,"player_choice":"Entered Light","damage_taken":16,"max_hp_gain":0,"max_hp_loss":0,"event_name":"Shining Light","floor":12,"gold_loss":0,"cards_upgraded":["ScarletImprint","Defend_RM"]},{"damage_healed":0,"gold_gain":0,"player_choice":"Shed Blood","damage_taken":21,"max_hp_gain":5,"max_hp_loss":0,"event_name":"Forgotten Altar","floor":20,"gold_loss":0},{"damage_healed":0,"gold_gain":0,"player_choice":"Ignored","damage_taken":0,"max_hp_gain":0,"max_hp_loss":0,"event_name":"blackbeard:ShipwreckEvent","floor":28,"gold_loss":0},{"damage_healed":0,"gold_gain":0,"player_choice":"Fight","damage_taken":0,"max_hp_gain":0,"max_hp_loss":0,"event_name":"Mysterious Sphere","floor":38,"gold_loss":0}],"is_beta":false,"boss_relics":[{"not_picked":["conspire:RoyalGoblet","aspiration:SecretTechniqueScroll"],"picked":"SacredBark"},{"not_picked":["conspire:SpecialSausage","Runic Dome"],"picked":"RedLine:ReiMu"}],"items_purged_floors":[27,37],"is_endless":false,"potions_floor_spawned":[2,10,14,16,18,19,22,24,38,41,46,48],"killed_by":"conspire:OrnateMirror","ascension_level":0}}