{"host":"17eltwdkyvydzbrm","time":1611412152,"event":{"mods":["BaseMod","Better Vampires","Dota2Spire","Downfall","Minty Spire (QoL Compilation)","Robot Space Explorer","StSLib","noobMod","¡¾ÒÅÎï¿¨ÅÆ¡¿REMEMod","óô»ðÖ¸ÄÏ"],"gold_per_floor":[113,129,129,52,70,70,89,89,89,124,124,135,135,147,71,167,167,180,196,296,310,330,91,102,127,151,151,75,86,106,132,38,140,140,160,160,210,210,226,258,77,77,77,92,110,121,153,3,3,3,3,3,3,34,34],"floor_reached":56,"language":"ZHS","playtime":10518,"items_purged":[],"score":1301,"play_id":"ee0b127f-d675-4a64-8e2d-fd15c3a9bae1","local_time":"20210123222912","is_ascension_mode":false,"campfire_choices":[{"floor":8.0,"key":"RECALL"},{"data":"REME_PuzzleBox","floor":27,"key":"SMITH"},{"data":"Rainbow","floor":49,"key":"SMITH"},{"data":"Capacitor","floor":52,"key":"SMITH"}],"circlet_count":0,"master_deck":["Strike_B","Strike_B","Strike_B+1","Strike_B","Defend_B","Defend_B+1","Defend_B+1","Zap","Dualcast+1","sneckomod:SoulExchange","Streamline","Ball Lightning","Rip and Tear","Static Discharge","Glacier","Electrodynamics","Stack","Steam","Finesse","Redo","Doom and Gloom","Electrodynamics+1","Darkness","Ball Lightning","Beam Cell+1","REME_PuzzleBox+1","Sweeping Beam","Streamline","Streamline","Double Energy","hexamod:SixthSeal","Ball Lightning+1","Auto Shields+1","Cold Snap","Capacitor+1","Sweeping Beam","Steam+1","Coolheaded+1","Go for the Eyes","Undo+1","Chaos","Conserve Battery+1","Darkness","Conserve Battery+1","hexamod:FirstSeal","Tempest+1","Rainbow+1","Capacitor","REME_Compress"],"relics":["Cracked Core","ice","REME_ComplimentaryCards","NeowsBlessing","Bottled Lightning","Dota2Spire:EtherealBlade","Blue Candle","Busted Crown","Dota2Spire:ShadowBlade","Regal Pillow","Coffee Dripper","Lizard Tail","Bottled Flame","Dota2Spire:CrimsonGuard","Dota2Spire:MonkeyKingBar","Meat on the Bone","Dota2Spire:BattleFury"],"acts_visited":["Exordium","TheCity","TheBeyond","TheEnding"],"potions_floor_usage":[25,25,30,44,44,55,55],"damage_taken":[{"damage":0.0,"enemies":"Cultist","floor":1.0,"turns":1.0},{"damage":0.0,"enemies":"2 Louse","floor":2.0,"turns":1.0},{"damage":0.0,"enemies":"Jaw Worm","floor":5.0,"turns":1.0},{"damage":17.0,"enemies":"Exordium Thugs","floor":7.0,"turns":3.0},{"damage":28.0,"enemies":"3 Sentries","floor":10.0,"turns":5.0},{"damage":6.0,"enemies":"2 Fungi Beasts","floor":12.0,"turns":2.0},{"damage":0.0,"enemies":"3 Louse","floor":14.0,"turns":2.0},{"damage":40.0,"enemies":"Hexaghost","floor":16.0,"turns":7.0},{"damage":12.0,"enemies":"Spheric Guardian","floor":18.0,"turns":5.0},{"damage":19.0,"enemies":"Shell Parasite","floor":19.0,"turns":3.0},{"damage":13.0,"enemies":"Shelled Parasite and Fungi","floor":21.0,"turns":3.0},{"damage":0.0,"enemies":"Snake Plant","floor":22.0,"turns":3.0},{"damage":11.0,"enemies":"Snecko","floor":24.0,"turns":4.0},{"damage":16,"enemies":"Book of Stabbing","floor":25,"turns":5},{"damage":13,"enemies":"Chosen and Byrds","floor":29,"turns":5},{"damage":8,"enemies":"3 Cultists","floor":30,"turns":3},{"damage":44,"enemies":"Gremlin Leader","floor":31,"turns":6},{"damage":17,"enemies":"Automaton","floor":33,"turns":6},{"damage":19,"enemies":"3 Shapes","floor":35,"turns":2},{"damage":1,"enemies":"Mind Bloom Boss Battle","floor":37,"turns":4},{"damage":1,"enemies":"3 Darklings","floor":39,"turns":2},{"damage":18,"enemies":"Giant Head","floor":40,"turns":7},{"damage":11,"enemies":"Maw","floor":44,"turns":5},{"damage":8,"enemies":"Sphere and 2 Shapes","floor":45,"turns":3},{"damage":38,"enemies":"Jaw Worm Horde","floor":46,"turns":4},{"damage":25,"enemies":"Reptomancer","floor":47,"turns":4},{"damage":28,"enemies":"Donu and Deca","floor":50,"turns":5},{"damage":15,"enemies":"Shield and Spear","floor":54,"turns":3},{"damage":61,"enemies":"The Heart","floor":55,"turns":6}],"seed_played":"8340641368030033569","potions_obtained":[{"floor":2.0,"key":"Block Potion"},{"floor":7.0,"key":"LiquidBronze"},{"floor":10.0,"key":"PowerPotion"},{"floor":16.0,"key":"Guardian:BlockOnCardUsePotion"},{"floor":19.0,"key":"Fruit Juice"},{"floor":21.0,"key":"ColorlessPotion"},{"floor":29,"key":"SpeedPotion"},{"floor":30,"key":"REME_GoldPotion"},{"floor":31,"key":"Energy Potion"},{"floor":40,"key":"Energy Potion"},{"floor":42,"key":"PotionOfCapacity"},{"floor":44,"key":"Fruit Juice"}],"is_trial":false,"path_per_floor":["M","M","?","$","M","$","M","R","T","E","?","M","?","M","R","B",null,"M","M","?","M","M","R","M","E","T","R","$","M","M","E","R","B",null,"M","?","?","?","M","E","R","?","T","M","M","M","E","$","R","B",null,"R","$","E","B",null],"character_chosen":"DEFECT","items_purchased":["Rip and Tear","Doom and Gloom","REME_PuzzleBox","Sweeping Beam","Double Energy","Capacitor","Sweeping Beam","Chaos","EssenceOfDarkness","Rainbow","Capacitor"],"campfire_rested":0,"item_purchase_floors":[4,15,23,23,28,32,32,41,41,48,48],"current_hp_per_floor":[75,75,60,60,60,60,43,43,43,15,10,75,75,75,75,35,85,73,59,59,46,46,46,35,19,19,19,19,104,96,52,52,39,116,97,97,96,96,95,77,77,77,77,71,63,25,140,140,140,119,153,153,153,145,96],"gold":34,"neow_bonus":"THREE_ENEMY_KILL","is_daily":false,"chose_seed":false,"campfire_upgraded":3,"win_rate":0.0,"timestamp":1611412152,"path_taken":["M","?","?","?","?","$","M","R","T","E","?","M","?","?","R","BOSS","M","?","?","?","M","R","?","E","T","R","$","M","M","E","R","BOSS","M","?","?","?","M","E","R","?","T","M","?","M","E","$","R","BOSS","R","$","E","BOSS"],"items_purchased_type":["Card","Card","Card","Card","Card","Card","Card","Card","Potion","Card","Card"],"build_version":"2020-12-22","purchased_purges":0,"victory":true,"max_hp_per_floor":[75,75,75,75,75,75,75,75,75,75,75,75,75,75,75,85,85,89,97,97,99,102,102,104,104,104,104,104,104,106,112,112,116,116,120,120,120,120,121,125,125,125,125,133,134,139,145,145,145,153,153,153,153,159,219],"card_choices":[{"not_picked":["Stack","Self Repair"],"picked":"Streamline","floor":1.0},{"not_picked":["Conserve Battery","Go for the Eyes"],"picked":"Ball Lightning","floor":2.0},{"not_picked":["Hologram","Gash"],"picked":"Static Discharge","floor":5.0},{"not_picked":["Hologram","Self Repair"],"picked":"Glacier","floor":7.0},{"not_picked":["Barrage","Go for the Eyes"],"picked":"Electrodynamics","floor":10.0},{"not_picked":["Rebound","Rip and Tear"],"picked":"Stack","floor":12.0},{"not_picked":["Static Discharge","Coolheaded"],"picked":"Redo","floor":14.0},{"not_picked":["Amplify","Biased Cognition"],"picked":"Electrodynamics","floor":16.0},{"not_picked":[],"picked":"Darkness","floor":18.0},{"not_picked":[],"picked":"Ball Lightning","floor":19.0},{"not_picked":[],"picked":"Beam Cell+1","floor":21.0},{"not_picked":["Blizzard"],"picked":"SKIP","floor":22.0},{"not_picked":[],"picked":"Streamline","floor":24.0},{"not_picked":[],"picked":"Streamline","floor":25},{"not_picked":[],"picked":"hexamod:SixthSeal","floor":29},{"not_picked":[],"picked":"Ball Lightning+1","floor":29},{"not_picked":[],"picked":"Auto Shields","floor":30},{"not_picked":[],"picked":"Cold Snap","floor":31},{"not_picked":[],"picked":"Steam+1","floor":35},{"not_picked":[],"picked":"Coolheaded+1","floor":37},{"not_picked":[],"picked":"Go for the Eyes","floor":39},{"not_picked":[],"picked":"Undo+1","floor":40},{"not_picked":["Coolheaded"],"picked":"SKIP","floor":44},{"not_picked":[],"picked":"Conserve Battery","floor":45},{"not_picked":[],"picked":"Darkness","floor":46},{"not_picked":[],"picked":"Conserve Battery+1","floor":47},{"not_picked":[],"picked":"hexamod:FirstSeal","floor":47},{"not_picked":[],"picked":"Tempest+1","floor":47},{"not_picked":[],"picked":"REME_Compress","floor":54}],"player_experience":39994,"relics_obtained":[{"floor":9.0,"key":"Bottled Lightning"},{"floor":10.0,"key":"Dota2Spire:EtherealBlade"},{"floor":25,"key":"Dota2Spire:ShadowBlade"},{"floor":31,"key":"Regal Pillow"},{"floor":37,"key":"Lizard Tail"},{"floor":40,"key":"Bottled Flame"},{"floor":43,"key":"Dota2Spire:CrimsonGuard"},{"floor":47,"key":"Dota2Spire:MonkeyKingBar"},{"floor":47,"key":"Meat on the Bone"},{"floor":54,"key":"Dota2Spire:BattleFury"}],"event_choices":[{"damage_healed":0.0,"max_hp_gain":0.0,"max_hp_loss":0.0,"gold_gain":0.0,"event_name":"Shining Light","player_choice":"Entered Light","floor":3.0,"gold_loss":0.0,"damage_taken":15.0,"cards_upgraded":["Defend_B","Dualcast"]},{"damage_healed":0.0,"max_hp_gain":0.0,"max_hp_loss":0.0,"gold_gain":0.0,"event_name":"Match and Keep!","player_choice":"2 cards matched","floor":13.0,"gold_loss":0.0,"damage_taken":0.0,"cards_obtained":["Steam","Finesse"]},{"damage_healed":0.0,"max_hp_gain":0.0,"max_hp_loss":0.0,"gold_gain":100.0,"event_name":"Golden Shrine","player_choice":"Pray","floor":20.0,"gold_loss":0.0,"damage_taken":0.0},{"damage_healed":0,"gold_gain":0,"player_choice":"Ignored","damage_taken":0,"max_hp_gain":0,"max_hp_loss":0,"event_name":"Tomb of Lord Red Mask","floor":36,"gold_loss":0},{"damage_healed":0,"gold_gain":0,"player_choice":"Fight","damage_taken":0,"max_hp_gain":0,"max_hp_loss":0,"event_name":"MindBloom","floor":37,"gold_loss":0},{"cards_removed":["Defend_B"],"damage_healed":0,"gold_gain":0,"player_choice":"Removed Skill","damage_taken":0,"max_hp_gain":0,"max_hp_loss":0,"event_name":"Falling","floor":38,"gold_loss":0},{"damage_healed":0,"gold_gain":0,"player_choice":"Got Potions","damage_taken":0,"max_hp_gain":0,"max_hp_loss":0,"event_name":"Lab","floor":42,"gold_loss":0}],"is_beta":false,"boss_relics":[{"not_picked":["Black Star","REME_DemonsWealth"],"picked":"Busted Crown"},{"not_picked":["Fusion Hammer","Runic Pyramid"],"picked":"Coffee Dripper"}],"items_purged_floors":[],"is_endless":false,"potions_floor_spawned":[2,7,10,16,19,21,29,30,31,39,40,44],"ascension_level":0}}