{"host":"928gv66myv2vlnsd","time":1611437917,"event":{"mods":["BaseMod","Minty Spire (QoL Compilation)","StSLib"],"gold_per_floor":[111,111,111,128,103,103,123,153,153,167,167,195,210,240,240,317,317,334,350,39,51,71,71,83,111,111,111,130,164,164,164,164,241,241,258,258,158,173,173,173,173,173],"floor_reached":41,"language":"ENG","playtime":1955,"items_purged":["Juggernaut","Bash"],"score":904,"play_id":"ed29e7e2-39c8-4738-ad4e-99b65b924e15","local_time":"20210123163837","is_ascension_mode":true,"campfire_choices":[{"data":"Sword Boomerang","floor":6,"key":"SMITH"},{"data":"Pommel Strike","floor":11,"key":"SMITH"},{"data":"Flame Barrier","floor":15,"key":"SMITH"},{"data":"Limit Break","floor":23,"key":"SMITH"},{"floor":27,"key":"REST"},{"data":"Demon Form","floor":30,"key":"SMITH"},{"data":"Reaper","floor":32,"key":"SMITH"},{"data":"Seeing Red","floor":40,"key":"SMITH"}],"circlet_count":0,"master_deck":["AscendersBane","Shrug It Off","Sword Boomerang+1","Thunderclap","Shrug It Off","Pommel Strike+1","Pommel Strike","Burning Pact","Flame Barrier+1","Limit Break+1","Sentinel","Demon Form+1","Seeing Red+1","Flex","Armaments+1","Feel No Pain","Reaper+1","Warcry","Headbutt","Double Tap+1"],"relics":["Burning Blood","NeowsBlessing","Torii","Mango","Meat on the Bone","Red Skull","Pandora\u0027s Box","Tiny Chest","Ice Cream","Toxic Egg 2","Empty Cage","Bag of Marbles"],"acts_visited":["Exordium","TheCity","TheBeyond"],"potions_floor_usage":[12,12,24,25,28,33,41,41],"damage_taken":[{"damage":0,"enemies":"Jaw Worm","floor":1,"turns":1},{"damage":0,"enemies":"Cultist","floor":4,"turns":1},{"damage":0,"enemies":"2 Louse","floor":7,"turns":1},{"damage":28,"enemies":"Gremlin Nob","floor":8,"turns":4},{"damage":1,"enemies":"Blue Slaver","floor":10,"turns":5},{"damage":22,"enemies":"3 Sentries","floor":12,"turns":6},{"damage":9,"enemies":"Red Slaver","floor":13,"turns":3},{"damage":27,"enemies":"Lagavulin","floor":14,"turns":5},{"damage":10,"enemies":"The Guardian","floor":16,"turns":15},{"damage":13,"enemies":"Spheric Guardian","floor":18,"turns":4},{"damage":28,"enemies":"Shell Parasite","floor":19,"turns":5},{"damage":37,"enemies":"Snake Plant","floor":21,"turns":5},{"damage":59,"enemies":"Centurion and Healer","floor":22,"turns":7},{"damage":37,"enemies":"Shelled Parasite and Fungi","floor":24,"turns":5},{"damage":80,"enemies":"Slavers","floor":25,"turns":7},{"damage":21,"enemies":"Chosen and Byrds","floor":28,"turns":5},{"damage":9,"enemies":"Book of Stabbing","floor":29,"turns":3},{"damage":41,"enemies":"Automaton","floor":33,"turns":6},{"damage":79,"enemies":"3 Darklings","floor":35,"turns":4},{"damage":44,"enemies":"3 Shapes","floor":38,"turns":8},{"damage":130,"enemies":"Nemesis","floor":41,"turns":12}],"seed_played":"6188889466805848365","potions_obtained":[{"floor":1,"key":"Energy Potion"},{"floor":8,"key":"Swift Potion"},{"floor":21,"key":"GamblersBrew"},{"floor":24,"key":"SkillPotion"},{"floor":25,"key":"Swift Potion"},{"floor":28,"key":"Swift Potion"},{"floor":35,"key":"Regen Potion"},{"floor":38,"key":"SpeedPotion"}],"is_trial":false,"path_per_floor":["M","?","?","M","$","R","M","E","T","M","R","E","M","E","R","B",null,"M","M","$","M","M","R","M","E","T","R","M","E","R","?","R","B",null,"M","?","$","M","T","R","E"],"character_chosen":"IRONCLAD","items_purchased":["Thunderclap","Feel No Pain","Reaper"],"campfire_rested":1,"item_purchase_floors":[5,20,20],"current_hp_per_floor":[74,67,67,73,73,73,75,53,67,72,72,56,53,44,44,52,80,73,51,51,37,35,35,37,20,20,46,43,52,52,70,70,47,79,62,99,99,73,73,73,0,0],"gold":173,"neow_bonus":"THREE_ENEMY_KILL","is_daily":false,"chose_seed":false,"campfire_upgraded":7,"win_rate":0.0,"timestamp":1611437917,"path_taken":["M","?","?","M","$","R","M","E","T","M","R","E","?","E","R","BOSS","M","?","$","M","M","R","M","E","T","R","M","E","R","?","R","BOSS","M","?","$","?","?","R","E"],"items_purchased_type":["Card","Card","Card"],"build_version":"2020-12-22","purchased_purges":2,"victory":false,"max_hp_per_floor":[75,75,75,75,75,75,75,75,89,89,89,89,89,89,89,89,89,89,89,89,89,89,89,89,89,89,89,89,89,89,89,89,89,89,89,99,99,99,99,99,99,99],"card_choices":[{"not_picked":["Entrench","Havoc"],"picked":"Shrug It Off","floor":1},{"not_picked":["Perfected Strike","Headbutt"],"picked":"Sword Boomerang","floor":4},{"not_picked":["Twin Strike","Dual Wield","Anger"],"picked":"SKIP","floor":7},{"not_picked":["Heavy Blade","Brutality"],"picked":"Shrug It Off","floor":8},{"not_picked":["Thunderclap","Shrug It Off"],"picked":"Pommel Strike","floor":10},{"not_picked":["Iron Wave","Wild Strike"],"picked":"Pommel Strike","floor":12},{"not_picked":["Havoc","True Grit"],"picked":"Burning Pact","floor":13},{"not_picked":["Power Through","Inflame"],"picked":"Flame Barrier","floor":14},{"not_picked":["Exhume","Reaper"],"picked":"Limit Break","floor":16},{"not_picked":["Shockwave","Cleave"],"picked":"Armaments+1","floor":18},{"not_picked":["Clothesline","Havoc","Rupture"],"picked":"SKIP","floor":19},{"not_picked":["Perfected Strike","Sword Boomerang"],"picked":"Warcry","floor":21},{"not_picked":["Pommel Strike","Perfected Strike","Sword Boomerang"],"picked":"SKIP","floor":22},{"not_picked":["Thunderclap","Uppercut","Fire Breathing+1"],"picked":"SKIP","floor":24},{"not_picked":["Metallicize","Seeing Red"],"picked":"Headbutt","floor":25},{"not_picked":["Feel No Pain","Flex","Combust"],"picked":"SKIP","floor":28},{"not_picked":["Sever Soul","Pommel Strike","Spot Weakness+1"],"picked":"SKIP","floor":29},{"not_picked":["Offering+1","Feed"],"picked":"Double Tap+1","floor":33},{"not_picked":["Thunderclap","Headbutt","Bloodletting+1"],"picked":"SKIP","floor":35},{"not_picked":["Thunderclap","Twin Strike","Anger"],"picked":"SKIP","floor":38}],"player_experience":1309447,"relics_obtained":[{"floor":8,"key":"Torii"},{"floor":9,"key":"Mango"},{"floor":12,"key":"Meat on the Bone"},{"floor":14,"key":"Red Skull"},{"floor":25,"key":"Tiny Chest"},{"floor":26,"key":"Ice Cream"},{"floor":29,"key":"Toxic Egg 2"},{"floor":39,"key":"Bag of Marbles"}],"event_choices":[{"cards_removed":["Defend_R"],"damage_healed":0,"gold_gain":0,"player_choice":"Card Removal","damage_taken":7,"max_hp_gain":0,"max_hp_loss":0,"event_name":"Golden Wing","floor":2,"gold_loss":0},{"damage_healed":0,"gold_gain":0,"cards_transformed":["Strike_R"],"player_choice":"Transformed","damage_taken":0,"max_hp_gain":0,"max_hp_loss":0,"event_name":"Transmorgrifier","floor":3,"gold_loss":0,"cards_obtained":["Reckless Charge"]},{"damage_healed":18,"gold_gain":0,"player_choice":"Heal","damage_taken":0,"max_hp_gain":0,"max_hp_loss":0,"event_name":"The Library","floor":31,"gold_loss":0},{"cards_removed":["Limit Break"],"damage_healed":27,"gold_gain":0,"player_choice":"Offered Rare","damage_taken":0,"max_hp_gain":10,"max_hp_loss":0,"event_name":"Bonfire Elementals","floor":36,"gold_loss":0}],"is_beta":false,"boss_relics":[{"not_picked":["Runic Dome","SlaversCollar"],"picked":"Pandora\u0027s Box"},{"not_picked":["Black Blood","SacredBark"],"picked":"Empty Cage"}],"items_purged_floors":[20,37],"is_endless":false,"potions_floor_spawned":[1,8,10,21,24,25,28,35,38],"killed_by":"Nemesis","ascension_level":19}}