{"host":"36t3qd3wjvajtu1z","time":1611363422,"event":{"mods":["AchievementEnabler","BaseMod","Block Reminder","Colored Powertips","Minty Spire (QoL Compilation)","Permanent Neow","Quick Restart","Random Character Button","Rare Cards Sparkle","Relic Stats","Slay-I","StSLib"],"gold_per_floor":[113,132,143,143,157,157,173,209,282,432,49,74,108,127,127,223,223,236,286,304,318,318,318,318],"floor_reached":23,"language":"ENG","playtime":1006,"items_purged":["Doubt"],"score":365,"play_id":"59556522-6340-4711-93ac-8ddb28185a77","local_time":"20210122165702","is_ascension_mode":true,"campfire_choices":[{"data":"Hemokinesis","floor":6,"key":"SMITH"},{"data":"Rupture","floor":15,"key":"SMITH"}],"circlet_count":0,"master_deck":["AscendersBane","Strike_R","Strike_R","Strike_R","Strike_R","Strike_R","Defend_R","Defend_R","Defend_R","Defend_R","Bash","Anger","Searing Blow","Pummel","Injury","Hemokinesis+1","Shrug It Off","Uppercut","Shrug It Off","Armaments","Spot Weakness","Flex","Rupture+1","Limit Break","Headbutt","Power Through+1","True Grit"],"relics":["Burning Blood","Strawberry","Bloody Idol","Bag of Marbles","Letter Opener","Akabeko","Odd Mushroom","Prayer Wheel","SlaversCollar"],"acts_visited":["Exordium","TheCity"],"potions_floor_usage":[13,16,21],"damage_taken":[{"damage":5,"enemies":"Cultist","floor":1,"turns":4},{"damage":5,"enemies":"2 Louse","floor":2,"turns":2},{"damage":9,"enemies":"Jaw Worm","floor":3,"turns":3},{"damage":14,"enemies":"3 Louse","floor":5,"turns":4},{"damage":18,"enemies":"Blue Slaver","floor":7,"turns":3},{"damage":10,"enemies":"Gremlin Nob","floor":8,"turns":3},{"damage":3,"enemies":"The Mushroom Lair","floor":12,"turns":4},{"damage":6,"enemies":"Lagavulin","floor":13,"turns":3},{"damage":7,"enemies":"2 Fungi Beasts","floor":14,"turns":3},{"damage":29,"enemies":"The Guardian","floor":16,"turns":10},{"damage":3,"enemies":"Spheric Guardian","floor":18,"turns":3},{"damage":9,"enemies":"Chosen","floor":20,"turns":4},{"damage":17,"enemies":"Snake Plant","floor":21,"turns":3},{"damage":64,"enemies":"Gremlin Leader","floor":23,"turns":6}],"seed_played":"-4690174266757173514","potions_obtained":[{"floor":3,"key":"Block Potion"},{"floor":5,"key":"HeartOfIron"},{"floor":7,"key":"FearPotion"},{"floor":8,"key":"DuplicationPotion"},{"floor":18,"key":"Fire Potion"}],"is_trial":false,"path_per_floor":["M","M","M","?","M","R","M","E","T","?","$","?","E","M","R","B",null,"M","?","M","M","?","E"],"character_chosen":"IRONCLAD","items_purchased":["Akabeko","Uppercut","Shrug It Off"],"campfire_rested":0,"item_purchase_floors":[11,11,11],"current_hp_per_floor":[76,77,74,74,66,66,54,50,50,50,50,53,53,52,52,29,69,72,72,69,58,58,0,0],"gold":318,"neow_bonus":"RANDOM_COMMON_RELIC","is_daily":false,"chose_seed":false,"campfire_upgraded":2,"win_rate":0.0,"timestamp":1611363422,"path_taken":["M","M","M","?","M","R","M","E","T","?","$","?","E","M","R","BOSS","M","?","M","M","?","E"],"items_purchased_type":["Relic","Card","Card"],"build_version":"2020-12-22","purchased_purges":1,"victory":false,"max_hp_per_floor":[82,82,82,82,82,82,82,82,82,82,82,82,82,82,82,82,82,82,82,82,82,82,82,82],"relic_stats":{"counters":[14,55],"Bloody Idol":0,"Prayer Wheel":4,"Letter Opener":[10],"obtain_stats":[{"SlaversCollar":17,"Golden Idol":4,"Strawberry":0,"Bloody Idol":22,"Prayer Wheel":13,"Bag of Marbles":8,"Letter Opener":9,"Odd Mushroom":12,"Burning Blood":0,"Akabeko":11},{"SlaversCollar":10,"Golden Idol":3,"Strawberry":0,"Bloody Idol":13,"Prayer Wheel":8,"Bag of Marbles":6,"Letter Opener":6,"Odd Mushroom":7,"Burning Blood":0,"Akabeko":6},{"SlaversCollar":39,"Golden Idol":9,"Strawberry":0,"Bloody Idol":49,"Prayer Wheel":26,"Bag of Marbles":19,"Letter Opener":19,"Odd Mushroom":23,"Burning Blood":0,"Akabeko":19}],"Burning Blood":78},"card_choices":[{"not_picked":["Twin Strike","Combust"],"picked":"Anger","floor":1},{"not_picked":["Armaments","Cleave"],"picked":"Searing Blow","floor":2},{"not_picked":["Dual Wield","Body Slam"],"picked":"Pummel","floor":3},{"not_picked":["Flame Barrier","Rage"],"picked":"Hemokinesis","floor":5},{"not_picked":["Sever Soul","Iron Wave"],"picked":"Shrug It Off","floor":7},{"not_picked":["Rampage","Dual Wield","Body Slam"],"picked":"SKIP","floor":8},{"not_picked":["Perfected Strike","Twin Strike"],"picked":"Armaments","floor":12},{"not_picked":["Wild Strike","Iron Wave"],"picked":"Spot Weakness","floor":13},{"not_picked":["Thunderclap","Clash"],"picked":"Flex","floor":14},{"not_picked":["Ghostly Armor","Whirlwind"],"picked":"Rupture","floor":14},{"not_picked":["Barricade","Exhume"],"picked":"Limit Break","floor":16},{"not_picked":["Entrench","Carnage"],"picked":"Headbutt","floor":18},{"not_picked":["Havoc","Body Slam","Shockwave"],"picked":"SKIP","floor":18},{"not_picked":["Wild Strike","Body Slam"],"picked":"Power Through+1","floor":20},{"not_picked":["Warcry","Uppercut+1","Reckless Charge"],"picked":"SKIP","floor":20},{"not_picked":["Double Tap","Shrug It Off"],"picked":"True Grit","floor":21},{"not_picked":["Armaments","Pommel Strike","Rage"],"picked":"SKIP","floor":21}],"player_experience":360882,"relics_obtained":[{"floor":8,"key":"Bag of Marbles"},{"floor":9,"key":"Letter Opener"},{"floor":12,"key":"Odd Mushroom"},{"floor":13,"key":"Prayer Wheel"}],"event_choices":[{"damage_healed":0,"gold_gain":0,"player_choice":"Take Wound","damage_taken":0,"relics_obtained":["Golden Idol"],"max_hp_gain":0,"max_hp_loss":0,"event_name":"Golden Idol","floor":4,"gold_loss":0,"cards_obtained":["Injury"]},{"damage_healed":0,"gold_gain":150,"player_choice":"AGREE","damage_taken":0,"max_hp_gain":0,"max_hp_loss":0,"event_name":"Liars Game","floor":10,"gold_loss":0,"cards_obtained":["Doubt"]},{"damage_healed":0,"gold_gain":0,"player_choice":"Fought Mushrooms","damage_taken":0,"max_hp_gain":0,"max_hp_loss":0,"event_name":"Mushrooms","floor":12,"gold_loss":0},{"damage_healed":0,"gold_gain":50,"player_choice":"Stole From Cult","damage_taken":0,"max_hp_gain":0,"max_hp_loss":0,"event_name":"Nest","floor":19,"gold_loss":0},{"damage_healed":0,"gold_gain":0,"player_choice":"Gave Idol","damage_taken":0,"relics_obtained":["Bloody Idol"],"max_hp_gain":0,"max_hp_loss":0,"event_name":"Forgotten Altar","floor":22,"relics_lost":["Golden Idol"],"gold_loss":0}],"is_beta":false,"boss_relics":[{"not_picked":["Runic Cube","Runic Dome"],"picked":"SlaversCollar"}],"items_purged_floors":[11],"is_endless":false,"potions_floor_spawned":[3,5,7,8,18],"killed_by":"Gremlin Leader","ascension_level":16}}