{"host":"1v40mr5lzhkzagea","time":1611398651,"event":{"mods":["BaseMod","Hunter 猎人","Minty Spire (QoL Compilation)","Replay The Spire","Robot Space Explorer","Spicy Shops","StSLib","TestMod","The Construct","The Marked","[IsaacMod]以撒尖塔"],"gold_per_floor":[114,114,114,128,23,23,44,9,9,45,68,68,93,118,118,238,238,252,177,240,256,269,269,269,269,269,269,269,284,284,36,36,140,140,157,172,28,48,61,61,61,61,61,81,101,134,149,149,149,149],"floor_reached":51,"language":"ZHS","playtime":2148,"items_purged":[],"score":579,"play_id":"3abd609d-2f90-4668-bcb5-e821328a66cd","local_time":"20210123184411","is_ascension_mode":false,"campfire_choices":[{"data":"theMarked:HeritageOfTheMarked","floor":6,"key":"SMITH"},{"floor":12,"key":"REST"},{"floor":15,"key":"REST"},{"floor":23,"key":"REST"},{"data":"theMarked:Abjuration","floor":25,"key":"SMITH"},{"data":"theMarked:WardOff","floor":27,"key":"SMITH"},{"floor":32,"key":"REST"},{"data":"testmod-AssimilatedRune","floor":40,"key":"SMITH"},{"floor":42,"key":"REST"},{"data":"theMarked:BanishingStrike","floor":49,"key":"SMITH"}],"circlet_count":0,"master_deck":["theMarked:Strike","theMarked:Strike","theMarked:Strike","theMarked:Defend","theMarked:Defend+1","theMarked:Defend","theMarked:Defend","theMarked:SoldierOfQuellstein","BloodyBrimstone","Injury","theMarked:EmpowerWeapon","theMarked:HeritageOfTheMarked+1","theMarked:Static","theMarked:TwofoldDefense+1","theMarked:WardOff+1","theMarked:BanishingStrike+1","theMarked:Abjuration+1","theMarked:WastefulDefense","theMarked:GodGivenPower+1","theMarked:ReduceFriction","theMarked:ElectricStrings","theMarked:DispelDoubt","theMarked:Improvise","theMarked:EternalStudent","testmod-AssimilatedRune+1","theMarked:TurnInvisible","theMarked:Aftermath","theMarked:WardOff+1","theMarked:PowerFlow","theMarked:TwofoldDefense","theMarked:Static+1","theMarked:TwofoldDefense+1","Metallicize","theMarked:EmpowerWeapon+1","theMarked:Parkour"],"relics":["theMarked:ArtifactOfAir","testmod-TestBox","HushsDoor","BookofShadows","testmod-LifeArmor","testmod-OneHitWonder","Bloody Idol","Bird Faced Urn","testmod-HeartOfDaVinci","BookOfRevelations","Philosopher\u0027s Stone","Matryoshka","War Paint","Ornamental Fan","Bronze Scales","testmod-TurbochargingSystem","MagicMushroom","Sling","Replay:Mystery Machine","testmod-FatalChain","ReplayTheSpireMod:Spearhead","testmod-Alchemist"],"acts_visited":["Exordium","TheCity","TheBeyond"],"potions_floor_usage":[16,29,33,33,38,50,50],"damage_taken":[{"damage":4,"enemies":"2 Louse","floor":1,"turns":3},{"damage":5,"enemies":"Small Slimes","floor":4,"turns":3},{"damage":14,"enemies":"Jaw Worm","floor":7,"turns":4},{"damage":32,"enemies":"Gremlin Nob","floor":10,"turns":4},{"damage":0,"enemies":"Gremlin Gang","floor":11,"turns":1},{"damage":15,"enemies":"2 Fungi Beasts","floor":13,"turns":4},{"damage":7,"enemies":"Blue Slaver","floor":14,"turns":4},{"damage":6,"enemies":"Slime Boss","floor":16,"turns":7},{"damage":6,"enemies":"2 Thieves","floor":18,"turns":3},{"damage":13,"enemies":"Hiden Room Battle","floor":20,"turns":6},{"damage":1,"enemies":"Chosen","floor":21,"turns":4},{"damage":11,"enemies":"Centurion and Healer","floor":22,"turns":4},{"damage":19,"enemies":"Shelled Parasite and Fungi","floor":29,"turns":5},{"damage":32,"enemies":"Collector","floor":33,"turns":6},{"damage":0,"enemies":"3 Darklings","floor":35,"turns":3},{"damage":0,"enemies":"Orb Walker","floor":36,"turns":2},{"damage":15,"enemies":"Jaw Worm Horde","floor":38,"turns":5},{"damage":22,"enemies":"4 Shapes","floor":39,"turns":5},{"damage":1,"enemies":"Maw","floor":44,"turns":6},{"damage":13,"enemies":"Spire Growth","floor":45,"turns":5},{"damage":10,"enemies":"Giant Head","floor":46,"turns":8},{"damage":8,"enemies":"Writhing Mass","floor":47,"turns":4},{"damage":39,"enemies":"Replay:Hell Engine","floor":50,"turns":11}],"seed_played":"-307843701136844230","potions_obtained":[{"floor":7,"key":"BlessingOfTheForge"},{"floor":13,"key":"EssenceOfSteel"},{"floor":16,"key":"FearPotion"},{"floor":20,"key":"CultistPotion"},{"floor":35,"key":"SkillPotion"},{"floor":44,"key":"SteroidPotion"},{"floor":46,"key":"CultistPotion"}],"is_trial":false,"path_per_floor":["M","?","?","M","$","R","M","?","T","E","M","R","M","M","R","B",null,"M","?","?","M","M","R","?","R","T","R","?","M","?","$","R","B",null,"M","M","$","M","M","R","?","R","T","M","M","E","M","T","R","B",null],"character_chosen":"THE_DEFAULT","items_purchased":["theMarked:HeritageOfTheMarked","testmod-AssimilatedRune","testmod-TurbochargingSystem","Sling"],"campfire_rested":5,"item_purchase_floors":[5,31,31,37],"current_hp_per_floor":[66,66,66,61,61,61,49,66,66,34,34,53,38,33,52,48,61,55,55,44,45,38,56,56,56,56,56,56,44,44,44,58,31,62,62,62,62,54,40,40,40,58,58,62,54,54,56,56,56,17],"gold":149,"neow_bonus":"RANDOM_COMMON_RELIC","is_daily":false,"chose_seed":false,"campfire_upgraded":5,"win_rate":0.0,"timestamp":1611398651,"path_taken":["M","?","?","M","$","R","?","?","T","E","M","R","M","?","R","BOSS","M","?","?","M","M","R","?","R","T","R","?","M","?","$","R","BOSS","M","M","$","M","M","R","?","R","T","M","M","E","M","?","R","BOSS"],"items_purchased_type":["Card","Card","Relic","Relic"],"build_version":"2020-12-22","purchased_purges":0,"victory":true,"max_hp_per_floor":[70,70,70,70,70,70,70,70,70,67,64,64,64,64,64,61,61,61,61,61,61,61,61,61,61,61,61,61,58,58,58,58,55,62,62,62,62,62,62,62,62,62,62,62,62,59,59,59,59,56],"card_choices":[{"not_picked":[],"picked":"BloodyBrimstone","floor":0},{"not_picked":["theMarked:AttractMetal","theMarked:SwordAndMagic"],"picked":"Bomb","floor":1},{"not_picked":["Bomb","theMarked:HeightenedSenses"],"picked":"theMarked:EmpowerWeapon","floor":4},{"not_picked":["theMarked:Overthink","theMarked:WastefulAttack"],"picked":"theMarked:Static","floor":7},{"not_picked":["theMarked:TakeCover","theMarked:MysticalArsenal"],"picked":"theMarked:TwofoldDefense","floor":10},{"not_picked":["theMarked:ParalyzingBlade","theMarked:WastefulDefense"],"picked":"theMarked:WardOff","floor":11},{"not_picked":["theMarked:DeterminationOfTheMarked","theMarked:WastefulDefense"],"picked":"theMarked:BanishingStrike","floor":13},{"not_picked":["theMarked:Parkour","theMarked:WastefulDefense"],"picked":"Bomb","floor":14},{"not_picked":["theMarked:Challenge","theMarked:DispelDoubt"],"picked":"theMarked:Abjuration","floor":16},{"not_picked":["theMarked:Frustration","theMarked:ElementalBlade"],"picked":"theMarked:WastefulDefense","floor":18},{"not_picked":["theMarked:CreepingChasm+1","theMarked:ChainLightning"],"picked":"theMarked:GodGivenPower+1","floor":20},{"not_picked":["theMarked:RepellingDischarge+1","theMarked:Frustration"],"picked":"theMarked:ReduceFriction","floor":21},{"not_picked":["theMarked:WastefulAttack","theMarked:ParalyzingBlade"],"picked":"theMarked:ElectricStrings","floor":22},{"not_picked":["theMarked:ElectricStrings","theMarked:EmpowerWeapon"],"picked":"theMarked:DispelDoubt","floor":29},{"not_picked":["theMarked:Challenge","theMarked:FavorableWinds"],"picked":"theMarked:TurnInvisible","floor":33},{"not_picked":["theMarked:Parkour","theMarked:WastefulAttack+1"],"picked":"theMarked:Aftermath","floor":35},{"not_picked":["theMarked:HeightenedSenses+1","theMarked:WastefulDefense+1"],"picked":"theMarked:WardOff+1","floor":36},{"not_picked":["theMarked:WardOff+1","theMarked:EnhanceMovement"],"picked":"theMarked:PowerFlow","floor":38},{"not_picked":["theMarked:PowerFlow","theMarked:ElectricStrings+1"],"picked":"theMarked:TwofoldDefense","floor":39},{"not_picked":["theMarked:Parkour","theMarked:EnhanceMovement+1"],"picked":"theMarked:Static+1","floor":44},{"not_picked":["theMarked:SoldierForm","theMarked:Aftermath"],"picked":"theMarked:TwofoldDefense+1","floor":45},{"not_picked":["theMarked:WastefulAttack","theMarked:Static"],"picked":"theMarked:EmpowerWeapon+1","floor":46},{"not_picked":["theMarked:PowerFlow","theMarked:RepellingDischarge"],"picked":"theMarked:Parkour","floor":47}],"player_experience":64331,"relics_obtained":[{"floor":9,"key":"testmod-HeartOfDaVinci"},{"floor":10,"key":"BookOfRevelations"},{"floor":20,"key":"Matryoshka"},{"floor":20,"key":"War Paint"},{"floor":26,"key":"Ornamental Fan"},{"floor":26,"key":"Bronze Scales"},{"floor":43,"key":"Replay:Mystery Machine"},{"floor":43,"key":"testmod-FatalChain"},{"floor":46,"key":"ReplayTheSpireMod:Spearhead"},{"floor":48,"key":"testmod-Alchemist"}],"event_choices":[{"damage_healed":0,"gold_gain":0,"player_choice":"Take Wound","damage_taken":0,"relics_obtained":["Golden Idol"],"max_hp_gain":0,"max_hp_loss":0,"event_name":"Golden Idol","floor":2,"gold_loss":0,"cards_obtained":["Injury"]},{"damage_healed":0,"gold_gain":0,"player_choice":"Box","damage_taken":0,"relics_obtained":["Bird Faced Urn"],"max_hp_gain":0,"max_hp_loss":0,"event_name":"Big Fish","floor":3,"gold_loss":0,"cards_obtained":["Regret"]},{"damage_healed":17,"gold_gain":0,"player_choice":"Healed","damage_taken":0,"max_hp_gain":0,"max_hp_loss":0,"event_name":"The Cleric","floor":8,"gold_loss":35},{"cards_removed":["Regret"],"damage_healed":0,"gold_gain":0,"player_choice":"Gave Gold","damage_taken":0,"max_hp_gain":0,"max_hp_loss":0,"event_name":"Beggar","floor":19,"gold_loss":75},{"damage_healed":0,"gold_gain":0,"player_choice":"Fight","damage_taken":0,"max_hp_gain":0,"max_hp_loss":0,"event_name":"HidenRoomEvent","floor":20,"gold_loss":0},{"damage_healed":0,"gold_gain":0,"player_choice":"Gave Idol","damage_taken":0,"relics_obtained":["Bloody Idol"],"max_hp_gain":0,"max_hp_loss":0,"event_name":"Forgotten Altar","floor":24,"relics_lost":["Golden Idol"],"gold_loss":0},{"damage_healed":0,"gold_gain":0,"player_choice":"Ignored","damage_taken":0,"max_hp_gain":0,"max_hp_loss":0,"event_name":"Vampires","floor":28,"gold_loss":0},{"damage_healed":0,"gold_gain":0,"cards_transformed":["theMarked:Strike","theMarked:Strike"],"player_choice":"Became Test Subject","damage_taken":0,"max_hp_gain":0,"max_hp_loss":0,"event_name":"Drug Dealer","floor":30,"gold_loss":0,"cards_obtained":["theMarked:Improvise","theMarked:EternalStudent"]},{"damage_healed":0,"gold_gain":0,"player_choice":"Ignored","damage_taken":0,"max_hp_gain":0,"max_hp_loss":0,"event_name":"给自己的盒子","floor":41,"gold_loss":0}],"is_beta":false,"boss_relics":[{"not_picked":["Snecko Eye","theMarked:Eyepatch"],"picked":"Philosopher\u0027s Stone"},{"not_picked":[]},{"not_picked":["testmod-EnergyCheck","Runic Cube"],"picked":"MagicMushroom"},{"not_picked":[]}],"items_purged_floors":[],"is_endless":false,"potions_floor_spawned":[7,13,16,20,35,44,46],"ascension_level":0}}