{"host":"8f5cu9y0fpol72qs","time":1611439339,"event":{"mods":["AlwaysNeverKeys","BaseMod","Colored Map","Colored Powertips","Curses Come First","Highlight Path","Key Reminder","Minty Spire (QoL Compilation)","StSLib"],"gold_per_floor":[119,131,101,26,40,40,40,70,70,2,13,13,13],"floor_reached":12,"language":"ENG","playtime":472,"items_purged":["Strike_P"],"score":137,"play_id":"259605d7-439d-40ee-8f96-feff4ade107b","local_time":"20210123140219","is_ascension_mode":true,"campfire_choices":[{"data":"Eruption","floor":6.0,"key":"SMITH"}],"circlet_count":0,"master_deck":["AscendersBane","Strike_P","Strike_P","Strike_P","Defend_P","Defend_P","Defend_P","Defend_P","Eruption+1","Vigilance","BowlingBash","ClearTheMind","EmptyFist","Decay","Wireheading","Meditate"],"relics":["PureWater","Pantograph","Ancient Tea Set"],"acts_visited":["Exordium"],"potions_floor_usage":[8,12],"damage_taken":[{"damage":0.0,"enemies":"Small Slimes","floor":1.0,"turns":3.0},{"damage":3.0,"enemies":"Cultist","floor":2.0,"turns":4.0},{"damage":2.0,"enemies":"Jaw Worm","floor":5.0,"turns":4.0},{"damage":29,"enemies":"Lagavulin","floor":8,"turns":6},{"damage":3,"enemies":"Blue Slaver","floor":11,"turns":3},{"damage":18,"enemies":"Gremlin Nob","floor":12,"turns":3}],"seed_played":"-4664755404064090685","potions_obtained":[{"floor":3.0,"key":"LiquidMemories"},{"floor":3.0,"key":"CultistPotion"},{"floor":8,"key":"Block Potion"}],"is_trial":false,"path_per_floor":["M","M","?","$","M","R","?","E","T","$","M","E"],"character_chosen":"WATCHER","items_purchased":["Wireheading"],"campfire_rested":0,"item_purchase_floors":[10],"current_hp_per_floor":[61,58,58,58,56,56,56,27,27,27,24,6,6],"gold":13,"neow_bonus":"THREE_CARDS","is_daily":false,"chose_seed":false,"campfire_upgraded":1,"win_rate":0.0,"timestamp":1611439339,"path_taken":["M","M","?","?","?","R","?","E","T","?","M","E"],"items_purchased_type":["Card"],"build_version":"2020-12-22","purchased_purges":1,"victory":false,"max_hp_per_floor":[68,68,68,68,68,68,68,68,68,68,68,68,68],"card_choices":[{"not_picked":["Evaluate","FearNoEvil"],"picked":"BowlingBash","floor":0.0},{"not_picked":["ThirdEye","Nirvana"],"picked":"ClearTheMind","floor":1.0},{"not_picked":["BowlingBash","Halt","Vengeance"],"picked":"SKIP","floor":2.0},{"not_picked":["Consecrate","MentalFortress"],"picked":"EmptyFist","floor":5.0},{"not_picked":["WindmillStrike","Vengeance","Pray"],"picked":"SKIP","floor":8},{"not_picked":["BowlingBash","EmptyBody"],"picked":"Meditate","floor":11}],"player_experience":880260,"relics_obtained":[{"floor":8,"key":"Pantograph"},{"floor":9,"key":"Ancient Tea Set"}],"event_choices":[{"damage_healed":0.0,"max_hp_gain":0.0,"max_hp_loss":0.0,"gold_gain":0.0,"event_name":"The Woman in Blue","player_choice":"Bought 2 Potions","floor":3.0,"gold_loss":0.0,"damage_taken":0.0},{"damage_healed":0.0,"max_hp_gain":0.0,"max_hp_loss":0.0,"gold_gain":0.0,"event_name":"Wheel of Change","player_choice":"Cursed","floor":7.0,"gold_loss":0.0,"damage_taken":0.0,"cards_obtained":["Decay"]}],"is_beta":false,"boss_relics":[],"items_purged_floors":[4],"is_endless":false,"potions_floor_spawned":[5,8,11],"killed_by":"Gremlin Nob","ascension_level":15}}