{"host":"ig9h5mtrygw4gu9r","time":1611388364,"event":{"mods":["2.2 Compatiblity","AchievementEnabler","BaseMod","Downfall","Minty Spire (QoL Compilation)","Relic Stats","StSLib"],"gold_per_floor":[99,109,125,144,144,144,144,144,171,189,202,218,218,15,31,131,131,131,143,158,186,186,186,186,186,205,229,249,249,249,249],"floor_reached":29,"language":"ENG","playtime":2875,"items_purged":[],"score":256,"play_id":"81ec7359-e257-4fb7-bf30-894114b45e5b","local_time":"20210122235244","is_ascension_mode":false,"campfire_choices":[{"data":"hexamod:Sear","floor":1.0,"key":"SMITH"},{"data":"hexamod:GhostShield","floor":8.0,"key":"SMITH"},{"data":"hexamod:RecurringNightmare","floor":18,"key":"SMITH"},{"floor":23,"key":"REST"}],"circlet_count":0,"master_deck":["hexamod:Strike","hexamod:Strike","hexamod:Strike+1","hexamod:Strike","hexamod:Defend","hexamod:Defend","hexamod:Defend","hexamod:Defend","hexamod:Sear+1","hexamod:Float+1","hexamod:GhostShield+1","hexamod:SpectersWail","hexamod:NightmareStrike","hexamod:RecurringNightmare+1","hexamod:SpectersWail","hexamod:ThirdSeal","hexamod:Haunt","hexamod:FlamesFromBeyond","hexamod:EmpoweredFlame","hexamod:InspiringFlames","hexamod:SixthSeal","hexamod:GiftsFromTheDead","hexamod:GhostOfSpireFuture+1","hexamod:GhostLash+1","hexamod:SecondSeal","hexamod:NightmareStrike","hexamod:FlamesFromBeyond+1","downfall:Haunted","downfall:Haunted","Normality","hexamod:GiftsFromTheDead","hexamod:ThirdSeal","hexamod:Rewind","hexamod:GhostLash","hexamod:GhostShield"],"relics":["hexamod:SpiritBrand","Gambling Chip","Boot","Oddly Smooth Stone","hexamod:IceCube","Du-Vu Doll","Pantograph"],"acts_visited":["Exordium","TheCity"],"potions_floor_usage":[28,28],"damage_taken":[{"damage":0.0,"enemies":"Small Slimes","floor":2.0,"turns":3.0},{"damage":0.0,"enemies":"Jaw Worm","floor":3.0,"turns":4.0},{"damage":2.0,"enemies":"2 Louse","floor":4.0,"turns":2.0},{"damage":18.0,"enemies":"Lagavulin","floor":9.0,"turns":4.0},{"damage":2.0,"enemies":"Blue Slaver","floor":10.0,"turns":3.0},{"damage":0.0,"enemies":"2 Fungi Beasts","floor":11.0,"turns":2.0},{"damage":9.0,"enemies":"Large Slime","floor":12.0,"turns":5.0},{"damage":0.0,"enemies":"downfall:FleeingMerchant","floor":14.0,"turns":4.0},{"damage":0.0,"enemies":"Red Slaver","floor":15.0,"turns":3.0},{"damage":25.0,"enemies":"SI_SHIV_ARCHETYPE","floor":16.0,"turns":10.0},{"damage":5,"enemies":"Spheric Guardian","floor":19,"turns":4},{"damage":40,"enemies":"Snecko","floor":20,"turns":6},{"damage":3,"enemies":"Shelled Parasite and Fungi","floor":21,"turns":4},{"damage":25,"enemies":"Snake Plant","floor":26,"turns":4},{"damage":16,"enemies":"Snecko","floor":27,"turns":4},{"damage":6,"enemies":"3 Cultists","floor":28,"turns":3},{"damage":9,"enemies":"downfall:FleeingMerchant","floor":29,"turns":2}],"seed_played":"-1793408994621166961","potions_obtained":[{"floor":3.0,"key":"FearPotion"},{"floor":9.0,"key":"hexamod:DoubleChargePotion"},{"floor":15.0,"key":"DuplicationPotion"},{"floor":16.0,"key":"LiquidBronze"},{"floor":27,"key":"Regen Potion"}],"is_trial":false,"path_per_floor":["R","M","M","M","?","?","T","R","E","M","M","M","?","$","M","B",null,"R","M","M","M","?","R","T","?","M","M","M","$"],"character_chosen":"THE_SPIRIT","items_purchased":["Oddly Smooth Stone","hexamod:EmpoweredFlame"],"campfire_rested":1,"item_purchase_floors":[14,14],"current_hp_per_floor":[70,70,70,68,68,68,68,68,50,48,48,39,39,39,39,14,70,70,65,25,22,22,43,43,43,18,2,8,0,0,0],"gold":249,"neow_bonus":"UPGRADE_CARD","is_daily":false,"chose_seed":false,"campfire_upgraded":3,"win_rate":0.0,"timestamp":1611388364,"path_taken":["R","M","M","M","?","?","T","R","E","M","M","M","?","?","M","BOSS","R","M","M","M","?","R","T","?","M","M","M","$"],"items_purchased_type":["Relic","Card"],"build_version":"2020-12-22","purchased_purges":0,"victory":false,"max_hp_per_floor":[70,70,70,70,70,70,70,70,70,70,70,70,70,70,70,70,70,70,70,70,70,70,70,70,70,70,70,70,70,70,70],"relic_stats":{"counters":[17,67],"Gambling Chip":[15],"Pantograph":0,"Boot":[5],"obtain_stats":[{"Du-Vu Doll":22,"downfall:BrokenWingStatue":6,"Gambling Chip":7,"Pantograph":24,"Oddly Smooth Stone":14,"Boot":9,"hexamod:SpiritBrand":0,"hexamod:IceCube":17},{"Du-Vu Doll":13,"downfall:BrokenWingStatue":3,"Gambling Chip":3,"Pantograph":13,"Oddly Smooth Stone":8,"Boot":4,"hexamod:SpiritBrand":0,"hexamod:IceCube":10},{"Du-Vu Doll":54,"downfall:BrokenWingStatue":9,"Gambling Chip":9,"Pantograph":54,"Oddly Smooth Stone":27,"Boot":13,"hexamod:SpiritBrand":0,"hexamod:IceCube":40}]},"card_choices":[{"not_picked":["hexamod:AdvancingGuard","hexamod:SecondSeal"],"picked":"hexamod:GhostShield","floor":2.0},{"not_picked":["hexamod:ThermalTransfer","hexamod:HauntingEcho"],"picked":"hexamod:SpectersWail","floor":3.0},{"not_picked":["hexamod:ThermalTransfer","hexamod:NecessarySacrifice"],"picked":"hexamod:FlamesFromBeyond","floor":4.0},{"not_picked":["hexamod:EmpoweredFlame","hexamod:SwordOfDarkness"],"picked":"hexamod:NightmareStrike","floor":9.0},{"not_picked":["hexamod:InspiringFlames","hexamod:Firestarter"],"picked":"hexamod:RecurringNightmare","floor":10.0},{"not_picked":["hexamod:HeatMetal","hexamod:InspiringFlames"],"picked":"hexamod:SpectersWail","floor":11.0},{"not_picked":["hexamod:HeatShield","hexamod:SoulSteal","hexamod:CatchUp"],"picked":"SKIP","floor":12.0},{"not_picked":["hexamod:NightmareStrike","hexamod:ThermalTransfer"],"picked":"hexamod:Haunt","floor":14.0},{"not_picked":["hexamod:BacktrackSmack","hexamod:ShieldOfDarkness"],"picked":"hexamod:FlamesFromBeyond","floor":14.0},{"not_picked":["hexamod:GhostOfSpirePast","hexamod:HauntingEcho"],"picked":"hexamod:InspiringFlames","floor":15.0},{"not_picked":["hexamod:UnlimitedPower","hexamod:TurnItUp"],"picked":"hexamod:SixthSeal","floor":16.0},{"not_picked":["hexamod:ForkedFlame","hexamod:TimeOfNeed"],"picked":"hexamod:GiftsFromTheDead","floor":16.0},{"not_picked":["hexamod:Firestarter","hexamod:AdvancingGuard"],"picked":"hexamod:GhostOfSpireFuture","floor":19},{"not_picked":["hexamod:SwordOfDarkness","hexamod:AdvancingGuard+1"],"picked":"hexamod:GhostLash","floor":19},{"not_picked":["hexamod:PowerFromBeyond","hexamod:HeatShield"],"picked":"hexamod:SecondSeal","floor":20},{"not_picked":["hexamod:AdvancingGuard","hexamod:Firestarter","hexamod:RainOfEmbers"],"picked":"SKIP","floor":20},{"not_picked":["hexamod:AdvancingGuard","hexamod:TimeOfNeed"],"picked":"hexamod:NightmareStrike","floor":21},{"not_picked":["hexamod:HauntingEcho+1","hexamod:InspiringFlames"],"picked":"hexamod:FlamesFromBeyond+1","floor":21},{"not_picked":["hexamod:Hexaguard","hexamod:FlamesFromBeyond+1"],"picked":"hexamod:ThirdSeal","floor":26},{"not_picked":["hexamod:ShieldOfDarkness","hexamod:HeatMetal+1","hexamod:RainOfEmbers"],"picked":"SKIP","floor":26},{"not_picked":["hexamod:BurningTouch","hexamod:SkipABeat"],"picked":"hexamod:Rewind","floor":27},{"not_picked":["hexamod:GhostOfSpireFuture","hexamod:Firestarter+1"],"picked":"hexamod:GhostLash","floor":27},{"not_picked":["hexamod:FastForward","hexamod:InspiringFlames+1"],"picked":"hexamod:GhostShield","floor":28}],"player_experience":364301,"relics_obtained":[{"floor":7.0,"key":"Gambling Chip"},{"floor":9.0,"key":"Boot"},{"floor":24,"key":"Pantograph"}],"event_choices":[],"is_beta":false,"boss_relics":[{"not_picked":["Calling Bell","Philosopher\u0027s Stone"],"picked":"hexamod:IceCube"}],"items_purged_floors":[],"is_endless":false,"potions_floor_spawned":[3,9,15,16,26,27],"killed_by":"downfall:FleeingMerchant","ascension_level":0}}