{"host":"mg6qqnp83j5r6p2r","time":1611376773,"event":{"mods":["BaseMod","Colored Map","Colored Powertips","Highlight Path","Minty Spire (QoL Compilation)","Rare Cards Sparkle","Relic Sorter","Relic Stats","StSLib"],"gold_per_floor":[115,125,125,125,141,169,185,217,288,304,304,304,304,1,1,120,120,141,162,87,12,35,35,55,55,55,55,74,86,46,79,79,79,79],"floor_reached":33,"language":"ENG","playtime":1115,"items_purged":["Injury"],"score":332,"play_id":"4ae6f2c9-cfeb-4316-892d-26ae7f8ed5ff","local_time":"20210122223933","is_ascension_mode":true,"campfire_choices":[{"data":"Neutralize","floor":11,"key":"SMITH"},{"floor":15,"key":"RECALL"},{"floor":23,"key":"REST"},{"floor":32,"key":"REST"}],"circlet_count":0,"master_deck":["Strike_G","Strike_G","Strike_G","Strike_G","Defend_G","Defend_G","Defend_G","Defend_G","Defend_G","Survivor","Neutralize+1","Glass Knife","Flying Knee","Noxious Fumes","Dagger Spray","Backstab","Footwork","Blur","Corpse Explosion","Masterful Stab","Flying Knee+1","Slice","Dash+1","Noxious Fumes","Caltrops+1"],"relics":["Ring of the Serpent","Bag of Marbles","Eternal Feather","Shuriken","Bloody Idol","Incense Burner","Singing Bowl","Matryoshka"],"acts_visited":["Exordium","TheCity"],"potions_floor_usage":[8,8,16,33],"damage_taken":[{"damage":2,"enemies":"2 Louse","floor":1,"turns":3},{"damage":2,"enemies":"Jaw Worm","floor":2,"turns":4},{"damage":2,"enemies":"Small Slimes","floor":5,"turns":4},{"damage":15,"enemies":"Gremlin Nob","floor":6,"turns":5},{"damage":0,"enemies":"Red Slaver","floor":7,"turns":1},{"damage":7,"enemies":"3 Sentries","floor":8,"turns":6},{"damage":0,"enemies":"Exordium Thugs","floor":10,"turns":3},{"damage":12,"enemies":"Slime Boss","floor":16,"turns":11},{"damage":25,"enemies":"Spheric Guardian","floor":18,"turns":4},{"damage":9,"enemies":"2 Thieves","floor":19,"turns":3},{"damage":39,"enemies":"Snake Plant","floor":22,"turns":5},{"damage":3,"enemies":"Centurion and Healer","floor":24,"turns":4},{"damage":5,"enemies":"Cultist and Chosen","floor":28,"turns":5},{"damage":7,"enemies":"Snake Plant","floor":29,"turns":4},{"damage":16,"enemies":"Gremlin Leader","floor":31,"turns":8},{"damage":69,"enemies":"Collector","floor":33,"turns":7}],"seed_played":"4176891851895448246","potions_obtained":[{"floor":6,"key":"Block Potion"},{"floor":7,"key":"Block Potion"},{"floor":8,"key":"Fruit Juice"},{"floor":18,"key":"Strength Potion"},{"floor":22,"key":"Swift Potion"},{"floor":28,"key":"Dexterity Potion"}],"is_trial":false,"path_per_floor":["M","M","?","T","M","E","M","E","T","M","R","?","?","$","R","B",null,"M","M","?","$","M","R","M","?","T","?","M","M","$","E","R","B"],"character_chosen":"THE_SILENT","items_purchased":["Incense Burner","Noxious Fumes"],"campfire_rested":2,"item_purchase_floors":[14,30],"current_hp_per_floor":[68,66,66,66,64,49,49,47,47,47,56,56,56,56,68,56,75,50,41,41,41,2,36,33,33,33,33,33,33,33,22,60,0,0],"gold":79,"neow_bonus":"ONE_RANDOM_RARE_CARD","is_daily":false,"chose_seed":false,"campfire_upgraded":1,"win_rate":0.0,"timestamp":1611376773,"path_taken":["M","M","?","?","M","E","M","E","T","?","R","?","?","$","R","BOSS","M","M","?","?","M","R","?","?","T","?","M","?","$","E","R","BOSS"],"items_purchased_type":["Relic","Card"],"build_version":"2020-12-22","purchased_purges":1,"victory":false,"max_hp_per_floor":[70,70,70,70,70,70,70,75,75,75,75,75,75,75,75,75,75,75,75,75,75,75,75,75,75,75,75,75,77,77,77,77,77,77],"relic_stats":{"Singing Bowl":2,"counters":[16,77],"Shuriken":[22],"Bloody Idol":15,"Eternal Feather":48,"obtain_stats":[{"Matryoshka":31,"Singing Bowl":26,"Shuriken":9,"Golden Idol":12,"Bloody Idol":25,"Eternal Feather":8,"Bag of Marbles":6,"Incense Burner":14,"Ring of the Serpent":17,"Ring of the Snake":0},{"Matryoshka":15,"Singing Bowl":12,"Shuriken":6,"Golden Idol":7,"Bloody Idol":12,"Eternal Feather":6,"Bag of Marbles":4,"Incense Burner":7,"Ring of the Serpent":8,"Ring of the Snake":0},{"Matryoshka":70,"Singing Bowl":53,"Shuriken":23,"Golden Idol":26,"Bloody Idol":53,"Eternal Feather":23,"Bag of Marbles":16,"Incense Burner":26,"Ring of the Serpent":37,"Ring of the Snake":0}]},"card_choices":[{"not_picked":["PiercingWail","Tactician"],"picked":"Flying Knee","floor":1},{"not_picked":["Expertise","Infinite Blades"],"picked":"Noxious Fumes","floor":2},{"not_picked":["Wraith Form v2","Prepared"],"picked":"Dagger Spray","floor":5},{"not_picked":["Dagger Throw","Dagger Spray"],"picked":"Backstab","floor":6},{"not_picked":["Cloak And Dagger","Underhanded Strike"],"picked":"Footwork","floor":7},{"not_picked":["Poisoned Stab","Prepared"],"picked":"Blur","floor":8},{"not_picked":["Unload","Choke","Predator"],"picked":"SKIP","floor":10},{"not_picked":["Storm of Steel","Venomology"],"picked":"Corpse Explosion","floor":16},{"not_picked":["Deadly Poison","Acrobatics"],"picked":"Masterful Stab","floor":18},{"not_picked":["Sucker Punch+1","Catalyst+1"],"picked":"Flying Knee+1","floor":19},{"not_picked":["Well Laid Plans+1","Outmaneuver+1","Dodge and Roll"],"picked":"SKIP","floor":22},{"not_picked":["Skewer+1","Escape Plan"],"picked":"Slice","floor":24},{"not_picked":["Underhanded Strike","Poisoned Stab"],"picked":"Dash+1","floor":28},{"not_picked":["Quick Slash","Prepared+1","Sucker Punch+1"],"picked":"Singing Bowl","floor":29},{"not_picked":["Grand Finale","Dodge and Roll"],"picked":"Caltrops+1","floor":31}],"player_experience":207154,"relics_obtained":[{"floor":6,"key":"Bag of Marbles"},{"floor":8,"key":"Eternal Feather"},{"floor":9,"key":"Shuriken"},{"floor":26,"key":"Singing Bowl"},{"floor":31,"key":"Matryoshka"}],"event_choices":[{"damage_healed":0,"gold_gain":0,"player_choice":"Ignored","damage_taken":0,"max_hp_gain":0,"max_hp_loss":0,"event_name":"Liars Game","floor":3,"gold_loss":0},{"damage_healed":0,"gold_gain":0,"player_choice":"Take Wound","damage_taken":0,"relics_obtained":["Golden Idol"],"max_hp_gain":0,"max_hp_loss":0,"event_name":"Golden Idol","floor":12,"gold_loss":0,"cards_obtained":["Injury"]},{"damage_healed":0,"gold_gain":0,"player_choice":"Bought 0 Potions","damage_taken":0,"max_hp_gain":0,"max_hp_loss":0,"event_name":"The Woman in Blue","floor":13,"gold_loss":0},{"cards_removed":["Strike_G"],"damage_healed":0,"gold_gain":0,"player_choice":"Gave Gold","damage_taken":0,"max_hp_gain":0,"max_hp_loss":0,"event_name":"Beggar","floor":20,"gold_loss":75},{"damage_healed":0,"gold_gain":0,"player_choice":"Gave Idol","damage_taken":0,"relics_obtained":["Bloody Idol"],"max_hp_gain":0,"max_hp_loss":0,"event_name":"Forgotten Altar","floor":25,"relics_lost":["Golden Idol"],"gold_loss":0},{"damage_healed":0,"gold_gain":0,"player_choice":"Leave","damage_taken":0,"max_hp_gain":0,"max_hp_loss":0,"event_name":"FaceTrader","floor":27,"gold_loss":0}],"is_beta":false,"boss_relics":[{"not_picked":["SacredBark","Tiny House"],"picked":"Ring of the Serpent"}],"items_purged_floors":[21],"is_endless":false,"potions_floor_spawned":[6,7,8,18,22,28],"killed_by":"Collector","ascension_level":2}}