{"host":"0t7ytk9pge2ncgeb","time":1611441965,"event":{"mods":["2.2 Compatiblity","Act Like it!","Aspiration","BaseMod","Conspire","Downfall","Googly Eyes","Hubris","Infinite Spire","Minty Spire (QoL Compilation)","Relic Stats","Shop Mod","Spicy Shops","StSLib","slay the spire mod where everything is the same but ironclad has a cowboy hat"],"gold_per_floor":[199,209,222,234,249,249,272,289,306,317,380,414,414,441,457,457,457,457],"floor_reached":16,"language":"ENG","playtime":1545,"items_purged":[],"score":108,"play_id":"90054548-4f23-4052-b192-c64c1a57febe","local_time":"20210123174605","is_ascension_mode":false,"campfire_choices":[{"data":"hexamod:Float","floor":1.0,"key":"SMITH"},{"data":"hexamod:FastForward","floor":6.0,"key":"SMITH"},{"floor":13,"key":"REST"},{"data":"hexamod:FastForward","floor":13,"key":"SMITH"}],"circlet_count":0,"master_deck":["Limit Break+1","hexamod:Strike","hexamod:Strike","hexamod:Strike","hexamod:Strike","hexamod:Defend","hexamod:Defend","hexamod:Defend","hexamod:Defend","hexamod:Sear","hexamod:Float+1","hexamod:BacktrackSmack","hexamod:FastForward+1","hexamod:FastForward+1","hexamod:InspiringFlames","hexamod:FifthSeal","hexamod:SecondSeal","hexamod:FirstSeal","hexamod:AdvancingGuard"],"relics":["hexamod:SpiritBrand","hubris:TenFootPole","infinitespire:Magic Flask","Singing Bowl"],"acts_visited":["Exordium"],"potions_floor_usage":[11,12,14,16,16,16],"damage_taken":[{"damage":1.0,"enemies":"Jaw Worm","floor":2.0,"turns":4.0},{"damage":0.0,"enemies":"conspire:RoseBush","floor":3.0,"turns":3.0},{"damage":0.0,"enemies":"2 Louse","floor":4.0,"turns":2.0},{"damage":3.0,"enemies":"conspire:2 RoseBushes","floor":5.0,"turns":6.0},{"damage":6.0,"enemies":"Lots of Slimes","floor":8.0,"turns":4.0},{"damage":8.0,"enemies":"Large Slime","floor":9.0,"turns":4.0},{"damage":6,"enemies":"Gremlin Gang","floor":10,"turns":6},{"damage":12,"enemies":"3 Sentries","floor":11,"turns":8},{"damage":8,"enemies":"Lagavulin","floor":12,"turns":7},{"damage":24,"enemies":"Exordium Thugs","floor":14,"turns":7},{"damage":8,"enemies":"3 Louse","floor":15,"turns":5},{"damage":26,"enemies":"SI_SHIV_ARCHETYPE","floor":16,"turns":11}],"seed_played":"-1762359181693523963","potions_obtained":[{"floor":2.0,"key":"SteroidPotion"},{"floor":4.0,"key":"SteroidPotion"},{"floor":10,"key":"SteroidPotion"},{"floor":11,"key":"Dexterity Potion"},{"floor":12,"key":"SpeedPotion"},{"floor":14,"key":"Dexterity Potion"}],"is_trial":false,"path_per_floor":["R","M","M","M","M","R","T","M","M","M","?","E","R","M","M","B"],"character_chosen":"THE_SPIRIT","items_purchased":[],"campfire_rested":1,"item_purchase_floors":[],"current_hp_per_floor":[70,69,69,69,66,66,66,60,52,46,34,28,49,34,26,0,0,0],"gold":457,"neow_bonus":"HUNDRED_GOLD","is_daily":false,"chose_seed":false,"campfire_upgraded":3,"win_rate":0.0,"timestamp":1611441965,"path_taken":["R","M","M","M","M","R","T","M","M","M","?","E","R","M","M","BOSS"],"items_purchased_type":[],"build_version":"2020-12-22","purchased_purges":0,"victory":false,"max_hp_per_floor":[70,70,70,70,70,70,70,70,70,70,70,72,72,74,74,74,74,74],"relic_stats":{"Singing Bowl":4,"counters":[12,67],"obtain_stats":[{"Singing Bowl":12,"hubris:TenFootPole":7,"infinitespire:Magic Flask":11,"hexamod:SpiritBrand":0},{"Singing Bowl":9,"hubris:TenFootPole":4,"infinitespire:Magic Flask":7,"hexamod:SpiritBrand":0},{"Singing Bowl":44,"hubris:TenFootPole":15,"infinitespire:Magic Flask":29,"hexamod:SpiritBrand":0}]},"card_choices":[{"not_picked":["hexamod:PowerFromBeyond","hexamod:PhantomFireball"],"picked":"hexamod:BacktrackSmack","floor":2.0},{"not_picked":["hexamod:Again","hexamod:NightmareGuise"],"picked":"hexamod:FastForward","floor":3.0},{"not_picked":["hexamod:ChargedBarrage","hexamod:HauntingEcho"],"picked":"hexamod:FastForward","floor":4.0},{"not_picked":["hexamod:HeatMetal","hexamod:ShieldOfDarkness","hexamod:NecessarySacrifice"],"picked":"SKIP","floor":5.0},{"not_picked":["hexamod:ThirdSeal","hexamod:SuperheatedStrike"],"picked":"hexamod:InspiringFlames","floor":8.0},{"not_picked":["hexamod:SpectralSpark","hexamod:NecessarySacrifice"],"picked":"hexamod:FifthSeal","floor":9.0},{"not_picked":["hexamod:SwordOfDarkness","hexamod:DynamicBlow"],"picked":"hexamod:SecondSeal","floor":10},{"not_picked":["hexamod:ThirdSeal","hexamod:SecondSeal"],"picked":"hexamod:FirstSeal","floor":12},{"not_picked":["hexamod:HeatMetal","hexamod:Firestarter","hexamod:NightmareStrike"],"picked":"Singing Bowl","floor":12},{"not_picked":["hexamod:SwordOfDarkness","hexamod:RetreatToShadows","hexamod:Again"],"picked":"Singing Bowl","floor":14},{"not_picked":["hexamod:GhostShield","hexamod:SpectralAdrenaline"],"picked":"hexamod:AdvancingGuard","floor":15}],"player_experience":326092,"relics_obtained":[{"floor":7.0,"key":"hubris:TenFootPole"},{"floor":12,"key":"Singing Bowl"}],"event_choices":[],"is_beta":false,"boss_relics":[],"items_purged_floors":[],"is_endless":false,"potions_floor_spawned":[2,4,10,11,12,14],"killed_by":"SI_SHIV_ARCHETYPE","ascension_level":0}}