{"host":"i7jfea87xc8lz16p","time":1611404066,"event":{"mods":["AchievementEnabler","BaseMod","Colored Powertips","Minty Spire (QoL Compilation)","Relic Stats"],"gold_per_floor":[114,114,129,139,154,187,187,217,217,58,73,101,137,169,181,270,282,312,41,57,57,57,57,57,57,103,103,113,142,154,167,167,240,240,251,301,320,44,62,62,91,91,91,109,66,0,30,42,42,42,42,42],"floor_reached":51,"language":"ENG","playtime":2509,"items_purged":["Pain","Strike_P","Strike_P+1"],"score":1519,"play_id":"04236e5d-416d-4f22-be12-4893994dedc9","local_time":"20210123131426","is_ascension_mode":true,"campfire_choices":[{"floor":7,"key":"REST"},{"floor":15,"key":"REST"},{"floor":23,"key":"REST"},{"data":"Eruption","floor":27,"key":"SMITH"},{"floor":32,"key":"REST"},{"data":"Adaptation","floor":40,"key":"SMITH"},{"floor":42,"key":"REST"},{"floor":49,"key":"REST"}],"circlet_count":0,"master_deck":["AscendersBane","Defend_P+1","Defend_P+1","Defend_P+1","Eruption+1","Vigilance","CarveReality","EmptyFist","CutThroughFate","Consecrate","FlurryOfBlows","ThirdEye","Wallop","JustLucky","FlurryOfBlows","Vault","Nirvana","FlurryOfBlows","ThirdEye","EmptyMind","Nirvana","ThirdEye","FlurryOfBlows","Adaptation+1","Wireheading","Weave"],"relics":["Empty Cage","WarpedTongs","Centennial Puzzle","Mercury Hourglass","Shuriken","MawBank","Odd Mushroom","Busted Crown","Membership Card","Boot","Blue Candle","Runic Pyramid","Bag of Marbles","Anchor","Damaru","Lizard Tail","Red Mask","Omamori"],"acts_visited":["Exordium","TheCity","TheBeyond"],"potions_floor_usage":[6,8,12,41],"damage_taken":[{"damage":7,"enemies":"Jaw Worm","floor":1,"turns":3},{"damage":2,"enemies":"Cultist","floor":3,"turns":2},{"damage":2,"enemies":"Small Slimes","floor":4,"turns":2},{"damage":2,"enemies":"Exordium Wildlife","floor":5,"turns":2},{"damage":31,"enemies":"Lagavulin","floor":6,"turns":4},{"damage":6,"enemies":"Gremlin Nob","floor":8,"turns":2},{"damage":9,"enemies":"3 Louse","floor":11,"turns":2},{"damage":12,"enemies":"3 Sentries","floor":12,"turns":6},{"damage":5,"enemies":"The Mushroom Lair","floor":13,"turns":2},{"damage":0,"enemies":"2 Fungi Beasts","floor":14,"turns":2},{"damage":25,"enemies":"The Guardian","floor":16,"turns":9},{"damage":9,"enemies":"3 Byrds","floor":18,"turns":3},{"damage":11,"enemies":"2 Thieves","floor":20,"turns":2},{"damage":2,"enemies":"Cultist and Chosen","floor":28,"turns":3},{"damage":0,"enemies":"Gremlin Leader","floor":29,"turns":6},{"damage":23,"enemies":"Shelled Parasite and Fungi","floor":30,"turns":5},{"damage":0,"enemies":"Chosen and Byrds","floor":31,"turns":3},{"damage":1,"enemies":"Champ","floor":33,"turns":6},{"damage":0,"enemies":"Orb Walker","floor":35,"turns":5},{"damage":12,"enemies":"3 Darklings","floor":37,"turns":2},{"damage":0,"enemies":"Transient","floor":39,"turns":7},{"damage":9,"enemies":"Nemesis","floor":41,"turns":6},{"damage":22,"enemies":"Spire Growth","floor":44,"turns":4},{"damage":9,"enemies":"Giant Head","floor":47,"turns":6},{"damage":1,"enemies":"4 Shapes","floor":48,"turns":2},{"damage":23,"enemies":"Donu and Deca","floor":50,"turns":7},{"damage":77,"enemies":"Time Eater","floor":51,"turns":9}],"seed_played":"1137311696659422633","potions_obtained":[{"floor":4,"key":"DistilledChaos"},{"floor":5,"key":"SkillPotion"},{"floor":8,"key":"Strength Potion"},{"floor":12,"key":"LiquidMemories"},{"floor":16,"key":"Block Potion"},{"floor":41,"key":"GamblersBrew"},{"floor":44,"key":"Fire Potion"}],"is_trial":false,"path_per_floor":["M","?","M","M","M","E","R","E","T","$","M","E","?","M","R","B",null,"M","$","M","?","?","R","?","?","T","R","M","E","M","M","R","B",null,"M","?","M","$","M","R","E","R","T","M","$","?","E","M","R","B","B"],"character_chosen":"WATCHER","items_purchased":["Regen Potion","Membership Card","Nirvana","FlurryOfBlows","ThirdEye","Adaptation","Bag of Marbles","Anchor","Wireheading"],"campfire_rested":6,"item_purchase_floors":[10,19,19,19,19,38,38,38,45],"current_hp_per_floor":[54,54,52,50,48,17,37,31,31,31,22,25,20,20,40,15,55,46,46,35,35,35,55,55,55,55,55,53,53,30,30,50,49,63,63,63,51,51,51,51,42,62,62,40,40,40,31,30,50,27,0,0],"gold":42,"neow_bonus":"BOSS_RELIC","is_daily":false,"chose_seed":false,"campfire_upgraded":2,"win_rate":0.0,"timestamp":1611404066,"path_taken":["M","?","M","M","M","E","R","E","T","$","?","E","?","M","R","BOSS","M","$","M","?","?","R","?","?","T","R","?","E","M","M","R","BOSS","M","?","M","$","M","R","E","R","T","M","?","?","E","M","R","BOSS","BOSS"],"items_purchased_type":["Potion","Relic","Card","Card","Card","Card","Relic","Relic","Card"],"build_version":"2020-12-22","purchased_purges":3,"victory":false,"max_hp_per_floor":[68,68,68,68,68,68,68,68,68,68,68,68,68,68,68,68,68,68,68,68,68,68,68,68,68,68,68,68,68,68,68,68,68,68,68,68,68,68,68,68,68,68,68,68,68,68,68,68,68,68,68,68],"relic_stats":{"Centennial Puzzle":[51],"Lizard Tail":34,"Busted Crown":28,"counters":[27,112],"Shuriken":[93],"Blue Candle":[1],"MawBank":84,"Boot":[65],"obtain_stats":[{"Blue Candle":29,"Damaru":41,"Omamori":47,"Odd Mushroom":13,"Empty Cage":0,"MawBank":12,"Boot":26,"WarpedTongs":2,"Mercury Hourglass":8,"Centennial Puzzle":6,"Anchor":38,"Lizard Tail":43,"Busted Crown":17,"Shuriken":9,"Bag of Marbles":38,"Red Mask":46,"Membership Card":19,"PureWater":0,"Runic Pyramid":34},{"Blue Candle":15,"Damaru":22,"Omamori":24,"Odd Mushroom":9,"Empty Cage":0,"MawBank":8,"Boot":13,"WarpedTongs":1,"Mercury Hourglass":6,"Centennial Puzzle":5,"Anchor":20,"Lizard Tail":22,"Busted Crown":11,"Shuriken":6,"Bag of Marbles":20,"Red Mask":23,"Membership Card":12,"PureWater":0,"Runic Pyramid":18},{"Blue Candle":50,"Damaru":84,"Omamori":94,"Odd Mushroom":25,"Empty Cage":0,"MawBank":23,"Boot":41,"WarpedTongs":3,"Mercury Hourglass":15,"Centennial Puzzle":13,"Anchor":71,"Lizard Tail":84,"Busted Crown":36,"Shuriken":15,"Bag of Marbles":71,"Red Mask":88,"Membership Card":39,"PureWater":0,"Runic Pyramid":64}],"WarpedTongs":[109],"Mercury Hourglass":[401]},"card_choices":[{"not_picked":["Evaluate","PathToVictory"],"picked":"CarveReality","floor":1},{"not_picked":["Prostrate","SashWhip"],"picked":"EmptyFist","floor":3},{"not_picked":["ConjureBlade","Prostrate"],"picked":"CutThroughFate","floor":4},{"not_picked":["CrushJoints","EmptyBody"],"picked":"Consecrate","floor":5},{"not_picked":["ThirdEye","Crescendo"],"picked":"FlurryOfBlows","floor":6},{"not_picked":["Blasphemy","ClearTheMind"],"picked":"ThirdEye","floor":8},{"not_picked":["ClearTheMind","Halt","Prostrate"],"picked":"SKIP","floor":11},{"not_picked":["CrushJoints","Pray"],"picked":"Wallop","floor":12},{"not_picked":["WindmillStrike","EmptyFist"],"picked":"JustLucky","floor":13},{"not_picked":["MentalFortress","EmptyFist"],"picked":"FlurryOfBlows","floor":14},{"not_picked":["Wish","SpiritShield"],"picked":"Vault","floor":16},{"not_picked":["FlyingSleeves"],"picked":"SKIP","floor":18},{"not_picked":["ClearTheMind"],"picked":"SKIP","floor":20},{"not_picked":[],"picked":"Nirvana","floor":28},{"not_picked":["Perseverance"],"picked":"SKIP","floor":29},{"not_picked":["SignatureMove+1"],"picked":"SKIP","floor":30},{"not_picked":[],"picked":"ThirdEye","floor":31},{"not_picked":[],"picked":"FlurryOfBlows","floor":35},{"not_picked":["Sanctity"],"picked":"SKIP","floor":37},{"not_picked":["InnerPeace"],"picked":"SKIP","floor":39},{"not_picked":["Sanctity"],"picked":"SKIP","floor":41},{"not_picked":["EmptyFist"],"picked":"SKIP","floor":44},{"not_picked":["Omniscience"],"picked":"SKIP","floor":47},{"not_picked":[],"picked":"Weave","floor":48}],"player_experience":1833237,"relics_obtained":[{"floor":6,"key":"Centennial Puzzle"},{"floor":8,"key":"Mercury Hourglass"},{"floor":9,"key":"Shuriken"},{"floor":12,"key":"MawBank"},{"floor":13,"key":"Odd Mushroom"},{"floor":26,"key":"Boot"},{"floor":29,"key":"Blue Candle"},{"floor":41,"key":"Damaru"},{"floor":43,"key":"Lizard Tail"},{"floor":47,"key":"Omamori"}],"event_choices":[{"damage_healed":0,"gold_gain":0,"player_choice":"Rummage","damage_taken":0,"relics_obtained":["WarpedTongs"],"max_hp_gain":0,"max_hp_loss":0,"event_name":"Accursed Blacksmith","floor":2,"gold_loss":0,"cards_obtained":["Pain"]},{"damage_healed":0,"gold_gain":0,"player_choice":"Fought Mushrooms","damage_taken":0,"max_hp_gain":0,"max_hp_loss":0,"event_name":"Mushrooms","floor":13,"gold_loss":0},{"damage_healed":0,"gold_gain":0,"player_choice":"Ignored","damage_taken":0,"max_hp_gain":0,"max_hp_loss":0,"event_name":"Ghosts","floor":21,"gold_loss":0},{"damage_healed":0,"gold_gain":0,"player_choice":"Simplicity","damage_taken":0,"max_hp_gain":0,"max_hp_loss":0,"event_name":"Back to Basics","floor":24,"gold_loss":0,"cards_upgraded":["Strike_P","Strike_P","Defend_P","Defend_P","Defend_P"]},{"damage_healed":0,"gold_gain":0,"cards_transformed":["Strike_P"],"player_choice":"Transformed","damage_taken":0,"max_hp_gain":0,"max_hp_loss":0,"event_name":"Transmorgrifier","floor":25,"gold_loss":0,"cards_obtained":["EmptyMind"]},{"damage_healed":0,"gold_gain":50,"player_choice":"Pray","damage_taken":0,"max_hp_gain":0,"max_hp_loss":0,"event_name":"Golden Shrine","floor":36,"gold_loss":0},{"damage_healed":0,"gold_gain":0,"player_choice":"Paid","damage_taken":0,"relics_obtained":["Red Mask"],"max_hp_gain":0,"max_hp_loss":0,"event_name":"Tomb of Lord Red Mask","floor":46,"gold_loss":66}],"is_beta":false,"boss_relics":[{"not_picked":["Velvet Choker","Snecko Eye"],"picked":"Busted Crown"},{"not_picked":["Cursed Key","Philosopher\u0027s Stone"],"picked":"Runic Pyramid"}],"items_purged_floors":[10,19,38],"is_endless":false,"potions_floor_spawned":[4,5,8,11,12,16,18,28,29,35,41,44,47,48],"killed_by":"Time Eater","ascension_level":20}}