{"host":"pf47v7h0307523iy","time":1611421253,"event":{"mods":["BaseMod","Minty Spire (QoL Compilation)","Relic Stats"],"gold_per_floor":[112,125,143,143,143,143,172,172,172,40,68,80,80,80],"floor_reached":13,"language":"ENG","playtime":561,"items_purged":["Strike_G"],"score":186,"play_id":"15cc5010-28fe-447a-8d29-5ce6b1ffe193","local_time":"20210123190053","is_ascension_mode":true,"campfire_choices":[{"data":"Deadly Poison","floor":6,"key":"SMITH"},{"data":"Well Laid Plans","floor":8,"key":"SMITH"}],"circlet_count":0,"master_deck":["AscendersBane","Strike_G","Strike_G","Strike_G","Defend_G","Defend_G","Defend_G","Defend_G","Defend_G","Survivor","Neutralize","Well Laid Plans+1","Masterful Stab","Deadly Poison+1","Poisoned Stab","Backflip"],"relics":["Ring of the Snake","NeowsBlessing","Darkstone Periapt","Lantern","Bottled Tornado"],"acts_visited":["Exordium"],"potions_floor_usage":[7,11],"damage_taken":[{"damage":0,"enemies":"Cultist","floor":1,"turns":1},{"damage":0,"enemies":"Small Slimes","floor":2,"turns":1},{"damage":0,"enemies":"2 Louse","floor":3,"turns":1},{"damage":19,"enemies":"Lagavulin","floor":7,"turns":6},{"damage":23,"enemies":"Gremlin Nob","floor":11,"turns":4},{"damage":0,"enemies":"Blue Slaver","floor":12,"turns":4},{"damage":12,"enemies":"3 Sentries","floor":13,"turns":7}],"seed_played":"8079983330111562210","potions_obtained":[{"floor":3,"key":"ColorlessPotion"}],"is_trial":false,"path_per_floor":["M","M","M","?","?","R","E","R","T","$","E","M","E"],"character_chosen":"THE_SILENT","items_purchased":["Poison Potion"],"campfire_rested":0,"item_purchase_floors":[10],"current_hp_per_floor":[59,59,59,52,52,52,33,33,33,33,10,10,0,0],"gold":80,"neow_bonus":"THREE_ENEMY_KILL","is_daily":false,"chose_seed":false,"campfire_upgraded":2,"win_rate":0.0,"timestamp":1611421253,"path_taken":["M","?","M","?","?","R","E","R","T","$","E","M","E"],"items_purchased_type":["Potion"],"build_version":"2020-12-22","purchased_purges":1,"victory":false,"max_hp_per_floor":[66,66,66,66,66,66,66,66,66,66,66,66,66,66],"relic_stats":{"Darkstone Periapt":0,"counters":[7,24],"obtain_stats":[{"Darkstone Periapt":7,"Lantern":9,"NeowsBlessing":0,"Bottled Tornado":11,"Ring of the Snake":0},{"Darkstone Periapt":4,"Lantern":4,"NeowsBlessing":0,"Bottled Tornado":5,"Ring of the Snake":0},{"Darkstone Periapt":9,"Lantern":9,"NeowsBlessing":0,"Bottled Tornado":13,"Ring of the Snake":0}],"Ring of the Snake":[14]},"card_choices":[{"not_picked":["Backflip","Deflect"],"picked":"Well Laid Plans","floor":1},{"not_picked":["Sucker Punch","Escape Plan"],"picked":"Masterful Stab","floor":2},{"not_picked":["Catalyst","Poisoned Stab"],"picked":"Deadly Poison","floor":3},{"not_picked":["Concentrate","Prepared","Accuracy"],"picked":"SKIP","floor":7},{"not_picked":["Dodge and Roll","Eviscerate"],"picked":"Poisoned Stab","floor":11},{"not_picked":["Concentrate","Phantasmal Killer"],"picked":"Backflip","floor":12}],"player_experience":1686264,"relics_obtained":[{"floor":7,"key":"Darkstone Periapt"},{"floor":9,"key":"Lantern"},{"floor":11,"key":"Bottled Tornado"}],"event_choices":[{"cards_removed":["Strike_G"],"damage_healed":0,"gold_gain":0,"player_choice":"Card Removal","damage_taken":7,"max_hp_gain":0,"max_hp_loss":0,"event_name":"Golden Wing","floor":4,"gold_loss":0},{"damage_healed":0,"gold_gain":0,"player_choice":"Ignored","damage_taken":0,"max_hp_gain":0,"max_hp_loss":0,"event_name":"Liars Game","floor":5,"gold_loss":0}],"is_beta":false,"boss_relics":[],"items_purged_floors":[10],"is_endless":false,"potions_floor_spawned":[3],"killed_by":"3 Sentries","ascension_level":20}}