{"host":"4bbalj7r5kimsnho","time":1611415064,"event":{"mods":["AchievementEnabler","BaseMod","Colored Powertips","Hermit","Minty Spire (QoL Compilation)","StSLib"],"gold_per_floor":[109,126,136,151,168,168,196,196,196,213,213,213,199,199,199,199,199],"floor_reached":16,"language":"ENG","playtime":761,"items_purged":[],"score":114,"play_id":"6fbc7d03-6bc2-4c39-91aa-5032bbabaf15","local_time":"20210123151744","is_ascension_mode":true,"campfire_choices":[{"data":"Hologram","floor":6,"key":"SMITH"},{"data":"Dualcast","floor":8,"key":"SMITH"},{"floor":12,"key":"REST"},{"data":"Coolheaded","floor":15,"key":"SMITH"}],"circlet_count":0,"master_deck":["Strike_B","Strike_B","Strike_B","Strike_B","Defend_B","Defend_B","Defend_B","Defend_B","Zap","Dualcast+1","Cold Snap","Hologram+1","Chill","White Noise","Gash","Coolheaded+1"],"relics":["Cracked Core","Bottled Lightning","Shuriken","Strawberry"],"acts_visited":["Exordium"],"potions_floor_usage":[16,16],"damage_taken":[{"damage":12,"enemies":"Jaw Worm","floor":1,"turns":3},{"damage":0,"enemies":"Small Slimes","floor":2,"turns":2},{"damage":0,"enemies":"Cultist","floor":3,"turns":3},{"damage":16,"enemies":"Large Slime","floor":4,"turns":7},{"damage":14,"enemies":"3 Louse","floor":5,"turns":4},{"damage":10,"enemies":"Lagavulin","floor":7,"turns":8},{"damage":13,"enemies":"Looter","floor":10,"turns":3},{"damage":12,"enemies":"Exordium Thugs","floor":13,"turns":5},{"damage":31,"enemies":"Slime Boss","floor":16,"turns":5}],"seed_played":"-8511812809606544304","potions_obtained":[{"floor":0,"key":"GamblersBrew"},{"floor":0,"key":"SneckoOil"},{"floor":0,"key":"GamblersBrew"},{"floor":4,"key":"Ancient Potion"},{"floor":7,"key":"BlessingOfTheForge"}],"is_trial":false,"path_per_floor":["M","M","M","M","M","R","E","R","T","M","?","R","M","?","R","B"],"character_chosen":"DEFECT","items_purchased":[],"campfire_rested":1,"item_purchase_floors":[],"current_hp_per_floor":[63,63,63,47,33,33,23,23,23,10,15,39,27,31,31,0,0],"gold":199,"neow_bonus":"THREE_SMALL_POTIONS","is_daily":false,"chose_seed":false,"campfire_upgraded":3,"win_rate":0.0,"timestamp":1611415064,"path_taken":["M","M","M","M","M","R","E","R","T","M","?","R","M","?","R","BOSS"],"items_purchased_type":[],"build_version":"2020-12-22","purchased_purges":0,"victory":false,"max_hp_per_floor":[75,75,75,75,75,75,75,75,75,75,80,80,80,87,87,87,87],"card_choices":[{"not_picked":["Heatsinks","Sweeping Beam"],"picked":"Cold Snap","floor":1},{"not_picked":["Redo","Genetic Algorithm"],"picked":"Hologram","floor":2},{"not_picked":["Amplify","Blizzard","Hologram"],"picked":"SKIP","floor":3},{"not_picked":["Streamline","Double Energy"],"picked":"Chill","floor":4},{"not_picked":["Beam Cell","Steam"],"picked":"White Noise","floor":5},{"not_picked":["Aggregate","Auto Shields","Streamline"],"picked":"SKIP","floor":7},{"not_picked":["Rebound","Stack"],"picked":"Gash","floor":10},{"not_picked":["Gash","Lockon"],"picked":"Coolheaded","floor":13}],"player_experience":118099,"relics_obtained":[{"floor":7,"key":"Bottled Lightning"},{"floor":9,"key":"Shuriken"}],"event_choices":[{"damage_healed":0,"gold_gain":0,"player_choice":"Donut","damage_taken":0,"max_hp_gain":5,"max_hp_loss":0,"event_name":"Big Fish","floor":11,"gold_loss":0},{"damage_healed":0,"gold_gain":0,"player_choice":"Success","damage_taken":3,"relics_obtained":["Strawberry"],"max_hp_gain":0,"max_hp_loss":0,"event_name":"Scrap Ooze","floor":14,"gold_loss":0}],"is_beta":false,"boss_relics":[],"items_purged_floors":[],"is_endless":false,"potions_floor_spawned":[4,7,10],"killed_by":"Slime Boss","ascension_level":2}}