{"host":"qmnyg5dk1o6rw6mz","time":1611393435,"event":{"mods":["100% Spire Juice","2.2 Compatiblity","AchievementEnabler","Act Like it!","Arknights The Spire","Aspiration","Astrologer","BaseMod","CapriCore","Challenge The Spire","ChefMod","Colored Map","Colored Powertips","Conjunction","Conspire","Decade(王小明)","DeckTracker","Defuse TimeMaze Blight","Disable Question Mark Monsters","Energized Spire","Friendly Minions","Gensokyo","GifTheSpireLib","Hermit","Highlight Path","HololiveMod","HornydragonMod","Hubris","Jedi Mod","Koishi","KomeijiMod","Lobotomy","LobotomyExtend","Marisa（霧雨　魔理沙）","Minty Spire (QoL Compilation)","Pale of the Ancients","Permanent Neow","Prisma Mod","Quick Restart","Reimu（博???）","Replay The Spire","Robot Space Explorer","SIMod","StSLib","The Alterego","The Bug Knight","The Cursed","The Dragon Tamer","The Gatherer","The Immortal","The Marked","The Mystic","The Poker Player","The Runesmith","The Senshi","The Showman","Unceasing Turn Reminder","WarShipGirlsR/??少女R mod","Wide Potions","Youmu（魂魄妖?）","Yuri Mod","Yuyuko","vexMod"],"gold_per_floor":[119,119,154,174,194,221,19,46,46,57,88,121,121,168,168,183,183],"floor_reached":16,"language":"ZHS","playtime":1350,"items_purged":[],"score":120,"play_id":"b9e2503c-c401-468f-8b31-d87c25b24ddf","local_time":"20210123171715","is_ascension_mode":false,"campfire_choices":[{"floor":13,"key":"REST"},{"data":"FormRideDragon","floor":15,"key":"SMITH"}],"circlet_count":0,"master_deck":["Decade_Attack","Decade_Attack","Decade_Attack","KamenRide","Decade_SpecialSkill","Decade_Defend","Decade_Defend","Decade_Defend","Decade_Defend","FormRideDragon+1","FormRideGaruru","KamenRideDecade","UnarmedAttack3","KamenRideBlade","Blade_Slash","AttackRide+1","KamenRideDenO","KamenRideRyuki","Blade_Metal","DenO_Gun","DenO_Ax"],"relics":["Decadriver","TOEIDeficitBill","NeowsBlessing","Replay:Mystery Machine","Pet Ghost","LetterFromLob","Bag of Marbles","Happy Flower","jedi:archwizardhat","Replay:Bandana","MealTicket"],"acts_visited":["Exordium"],"potions_floor_usage":[6,10,12],"damage_taken":[{"damage":0,"enemies":"Jaw Worm","floor":1,"turns":1},{"damage":0,"enemies":"conspire:MimicChest","floor":3,"turns":1},{"damage":0,"enemies":"Small Slimes","floor":4,"turns":1},{"damage":2,"enemies":"2 Louse","floor":5,"turns":2},{"damage":10,"enemies":"Lagavulin","floor":6,"turns":7},{"damage":1,"enemies":"Red Slaver","floor":10,"turns":5},{"damage":29,"enemies":"Gremlin Nob","floor":11,"turns":5},{"damage":15,"enemies":"Gremlin Gang","floor":12,"turns":3},{"damage":14,"enemies":"Lagavulin","floor":14,"turns":7},{"damage":77,"enemies":"Hexaghost","floor":16,"turns":11}],"seed_played":"1568983493188598973","potions_obtained":[{"floor":3,"key":"CalmPotion"},{"floor":4,"key":"Strength Potion"},{"floor":6,"key":"SkillPotion"},{"floor":11,"key":"Toxic Potion"}],"is_trial":false,"path_per_floor":["M","?","?","M","M","E","$","T","T","M","E","M","R","E","R","B"],"character_chosen":"Decade","items_purchased":["Bag of Marbles","AttackRide+1"],"campfire_rested":1,"item_purchase_floors":[7,7],"current_hp_per_floor":[70,63,63,63,61,51,51,51,51,50,21,6,27,42,42,0,0],"gold":183,"neow_bonus":"THREE_ENEMY_KILL","is_daily":false,"chose_seed":false,"campfire_upgraded":1,"win_rate":0.0,"timestamp":1611393435,"path_taken":["M","?","?","M","?","E","$","?","T","M","E","?","R","E","R","BOSS"],"items_purchased_type":["Relic","Card"],"build_version":"2020-12-22","purchased_purges":0,"victory":false,"max_hp_per_floor":[70,70,70,70,70,70,70,70,70,70,70,70,70,75,75,75,75],"card_choices":[{"not_picked":["Decade_Defend3","UnarmedAttack4"],"picked":"FormRideDragon","floor":1},{"not_picked":["FormRideStorm","UnarmedAttack6"],"picked":"FormRideGaruru","floor":4},{"not_picked":["UnarmedAttack7","KamenRideBlade"],"picked":"KamenRideDecade","floor":5},{"not_picked":["KamenRideKabuto","Dragreder"],"picked":"UnarmedAttack3","floor":5},{"not_picked":["DenO_Sword","Blade_Beat"],"picked":"KamenRideBlade","floor":6},{"not_picked":["RideBooker_Skill_2","DenO_Gun"],"picked":"Blade_Slash","floor":6},{"not_picked":["Hibiki_Attack1","Kabuto_ClockUp"],"picked":"KamenRideDenO","floor":10},{"not_picked":["Hibiki_Attack2","Kiva_Frozen"],"picked":"KamenRideRyuki","floor":11},{"not_picked":["FormRideGaruru","FormRideFlame"],"picked":"Blade_Metal","floor":12},{"not_picked":["FormRideGaruru","KamenRideDecade"],"picked":"DenO_Gun","floor":14},{"not_picked":["UnarmedAttack9","UnarmedAttack1"],"picked":"DenO_Ax","floor":14}],"player_experience":218658,"relics_obtained":[{"floor":3,"key":"Replay:Mystery Machine"},{"floor":6,"key":"Pet Ghost"},{"floor":6,"key":"LetterFromLob"},{"floor":8,"key":"Happy Flower"},{"floor":9,"key":"jedi:archwizardhat"},{"floor":11,"key":"Replay:Bandana"},{"floor":14,"key":"MealTicket"}],"event_choices":[{"cards_removed":["Decade_Attack"],"damage_healed":0,"gold_gain":0,"player_choice":"Card Removal","damage_taken":7,"max_hp_gain":0,"max_hp_loss":0,"event_name":"Golden Wing","floor":2,"gold_loss":0}],"is_beta":false,"boss_relics":[],"items_purged_floors":[],"is_endless":false,"potions_floor_spawned":[3,4,6,11],"killed_by":"Hexaghost","ascension_level":0}}