{"host":"ebj6lkgm8suah319","time":1611373491,"event":{"mods":["2.2 Compatiblity","AchievementEnabler","BaseMod","Block Reminder","Colored Map","Colored Powertips","Minty Spire (QoL Compilation)","Quick Restart","Rare Cards Sparkle","Relic Stats","SuperFastMode"],"gold_per_floor":[109,121,121,131,146,146,0,12,12,40,52,52,4,4,4,95,95,113,136,36,36,36,36,36],"floor_reached":23,"language":"ENG","playtime":579,"items_purged":["Strike_R"],"score":325,"play_id":"9d2017d5-2d15-4e97-a218-03e44624514e","local_time":"20210122224451","is_ascension_mode":true,"campfire_choices":[{"floor":6,"key":"REST"},{"floor":12,"key":"REST"},{"data":"Immolate","floor":15,"key":"SMITH"}],"circlet_count":0,"master_deck":["AscendersBane","Strike_R","Strike_R","Strike_R","Defend_R","Defend_R","Defend_R","Defend_R","Bash","Apotheosis","Whirlwind","Body Slam","Anger","Entrench","Battle Trance","Inflame","Immolate+1","Offering","True Grit","True Grit","Necronomicurse"],"relics":["Burning Blood","Sling","Pear","Toy Ornithopter","Golden Idol","SlaversCollar","Necronomicon"],"acts_visited":["Exordium","TheCity"],"potions_floor_usage":[10,16,23],"damage_taken":[{"damage":12,"enemies":"Small Slimes","floor":1,"turns":4},{"damage":12,"enemies":"Jaw Worm","floor":2,"turns":3},{"damage":12,"enemies":"2 Louse","floor":4,"turns":4},{"damage":13,"enemies":"Blue Slaver","floor":5,"turns":4},{"damage":3,"enemies":"Looter","floor":8,"turns":4},{"damage":32,"enemies":"Gremlin Nob","floor":10,"turns":4},{"damage":26,"enemies":"Exordium Thugs","floor":11,"turns":7},{"damage":34,"enemies":"Slime Boss","floor":16,"turns":9},{"damage":6,"enemies":"Spheric Guardian","floor":18,"turns":3},{"damage":41,"enemies":"Chosen","floor":19,"turns":5},{"damage":20,"enemies":"Gremlin Leader","floor":23,"turns":2}],"seed_played":"-6989741305896927563","potions_obtained":[{"floor":4,"key":"DuplicationPotion"},{"floor":5,"key":"Ancient Potion"},{"floor":18,"key":"ElixirPotion"}],"is_trial":false,"path_per_floor":["M","M","?","M","M","R","$","M","T","E","M","R","$","?","R","B",null,"M","M","$","?","$","E"],"character_chosen":"IRONCLAD","items_purchased":["Sling","PowerPotion","True Grit"],"campfire_rested":2,"item_purchase_floors":[7,13,20],"current_hp_per_floor":[44,38,31,25,18,40,40,43,53,27,7,32,32,32,32,9,62,62,27,27,11,11,0,0],"gold":36,"neow_bonus":"RANDOM_COLORLESS_2","is_daily":false,"chose_seed":false,"campfire_upgraded":1,"win_rate":0.0,"timestamp":1611373491,"path_taken":["M","M","?","M","M","R","$","M","T","E","M","R","$","?","R","BOSS","M","M","$","?","$","E"],"items_purchased_type":["Relic","Potion","Card"],"build_version":"2020-12-22","purchased_purges":1,"victory":false,"max_hp_per_floor":[75,75,75,75,75,75,75,75,85,85,85,85,85,79,79,79,79,79,79,79,79,79,79,79],"relic_stats":{"counters":[11,49],"Golden Idol":27,"Necronomicon":[0],"obtain_stats":[{"SlaversCollar":17,"Pear":9,"Golden Idol":14,"Necronomicon":21,"Sling":7,"Burning Blood":0,"Toy Ornithopter":10},{"SlaversCollar":8,"Pear":5,"Golden Idol":7,"Necronomicon":10,"Sling":4,"Burning Blood":0,"Toy Ornithopter":6},{"SlaversCollar":39,"Pear":19,"Golden Idol":30,"Necronomicon":47,"Sling":15,"Burning Blood":0,"Toy Ornithopter":23}],"Burning Blood":60,"Toy Ornithopter":10},"card_choices":[{"not_picked":["Violence","Metamorphosis"],"picked":"Apotheosis","floor":0},{"not_picked":["Pommel Strike","Sword Boomerang"],"picked":"Whirlwind","floor":1},{"not_picked":["Thunderclap","Searing Blow"],"picked":"Body Slam","floor":2},{"not_picked":["Second Wind","Hemokinesis"],"picked":"Anger","floor":4},{"not_picked":["Pommel Strike","Clash"],"picked":"Entrench","floor":5},{"not_picked":["Anger","Heavy Blade"],"picked":"Battle Trance","floor":8},{"not_picked":["Twin Strike","Flame Barrier"],"picked":"Inflame","floor":10},{"not_picked":["Headbutt","Hemokinesis"],"picked":"Immolate","floor":11},{"not_picked":["Barricade","Brutality"],"picked":"Offering","floor":16},{"not_picked":["Pummel","Infernal Blade","Armaments+1"],"picked":"SKIP","floor":18},{"not_picked":["Pommel Strike+1","Disarm"],"picked":"True Grit","floor":19}],"player_experience":42537,"relics_obtained":[{"floor":9,"key":"Pear"},{"floor":10,"key":"Toy Ornithopter"},{"floor":21,"key":"Necronomicon"}],"event_choices":[{"cards_removed":["Strike_R"],"damage_healed":0,"gold_gain":0,"player_choice":"Card Removal","damage_taken":7,"max_hp_gain":0,"max_hp_loss":0,"event_name":"Golden Wing","floor":3,"gold_loss":0},{"damage_healed":0,"gold_gain":0,"player_choice":"Lose Max HP","damage_taken":0,"relics_obtained":["Golden Idol"],"max_hp_gain":0,"max_hp_loss":6,"event_name":"Golden Idol","floor":14,"gold_loss":0},{"damage_healed":0,"gold_gain":0,"player_choice":"Obtained Book","damage_taken":16,"max_hp_gain":0,"max_hp_loss":0,"event_name":"Cursed Tome","floor":21,"gold_loss":0}],"is_beta":false,"boss_relics":[{"not_picked":["Black Blood","Calling Bell"],"picked":"SlaversCollar"}],"items_purged_floors":[20],"is_endless":false,"potions_floor_spawned":[4,5,18],"killed_by":"Gremlin Leader","ascension_level":14}}