{"host":"4amcrcg6ktw8dbzk","time":1611388138,"event":{"mods":["ATMod(°¢èªMod)","BaseMod","Dota2Spire","Minty Spire (QoL Compilation)","MostiFishMod","Spicy Shops","StSLib","Waifu the Spire"],"gold_per_floor":[116,116,116,191,207,207,232,851,878,913,930,950,950,787,787,861,861,878,898,898,898,898,926,926,990,1017,487,534,568,401,434,434,538,538,587,604,604,651,651,651,341,373,373,562,731,765,645,813,813,843,843,843,843,290,324,324],"floor_reached":57,"language":"ZHS","playtime":2063,"items_purged":["Strike_P","Meditate","Defend_P","Strike_P","Strike_P"],"score":3452,"play_id":"4d67acc4-755c-4cf6-9549-d407f8bceaca","local_time":"20210123154858","is_ascension_mode":true,"campfire_choices":[{"floor":6.0,"key":"REST"},{"data":"MostiFishMod:Disappear","floor":15.0,"key":"SMITH"},{"data":"Wish","floor":24,"key":"SMITH"},{"floor":32,"key":"REST"},{"data":"MostiFishMod:CyberBuddha","floor":40,"key":"SMITH"},{"floor":49,"key":"RECALL"},{"data":"MostiFishMod:LegendTransform","floor":53,"key":"SMITH"}],"circlet_count":0,"master_deck":["AscendersBane","Strike_P+1","Defend_P","Defend_P","Eruption","Vigilance","AT_FamilyPortrait","FollowUp","Protect","Evaluate","FlurryOfBlows+1","MostiFishMod:Disappear+1","InnerPeace","Prostrate","Wallop","Wish+1","MostiFishMod:LegendTransform+1","Adaptation","Tantrum","MostiFishMod:CyberBuddha+1","Devotion","TalkToTheHand","MentalFortress","MostiFishMod:PathToVictory","FearNoEvil+1","TalkToTheHand","Wallop","MostiFishMod:Speedup+1","Fasting2+1"],"relics":["PureWater","DaveBox","AT_ATBox","CombinedTypeHook","SynthV:TestCard","Dota2Spire:PowerTreads","Dota2Spire:AghanimScepter","Whetstone","Art of War","SlaversCollar","Orichalcum","Vajra","PreservedInsect","BionicSphere","Dota2Spire:LinkenSphere","Dota2Spire:Vanguard","The Courier","RhineSuit","TeardropLocket","Pear","Frozen Egg 2","Bag of Marbles","Membership Card","Dota2Spire:MagicBottle","HornCleat","Oddly Smooth Stone","Dota2Spire:PhaseBoots"],"acts_visited":["Exordium","TheCity","TheBeyond","TheEnding"],"potions_floor_usage":[56,56],"damage_taken":[{"damage":0.0,"enemies":"Small Slimes","floor":1.0,"turns":3.0},{"damage":0.0,"enemies":"2 Louse","floor":5.0,"turns":2.0},{"damage":32.0,"enemies":"3 Sentries","floor":7.0,"turns":12.0},{"damage":0.0,"enemies":"Jaw Worm","floor":8.0,"turns":1.0},{"damage":0.0,"enemies":"Gremlin Nob","floor":10.0,"turns":2.0},{"damage":0.0,"enemies":"Gremlin Gang","floor":11.0,"turns":2.0},{"damage":0.0,"enemies":"Looter","floor":12.0,"turns":2.0},{"damage":2.0,"enemies":"Hexaghost","floor":16.0,"turns":4.0},{"damage":20.0,"enemies":"Spheric Guardian","floor":18.0,"turns":5.0},{"damage":11.0,"enemies":"2 Thieves","floor":19.0,"turns":2.0},{"damage":0,"enemies":"Slavers","floor":23,"turns":2},{"damage":25,"enemies":"Gremlin Leader","floor":25,"turns":3},{"damage":0,"enemies":"Snecko","floor":28,"turns":4},{"damage":0,"enemies":"Book of Stabbing","floor":29,"turns":3},{"damage":0,"enemies":"Slavers","floor":31,"turns":3},{"damage":0,"enemies":"Champ","floor":33,"turns":7},{"damage":0,"enemies":"Orb Walker","floor":35,"turns":3},{"damage":0,"enemies":"3 Darklings","floor":36,"turns":2},{"damage":0,"enemies":"Maw","floor":38,"turns":4},{"damage":0,"enemies":"Reptomancer","floor":42,"turns":3},{"damage":0,"enemies":"Giant Head","floor":44,"turns":4},{"damage":0,"enemies":"Sphere and 2 Shapes","floor":45,"turns":6},{"damage":0,"enemies":"Nemesis","floor":46,"turns":3},{"damage":13,"enemies":"Writhing Mass","floor":48,"turns":5},{"damage":38,"enemies":"Awakened One","floor":50,"turns":6},{"damage":0,"enemies":"Donu and Deca","floor":51,"turns":6},{"damage":7,"enemies":"Shield and Spear","floor":55,"turns":8},{"damage":38,"enemies":"The Heart","floor":56,"turns":6}],"seed_played":"-6840910759451629699","potions_obtained":[{"floor":1.0,"key":"Regen Potion"},{"floor":5.0,"key":"SkillPotion"},{"floor":31,"key":"Dota2Spire:HealingSalve"},{"floor":42,"key":"Ambrosia"}],"is_trial":false,"path_per_floor":["M","?","?","?","M","R","E","M","T","E","M","M","?","$","R","B",null,"M","M","?","?","?","E","R","E","T","$","M","E","$","E","R","B",null,"M","M","?","M","?","R","$","E","T","E","M","E","$","M","R","B","B",null,"R","$","E","B",null],"character_chosen":"WATCHER","items_purchased":["Wallop","BionicSphere","Adaptation","Dota2Spire:Vanguard","TeardropLocket","Membership Card","Dota2Spire:MagicBottle","HornCleat","Oddly Smooth Stone","MostiFishMod:Speedup+1","CultistPotion"],"campfire_rested":2,"item_purchase_floors":[14,27,27,30,41,54,54,54,54,54,54],"current_hp_per_floor":[61,43,43,32,32,52,20,20,20,20,20,20,20,20,20,18,56,36,25,25,25,39,39,39,14,14,14,14,14,14,14,34,34,60,60,60,60,60,60,60,60,70,70,70,70,70,70,57,57,19,19,63,63,63,56,18],"gold":324,"neow_bonus":"THREE_CARDS","is_daily":false,"chose_seed":false,"campfire_upgraded":4,"win_rate":0.0,"timestamp":1611388138,"path_taken":["M","?","?","?","?","R","E","M","T","E","?","M","?","$","R","BOSS","M","M","?","?","?","E","R","E","T","?","M","E","$","E","R","BOSS","M","M","?","M","?","R","$","E","T","E","M","E","$","M","R","BOSS","BOSS","R","$","E","BOSS"],"items_purchased_type":["Card","Relic","Card","Relic","Relic","Relic","Relic","Relic","Relic","Card","Potion"],"build_version":"2020-12-22","purchased_purges":5,"victory":true,"max_hp_per_floor":[68,68,68,68,68,68,68,68,68,68,68,68,68,68,68,68,68,68,68,68,68,68,68,68,68,68,68,68,68,68,68,68,68,68,68,68,68,68,68,68,68,78,78,78,78,78,78,78,78,78,78,78,78,78,78,78],"card_choices":[{"not_picked":["PathToVictory","JustLucky"],"picked":"FollowUp","floor":0.0},{"not_picked":["Consecrate","DeceiveReality"],"picked":"Protect","floor":1.0},{"not_picked":["Nirvana","MostiFishMod:FlowState","WaveOfTheHand","EmptyFist"],"picked":"Evaluate","floor":5.0},{"not_picked":["EmptyBody","MostiFishMod:Clarity","Perseverance","BowlingBash"],"picked":"FlurryOfBlows","floor":7.0},{"not_picked":["EmptyFist","ClearTheMind","CarveReality","Evaluate"],"picked":"MostiFishMod:Disappear","floor":8.0},{"not_picked":["FollowUp","Vengeance","Fasting2","EmptyFist"],"picked":"InnerPeace","floor":10.0},{"not_picked":["EmptyBody","JustLucky","CutThroughFate","AT_ChampionStep","Consecrate"],"picked":"SKIP","floor":11.0},{"not_picked":["Crescendo","Perseverance","Judgement","Protect"],"picked":"Prostrate","floor":12.0},{"not_picked":["Judgement","LessonLearned","AT_MachinaRedman","MostiFishMod:StarHerder"],"picked":"Wish","floor":16.0},{"not_picked":["Prostrate","Protect","FlyingSleeves","Pray","FollowUp+1"],"picked":"SKIP","floor":18.0},{"not_picked":["ThirdEye+1","Crescendo","CutThroughFate","SpiritShield","FlyingSleeves+1"],"picked":"SKIP","floor":19.0},{"not_picked":["Consecrate+1","Crescendo+1","SandsOfTime","SashWhip"],"picked":"Fasting2+1","floor":23},{"not_picked":["SashWhip","CrushJoints","InnerPeace","PathToVictory"],"picked":"MostiFishMod:LegendTransform","floor":25},{"not_picked":["CutThroughFate","Pray","FlurryOfBlows","PathToVictory"],"picked":"Tantrum","floor":28},{"not_picked":["BowlingBash","MostiFishMod:Speedup","FlurryOfBlows+1","JustLucky+1","AT_RealFormLess+1"],"picked":"SKIP","floor":29},{"not_picked":["MostiFishMod:Clarity","Pray+1","Crescendo","Protect"],"picked":"MostiFishMod:CyberBuddha","floor":31},{"not_picked":["MostiFishMod:DisColor","MasterReality","Judgement","Wish"],"picked":"Devotion","floor":33},{"not_picked":["FlurryOfBlows+1","EmptyBody","FollowUp+1","Conclude+1"],"picked":"TalkToTheHand","floor":35},{"not_picked":["EmptyBody+1","Evaluate","CutThroughFate","EmptyFist"],"picked":"MentalFortress","floor":36},{"not_picked":["BowlingBash","BattleHymn","ClearTheMind+1","CrushJoints+1"],"picked":"MostiFishMod:PathToVictory","floor":38},{"not_picked":["Evaluate","SashWhip","CrushJoints","SandsOfTime"],"picked":"FearNoEvil+1","floor":42},{"not_picked":["MostiFishMod:PathToVictory","AT_SoftenMuscles+1","WheelKick","EmptyFist","SandsOfTime"],"picked":"SKIP","floor":44},{"not_picked":["MostiFishMod:Unraveling","Halt","PathToVictory+1","AT_RealFormLess"],"picked":"TalkToTheHand","floor":45},{"not_picked":["CutThroughFate+1","Protect","ThirdEye","MostiFishMod:FlowState","ConjureBlade"],"picked":"SKIP","floor":46},{"not_picked":["FollowUp","DeceiveReality+1","Evaluate","CutThroughFate"],"picked":"Wallop","floor":48},{"not_picked":["WaveOfTheHand","ClearTheMind","Evaluate","JustLucky"],"picked":"Fasting2+1","floor":55}],"player_experience":371709,"relics_obtained":[{"floor":1.0,"key":"SynthV:TestCard"},{"floor":7.0,"key":"Dota2Spire:AghanimScepter"},{"floor":9.0,"key":"Whetstone"},{"floor":10.0,"key":"Art of War"},{"floor":23,"key":"Orichalcum"},{"floor":25,"key":"Vajra"},{"floor":26,"key":"PreservedInsect"},{"floor":29,"key":"Dota2Spire:LinkenSphere"},{"floor":31,"key":"The Courier"},{"floor":42,"key":"Pear"},{"floor":44,"key":"Frozen Egg 2"},{"floor":46,"key":"Bag of Marbles"},{"floor":55,"key":"Dota2Spire:PhaseBoots"}],"event_choices":[{"damage_healed":0.0,"max_hp_gain":0.0,"max_hp_loss":0.0,"gold_gain":0.0,"event_name":"Scrap Ooze","player_choice":"Success","floor":2.0,"gold_loss":0.0,"damage_taken":18.0,"relics_obtained":["Dota2Spire:PowerTreads"]},{"damage_healed":0.0,"max_hp_gain":0.0,"max_hp_loss":0.0,"gold_gain":0.0,"event_name":"Golden Wing","player_choice":"Ignored","floor":3.0,"gold_loss":0.0,"damage_taken":0.0},{"damage_healed":0.0,"max_hp_gain":0.0,"max_hp_loss":0.0,"gold_gain":75.0,"event_name":"World of Goop","player_choice":"Gather Gold","floor":4.0,"gold_loss":0.0,"damage_taken":11.0},{"damage_healed":0.0,"max_hp_gain":0.0,"max_hp_loss":0.0,"gold_gain":0.0,"cards_transformed":["Defend_P"],"event_name":"Living Wall","player_choice":"Change","floor":13.0,"gold_loss":0.0,"damage_taken":0.0,"cards_obtained":["Meditate"]},{"damage_healed":0.0,"max_hp_gain":0.0,"max_hp_loss":0.0,"gold_gain":0.0,"event_name":"Ghosts","player_choice":"Ignored","floor":20.0,"gold_loss":0.0,"damage_taken":0.0},{"damage_healed":0.0,"max_hp_gain":0.0,"max_hp_loss":0.0,"gold_gain":0.0,"event_name":"Vampires","player_choice":"Ignored","floor":21.0,"gold_loss":0.0,"damage_taken":0.0},{"damage_healed":14,"gold_gain":0,"player_choice":"Heal","damage_taken":0,"max_hp_gain":0,"max_hp_loss":0,"event_name":"The Library","floor":22,"gold_loss":0},{"damage_healed":0,"gold_gain":0,"player_choice":"Ignored","damage_taken":0,"max_hp_gain":0,"max_hp_loss":0,"event_name":"Tomb of Lord Red Mask","floor":37,"gold_loss":0},{"cards_removed":["Fasting2"],"damage_healed":0,"gold_gain":0,"player_choice":"Removed Power","damage_taken":0,"max_hp_gain":0,"max_hp_loss":0,"event_name":"Falling","floor":39,"gold_loss":0}],"is_beta":false,"boss_relics":[{"not_picked":["Transparent","TimeKeys"],"picked":"SlaversCollar"},{"not_picked":["Dota2Spire:Bloodstone","MostiFishMod:Hod"],"picked":"RhineSuit"}],"items_purged_floors":[14,27,41,47,54],"is_endless":false,"potions_floor_spawned":[1,5,11,19,23,25,31,36,38,42,45,48],"ascension_level":20}}