{"host":"0cm5wy4nhuju7tij","time":1611371059,"event":{"mods":["100% Spire Juice","2.2 Compatiblity","AchievementEnabler","Aspiration","BaseMod","Better Third Choice","BetterRewards","CCEM","CapriCore","Colored Powertips","Curses Come First","Custom Start","Displayed Cursed Tome","Downfall","Energized Spire","Evolution","Filter the Spire","Highlight Path","Jess\u0027s Bottle","Minty Spire (QoL Compilation)","Permanent Neow","Poor People Problems","Relic Stats","Shop Mod","Spicy Shops","StSLib","The Cursed","The Dragonkin","The Juggle"],"gold_per_floor":[113,133,143,143,153,181,181,200,223,223,223,28,28,45,45,149,149,166,179,190,202,215,215,215],"floor_reached":23,"language":"ENG","playtime":1565,"items_purged":[],"score":197,"play_id":"4753c796-6207-47dc-8a53-89a3be498437","local_time":"20210122220419","is_ascension_mode":false,"campfire_choices":[{"data":"theDragonkin:PlagueSwipe","floor":7,"key":"SMITH"},{"floor":10,"key":"REST"},{"data":"theDragonkin:CrusaderForm","floor":15,"key":"SMITH"}],"circlet_count":0,"master_deck":["theDragonkin:Strike+1","theDragonkin:Strike","theDragonkin:Strike","theDragonkin:Strike","theDragonkin:Defend","theDragonkin:Defend","theDragonkin:Defend","theDragonkin:Defend","theDragonkin:HolySmite","theDragonkin:BlazingBreath","Mind Blast","theDragonkin:MiasmicBreath","theDragonkin:EmberSwipe+1","theDragonkin:PlagueSwipe+1","theDragonkin:MiasmicBreath","theDragonkin:TwinBreath","theDragonkin:Ashfall","Spot Weakness","theDragonkin:CrusaderForm+1","theDragonkin:MoltenBreath","theDragonkin:PrismaticBreath","theDragonkin:AkatirnsDecree","theDragonkin:EmberSwipe","theDragonkin:AcidBreath","theDragonkin:HolyWordBarrier+1","theDragonkin:SandBreath+1","ForeignInfluence"],"relics":["theDragonkin:GarnetScale","EVO:Axolotl","Whetstone","Bag of Marbles","PreservedInsect","Bottled Lightning","aspiration:WatcherSkillbook"],"acts_visited":["Exordium","TheCity"],"potions_floor_usage":[19],"damage_taken":[{"damage":0,"enemies":"Cultist","floor":1,"turns":3},{"damage":0,"enemies":"Small Slimes","floor":2,"turns":3},{"damage":1,"enemies":"Jaw Worm","floor":3,"turns":4},{"damage":10,"enemies":"Lots of Slimes","floor":5,"turns":2},{"damage":36,"enemies":"Gremlin Nob","floor":6,"turns":5},{"damage":0,"enemies":"2 Fungi Beasts","floor":8,"turns":2},{"damage":6,"enemies":"Red Slaver","floor":14,"turns":4},{"damage":4,"enemies":"The Guardian","floor":16,"turns":7},{"damage":10,"enemies":"Chosen","floor":18,"turns":4},{"damage":17,"enemies":"Spheric Guardian","floor":19,"turns":4},{"damage":28,"enemies":"Centurion and Healer","floor":20,"turns":4},{"damage":26,"enemies":"Shelled Parasite and Fungi","floor":21,"turns":6},{"damage":0,"enemies":"Snecko","floor":22,"turns":4},{"damage":20,"enemies":"Snake Plant","floor":23,"turns":3}],"seed_played":"-3667966022874342642","potions_obtained":[{"floor":5,"key":"Regen Potion"},{"floor":8,"key":"Slimebound:ThreeZeroPotion"},{"floor":14,"key":"LiquidBronze"},{"floor":19,"key":"Guardian:BlockOnCardUsePotion"},{"floor":22,"key":"Regen Potion"}],"is_trial":false,"path_per_floor":["M","M","M","?","M","E","R","M","T","R","?","$","T","M","R","B",null,"M","M","M","M","M","M"],"character_chosen":"THE_DRAGONKIN","items_purchased":["theDragonkin:CrusaderForm","theDragonkin:MoltenBreath"],"campfire_rested":1,"item_purchase_floors":[12,12],"current_hp_per_floor":[85,85,84,89,79,43,43,43,43,70,61,61,61,55,55,51,90,80,72,44,18,18,0,0],"gold":215,"neow_bonus":"RANDOM_COLORLESS","is_daily":false,"chose_seed":false,"campfire_upgraded":2,"win_rate":0.0,"timestamp":1611371059,"path_taken":["M","M","M","?","M","E","R","M","T","R","?","$","?","M","R","BOSS","M","M","?","M","M","M"],"items_purchased_type":["Card","Card"],"build_version":"2020-12-22","purchased_purges":0,"victory":false,"max_hp_per_floor":[85,85,85,90,90,90,90,90,90,90,90,90,90,90,90,90,90,90,90,90,90,90,90,90],"relic_stats":{"counters":[14,55],"PreservedInsect":0,"Whetstone":["theDragonkin:Strike","theDragonkin:EmberSwipe"],"obtain_stats":[{"theDragonkin:GarnetScale":0,"aspiration:WatcherSkillbook":17,"PreservedInsect":11,"Bag of Marbles":9,"EVO:Axolotl":0,"Whetstone":6,"Bottled Lightning":13},{"theDragonkin:GarnetScale":0,"aspiration:WatcherSkillbook":8,"PreservedInsect":6,"Bag of Marbles":6,"EVO:Axolotl":0,"Whetstone":5,"Bottled Lightning":6},{"theDragonkin:GarnetScale":0,"aspiration:WatcherSkillbook":30,"PreservedInsect":19,"Bag of Marbles":19,"EVO:Axolotl":0,"Whetstone":17,"Bottled Lightning":19}]},"card_choices":[{"not_picked":["Forethought","PanicButton"],"picked":"Mind Blast","floor":0},{"not_picked":["theDragonkin:LightArmor","theDragonkin:AshBreath"],"picked":"theDragonkin:MiasmicBreath","floor":1},{"not_picked":["theDragonkin:BurningRage","theDragonkin:MiasmicBreath"],"picked":"theDragonkin:EmberSwipe","floor":2},{"not_picked":["theDragonkin:GooGrip","theDragonkin:CorrosiveBelch"],"picked":"theDragonkin:PlagueSwipe","floor":3},{"not_picked":["theDragonkin:AcidBreath","theDragonkin:EmberSwipe"],"picked":"theDragonkin:MiasmicBreath","floor":5},{"not_picked":["theDragonkin:AncestralSeance","theDragonkin:FlashofLight"],"picked":"theDragonkin:TwinBreath","floor":6},{"not_picked":["theDragonkin:SandBreath","theDragonkin:ControlledBreath"],"picked":"theDragonkin:Ashfall","floor":8},{"not_picked":["theDragonkin:FlameWard","theDragonkin:CorrosiveBelch"],"picked":"theDragonkin:PrismaticBreath","floor":14},{"not_picked":["theDragonkin:Detox","theDragonkin:CinderStorm"],"picked":"theDragonkin:AkatirnsDecree","floor":16},{"not_picked":["WaveOfTheHand","DeceiveReality","Consecrate"],"picked":"theDragonkin:EmberSwipe","floor":18},{"not_picked":["ThirdEye","FlyingSleeves","Crescendo"],"picked":"theDragonkin:AcidBreath","floor":19},{"not_picked":["Wallop","theDragonkin:HammerOfWrath","CutThroughFate+1"],"picked":"theDragonkin:HolyWordBarrier+1","floor":20},{"not_picked":["WheelKick","SashWhip","theDragonkin:HallowedGround"],"picked":"theDragonkin:SandBreath+1","floor":21},{"not_picked":["CutThroughFate","theDragonkin:HallowedGround","FlyingSleeves"],"picked":"ForeignInfluence","floor":22}],"player_experience":239275,"relics_obtained":[{"floor":6,"key":"Whetstone"},{"floor":9,"key":"Bag of Marbles"},{"floor":13,"key":"Bottled Lightning"}],"event_choices":[{"damage_healed":0,"gold_gain":0,"player_choice":"Donut","damage_taken":0,"max_hp_gain":5,"max_hp_loss":0,"event_name":"Big Fish","floor":4,"gold_loss":0}],"is_beta":false,"boss_relics":[{"not_picked":["energizedSpire:SpiderWeb","Runic Dome"],"picked":"aspiration:WatcherSkillbook"}],"items_purged_floors":[],"is_endless":false,"potions_floor_spawned":[5,8,14,16,19,22],"killed_by":"Snake Plant","ascension_level":0}}