{"host":"o1scrl1hgy598kuq","time":1611377717,"event":{"mods":["BaseMod","Colored Map","Colored Powertips","Minty Spire (QoL Compilation)","Remilia??????","Replay The Spire","Shop Mod","StSLib","The Jungle","The Marked","The Servant 0.9.4"],"gold_per_floor":[116,132,132,182,132,132,6,6,6,36,47,2,2,20,20,122,122,132,132,282,282,233,309,309,382,459,469,469,469,469,482,482,582,582,593,610,610,610,625,654,122,122,197,2,22,38,118,131,131,131],"floor_reached":51,"language":"ENG","playtime":4272,"items_purged":["Defend_S","Voices","Ricochet","Strike_S"],"score":856,"play_id":"a47899b3-f427-4321-be35-bcf2517dec40","local_time":"20210122225517","is_ascension_mode":true,"campfire_choices":[{"data":"Initiator","floor":6,"key":"SMITH"},{"floor":8,"key":"REST"},{"data":"Moondial","floor":13,"key":"SMITH"},{"data":"Foresight","floor":15,"key":"SMITH"},{"floor":24,"key":"REST"},{"floor":30,"key":"REST"},{"floor":32,"key":"REST"},{"floor":42,"key":"RECALL"},{"floor":49,"key":"REST"}],"circlet_count":0,"master_deck":["Defend_S","Defend_S","Defend_S","Exchange","Initiator+1","Foresight+1","TimeWarp","FlawlessForm+1","Moondial+1","BottledTime","Embodiment+1","FastForward+1","Misdirection","Desolation","ForgedInTime+1","FastForward+1","Sabotage","Revamp+1","RealityMarble+1","Advance+1","MurderousAura+1","Luminosity","MurderousAura+1"],"relics":["Uniform","The Courier","MerchantsRug","Golden Egg","ReplayTheSpireMod:Ring of Challenge","Ring of Fangs","Smiling Mask","Nunchaku","HornCleat","Fusion Hammer","Pet Ghost","Oddly Smooth Stone","ReplayTheSpireMod:Shallot","Replay:Baseball","Shuriken","Chameleon Ring"],"acts_visited":["Exordium","Exordium","TheBeyond"],"potions_floor_usage":[16,18,25,27,33,33,33,39,39,40,45,45,45,50,50,50],"damage_taken":[{"damage":0,"enemies":"Jaw Worm","floor":1,"turns":3},{"damage":0,"enemies":"2 Louse","floor":2,"turns":2},{"damage":20,"enemies":"Lagavulin","floor":10,"turns":5},{"damage":5,"enemies":"Small Slimes","floor":11,"turns":2},{"damage":0,"enemies":"Looter","floor":14,"turns":1},{"damage":9,"enemies":"Slime Boss","floor":16,"turns":7},{"damage":13,"enemies":"theJungle:MUSHROOMGANG","floor":18,"turns":5},{"damage":43,"enemies":"theJungle:2_Phrogs","floor":23,"turns":12},{"damage":21,"enemies":"theJungle:MamaSnecko","floor":25,"turns":8},{"damage":0,"enemies":"theJungle:GiantWrat","floor":27,"turns":6},{"damage":0,"enemies":"theJungle:2_Snecko_Cultists","floor":31,"turns":4},{"damage":12,"enemies":"theJungle:QueenSpyder","floor":33,"turns":15},{"damage":0,"enemies":"Orb Walker","floor":35,"turns":5},{"damage":0,"enemies":"3 Darklings","floor":36,"turns":5},{"damage":6,"enemies":"4 Shapes","floor":39,"turns":8},{"damage":0,"enemies":"R_Hoarder","floor":40,"turns":11},{"damage":12,"enemies":"Transient","floor":45,"turns":5},{"damage":13,"enemies":"Spire Growth","floor":46,"turns":4},{"damage":0,"enemies":"Giant Head","floor":47,"turns":9},{"damage":15,"enemies":"4 Shapes","floor":48,"turns":9},{"damage":0,"enemies":"Time Eater","floor":50,"turns":9}],"seed_played":"247955614243317219","potions_obtained":[{"floor":14,"key":"Toxic Potion"},{"floor":16,"key":"GamblersBrew"},{"floor":23,"key":"SpeedPotion"},{"floor":25,"key":"DistilledChaos"},{"floor":36,"key":"FearPotion"},{"floor":38,"key":"Block Potion"},{"floor":38,"key":"Energy Potion"},{"floor":38,"key":"Weak Potion"},{"floor":39,"key":"Dexterity Potion"},{"floor":46,"key":"Reflective Coating"},{"floor":48,"key":"Venom Potion"}],"is_trial":false,"path_per_floor":["M","M","?","?","?","R","$","R","T","E","M","$","R","M","R","B",null,"M","?","?","?","$","E","R","E","T","M","?","?","R","M","R","B",null,"M","M","?","?","M","E","$","R","T","$","M","M","E","M","R","B",null],"character_chosen":"THE_SERVANT","items_purchased":["MerchantsRug","Oddly Smooth Stone","ReplayTheSpireMod:Shallot","Replay:Baseball","Toxic Potion","RealityMarble","EntropicBrew"],"campfire_rested":5,"item_purchase_floors":[7,41,41,41,41,44,44],"current_hp_per_floor":[65,65,58,42,42,42,42,61,61,51,46,46,46,46,46,37,75,62,62,62,62,62,19,41,20,20,20,12,5,27,27,49,37,75,75,75,71,71,65,65,65,65,65,65,53,40,40,25,46,46],"gold":131,"neow_bonus":"ONE_RANDOM_RARE_CARD","is_daily":false,"chose_seed":false,"campfire_upgraded":3,"win_rate":0.0,"timestamp":1611377717,"path_taken":["M","M","?","?","?","R","?","R","T","E","M","$","R","M","R","BOSS","M","?","?","?","$","E","R","E","T","M","?","?","R","M","R","BOSS","M","M","?","?","?","E","$","R","T","?","?","M","E","M","R","BOSS"],"items_purchased_type":["Relic","Relic","Relic","Relic","Potion","Card","Potion"],"build_version":"2020-12-22","purchased_purges":4,"victory":true,"max_hp_per_floor":[65,65,65,65,65,65,65,65,65,75,75,75,75,75,75,75,75,75,75,75,75,75,75,75,75,75,75,75,75,75,75,75,75,75,75,75,71,71,71,71,71,71,71,71,71,71,71,71,71,71],"card_choices":[{"not_picked":["DoubleEdge","Rewind"],"picked":"Ricochet","floor":1},{"not_picked":["Rearm","Misdirection"],"picked":"Foresight","floor":2},{"not_picked":["Sabotage","Replace"],"picked":"TimeWarp","floor":4},{"not_picked":["Rewind","Barrier"],"picked":"FlawlessForm","floor":10},{"not_picked":["Ricochet","Rearm"],"picked":"Moondial","floor":11},{"not_picked":["DoubleEdge","Revamp"],"picked":"BottledTime","floor":14},{"not_picked":["Deny","ForgedInTime"],"picked":"Embodiment","floor":16},{"not_picked":["Spin","DoubleEdge","Alleviate"],"picked":"SKIP","floor":18},{"not_picked":["DoubleEdge","GearUp+1"],"picked":"FastForward+1","floor":23},{"not_picked":["TimeWarp","SilverBlades","FloweringNight"],"picked":"SKIP","floor":25},{"not_picked":["Snipe","ShatteredReality"],"picked":"Misdirection","floor":27},{"not_picked":["Ricochet","Hightail+1"],"picked":"Desolation","floor":31},{"not_picked":["Embodiment","FlawlessForm"],"picked":"ForgedInTime","floor":33},{"not_picked":["Spin","Snipe+1","ShatteredReality"],"picked":"SKIP","floor":35},{"not_picked":["Manipulate","Ricochet+1"],"picked":"FastForward+1","floor":36},{"not_picked":["Rearm","Ricochet+1"],"picked":"Sabotage","floor":39},{"not_picked":["Replace","Alleviate"],"picked":"Revamp+1","floor":40},{"not_picked":["Desolation+1","Spin"],"picked":"Advance+1","floor":45},{"not_picked":["Advance+1","Comet+1"],"picked":"MurderousAura","floor":46},{"not_picked":["Replace+1","Rearm"],"picked":"Luminosity","floor":47},{"not_picked":["Rearm+1","Rewind"],"picked":"MurderousAura","floor":48}],"player_experience":208857,"relics_obtained":[{"floor":4,"key":"The Courier"},{"floor":9,"key":"Golden Egg"},{"floor":10,"key":"Pear"},{"floor":21,"key":"ReplayTheSpireMod:Ring of Challenge"},{"floor":21,"key":"Ring of Fangs"},{"floor":23,"key":"Smiling Mask"},{"floor":25,"key":"Nunchaku"},{"floor":26,"key":"HornCleat"},{"floor":40,"key":"Pet Ghost"},{"floor":43,"key":"Shuriken"},{"floor":47,"key":"Chameleon Ring"}],"event_choices":[{"cards_removed":["Strike_S"],"damage_healed":0,"gold_gain":0,"player_choice":"Card Removal","damage_taken":7,"max_hp_gain":0,"max_hp_loss":0,"event_name":"Golden Wing","floor":3,"gold_loss":0},{"cards_removed":["Strike_S"],"damage_healed":0,"gold_gain":0,"player_choice":"Card Removal","damage_taken":0,"max_hp_gain":0,"max_hp_loss":0,"event_name":"The Cleric","floor":5,"gold_loss":50},{"damage_healed":0,"gold_gain":0,"player_choice":"Damaged","damage_taken":7,"max_hp_gain":0,"max_hp_loss":0,"event_name":"Wheel of Change","floor":29,"gold_loss":0},{"damage_healed":0,"gold_gain":0,"player_choice":"Max HP","damage_taken":0,"max_hp_gain":0,"max_hp_loss":4,"event_name":"Winding Halls","floor":37,"gold_loss":0},{"damage_healed":0,"gold_gain":0,"player_choice":"Got Potions","damage_taken":0,"max_hp_gain":0,"max_hp_loss":0,"event_name":"Lab","floor":38,"gold_loss":0}],"is_beta":false,"boss_relics":[{"not_picked":["Runic Dome","Ring of Chaos"],"picked":"Empty Cage"},{"not_picked":["SacredBark","Snecko Eye"],"picked":"Fusion Hammer"}],"items_purged_floors":[12,22,41,44],"is_endless":false,"potions_floor_spawned":[14,16,23,25,36,39,46,48],"ascension_level":1}}