{"host":"ttx8tv95o5vka1nm","time":1611375971,"event":{"mods":["AchievementEnabler","BaseMod","Colored Map","Infinite Spire","Minty Spire (QoL Compilation)","Replay The Spire","Shop Mod","StSLib","The Jungle"],"gold_per_floor":[109,120,134,59,69,99,99,125,196,210,226,261,261,272,272,370,370,388,400,44,44,57,88,88,121,203,203,237,248,259,271,271,372,372,391,405,46,64,74,104,121,121,201,201,201],"floor_reached":44,"language":"ENG","playtime":5021,"items_purged":["Strike_P","PathToVictory"],"score":929,"play_id":"ab32b21a-38d0-4c4d-9db8-aea92acc8133","local_time":"20210123142611","is_ascension_mode":true,"campfire_choices":[{"data":"Eruption","floor":7,"key":"SMITH"},{"data":"MasterReality","floor":24,"key":"SMITH"},{"floor":42,"key":"DIG"}],"circlet_count":0,"master_deck":["Eruption+1","Vigilance","DeusExMachina","Tantrum","SashWhip","Meditate+1","Indignation","Wireheading","Weave","Replay:AllIn","Brilliance+1","Pray","Replay:LoomingThreat","FollowUp+1","MasterReality+1","Scrawl","Nirvana","SignatureMove+1","Bandage Up","Replay:AtTheReady","DeceiveReality+1","DeusExMachina","Consecrate","FearNoEvil","CutThroughFate+1","LessonLearned","EmptyBody","Protect+1","Parasite"],"relics":["HolyWater","infinitespire:Beetle Shell","Durian","Darkstone Periapt","Simple Rune","GremlinMask","MerchantsRug","Akabeko","MutagenicStrength","infinitespire:WardingShard","Chameleon Ring","Meat on the Bone","White Beast Statue","Frozen Eye","Replay:Multitool","Quantum Egg","Question Card"],"acts_visited":["Exordium","TheCity","TheBeyond"],"potions_floor_usage":[6,25,25,33,44,44,44],"damage_taken":[{"damage":0,"enemies":"Cultist","floor":1,"turns":3},{"damage":0,"enemies":"2 Louse","floor":2,"turns":2},{"damage":0,"enemies":"Small Slimes","floor":3,"turns":2},{"damage":0,"enemies":"2 Fungi Beasts","floor":5,"turns":2},{"damage":3,"enemies":"Lagavulin","floor":6,"turns":6},{"damage":18,"enemies":"Gremlin Nob","floor":8,"turns":4},{"damage":0,"enemies":"Exordium Thugs","floor":10,"turns":3},{"damage":6,"enemies":"Looter","floor":11,"turns":4},{"damage":0,"enemies":"Lagavulin","floor":12,"turns":3},{"damage":19,"enemies":"Exordium Wildlife","floor":14,"turns":2},{"damage":0,"enemies":"Fading Forest","floor":16,"turns":11},{"damage":0,"enemies":"Spheric Guardian","floor":18,"turns":2},{"damage":15,"enemies":"Chosen","floor":19,"turns":4},{"damage":0,"enemies":"Snake Plant","floor":22,"turns":1},{"damage":0,"enemies":"Gremlin Leader","floor":23,"turns":4},{"damage":52,"enemies":"Book of Stabbing","floor":25,"turns":6},{"damage":22,"enemies":"Gremlin Leader","floor":28,"turns":4},{"damage":27,"enemies":"Centurion and Healer","floor":29,"turns":4},{"damage":29,"enemies":"3 Cultists","floor":30,"turns":5},{"damage":4,"enemies":"Snecko","floor":31,"turns":3},{"damage":81,"enemies":"Champ","floor":33,"turns":8},{"damage":12,"enemies":"Orb Walker","floor":35,"turns":2},{"damage":0,"enemies":"3 Shapes","floor":36,"turns":5},{"damage":20,"enemies":"Transient","floor":38,"turns":5},{"damage":0,"enemies":"Jaw Worm Horde","floor":39,"turns":2},{"damage":0,"enemies":"Nemesis","floor":40,"turns":5},{"damage":0,"enemies":"Writhing Mass","floor":41,"turns":5},{"damage":97,"enemies":"Nightmare","floor":44,"turns":6}],"seed_played":"-2920406183962867531","potions_obtained":[{"floor":3,"key":"Elixir"},{"floor":5,"key":"Dexterity Potion"},{"floor":10,"key":"LiquidBronze"},{"floor":16,"key":"Elixir"},{"floor":22,"key":"BlessingOfTheForge"},{"floor":23,"key":"Block Potion"},{"floor":31,"key":"AttackPotion"},{"floor":33,"key":"DuplicationPotion"},{"floor":35,"key":"SteroidPotion"},{"floor":38,"key":"LiquidBronze"},{"floor":39,"key":"Explosive Potion"},{"floor":40,"key":"Reflective Coating"},{"floor":41,"key":"Regen Potion"}],"is_trial":false,"path_per_floor":["M","M","M","$","M","E","R","E","T","M","M","E","?","M","R_BF","B",null,"M","M","$","?","M","E","R","E","T","?","E","M","M","M","R_BF","B",null,"M","M","$","M","M","E","M","R","T","NM"],"character_chosen":"WATCHER","items_purchased":["MerchantsRug","Bandage Up","Akabeko","Lee\u0027s Waffle","White Beast Statue","Frozen Eye"],"campfire_rested":0,"item_purchase_floors":[20,20,20,20,37,37],"current_hp_per_floor":[65,65,65,65,65,62,62,49,49,49,43,43,43,24,47,55,72,72,57,84,84,84,84,84,36,36,30,12,54,41,53,78,13,66,54,58,58,54,58,62,72,72,72,0,0],"gold":201,"neow_bonus":"ONE_RANDOM_RARE_CARD","is_daily":false,"chose_seed":false,"campfire_upgraded":2,"win_rate":0.0,"timestamp":1611375971,"path_taken":["M","M","M","$","M","E","R","E","T","?","M","E","?","?","R_BF","BOSS","M","M","$","?","M","E","R","E","T","?","E","M","M","M","R_BF","BOSS","M","M","$","M","M","E","M","R","T","NM"],"items_purchased_type":["Relic","Card","Relic","Relic","Relic","Relic"],"build_version":"2020-12-22","purchased_purges":2,"victory":false,"max_hp_per_floor":[72,72,72,72,72,72,72,77,77,77,77,77,77,77,77,77,77,77,77,84,84,84,84,84,84,84,84,84,84,84,84,84,84,84,84,84,84,84,84,84,90,90,90,90,90],"card_choices":[{"not_picked":["Replay:AtTheReady","CrushJoints"],"picked":"Tantrum","floor":1},{"not_picked":["Crescendo","FollowUp"],"picked":"SashWhip","floor":2},{"not_picked":["Evaluate","Replay:AtTheReady"],"picked":"Meditate","floor":3},{"not_picked":["Crescendo","Replay:BluntJabs","PathToVictory"],"picked":"SKIP","floor":5},{"not_picked":["Replay:BluntJabs","JustLucky","Worship"],"picked":"SKIP","floor":6},{"not_picked":["FollowUp","Replay:BluntJabs"],"picked":"Indignation","floor":8},{"not_picked":["PathToVictory","ClearTheMind"],"picked":"Wireheading","floor":10},{"not_picked":["Consecrate","Replay:Battleflow"],"picked":"Weave","floor":11},{"not_picked":["Indignation","SignatureMove","ClearTheMind"],"picked":"SKIP","floor":12},{"not_picked":["Swivel","Replay:Vibes","Meditate"],"picked":"SKIP","floor":14},{"not_picked":["Scrawl","Devotion"],"picked":"Replay:AllIn","floor":16},{"not_picked":["CutThroughFate","Replay:ManipulateFuture+1"],"picked":"Nirvana","floor":18},{"not_picked":["Halt","Weave"],"picked":"SignatureMove+1","floor":19},{"not_picked":["CarveReality","Crescendo"],"picked":"Replay:AtTheReady","floor":22},{"not_picked":["Replay:BluntJabs","Omniscience"],"picked":"DeceiveReality+1","floor":23},{"not_picked":["InnerPeace","Study+1"],"picked":"DeusExMachina","floor":25},{"not_picked":["BowlingBash","Halt"],"picked":"Consecrate","floor":28},{"not_picked":["Crescendo","FollowUp"],"picked":"FearNoEvil","floor":29},{"not_picked":["JustLucky+1","FlyingSleeves"],"picked":"CutThroughFate+1","floor":30},{"not_picked":["Crescendo","FlyingSleeves+1","Replay:AllIn"],"picked":"SKIP","floor":31},{"not_picked":["Establishment","DevaForm"],"picked":"LessonLearned","floor":33},{"not_picked":["Replay:ManipulateFuture+1","InnerPeace"],"picked":"EmptyBody","floor":35},{"not_picked":["Vengeance+1","FlyingSleeves+1","SashWhip+1"],"picked":"SKIP","floor":36},{"not_picked":["PathToVictory","MasterReality"],"picked":"Protect+1","floor":38},{"not_picked":["JustLucky","EmptyFist","FollowUp"],"picked":"SKIP","floor":39},{"not_picked":["Crescendo+1","EmptyFist","Blasphemy"],"picked":"SKIP","floor":40},{"not_picked":["FearNoEvil","BowlingBash","CrushJoints"],"picked":"SKIP","floor":41}],"player_experience":693978,"relics_obtained":[{"floor":6,"key":"infinitespire:Beetle Shell"},{"floor":8,"key":"Durian"},{"floor":9,"key":"Darkstone Periapt"},{"floor":12,"key":"Simple Rune"},{"floor":23,"key":"infinitespire:WardingShard"},{"floor":25,"key":"Lizard Tail"},{"floor":26,"key":"Chameleon Ring"},{"floor":28,"key":"Meat on the Bone"},{"floor":40,"key":"Replay:Multitool"},{"floor":42,"key":"Quantum Egg"},{"floor":43,"key":"Question Card"}],"event_choices":[{"damage_healed":0,"gold_gain":0,"player_choice":"Trade","damage_taken":0,"relics_obtained":["GremlinMask"],"max_hp_gain":0,"max_hp_loss":0,"event_name":"FaceTrader","floor":13,"gold_loss":0},{"damage_healed":0,"gold_gain":0,"player_choice":"Inject Mutagens","damage_taken":0,"relics_obtained":["MutagenicStrength"],"max_hp_gain":0,"max_hp_loss":0,"event_name":"Drug Dealer","floor":21,"gold_loss":0},{"damage_healed":0,"gold_gain":0,"player_choice":"","damage_taken":6,"max_hp_gain":0,"max_hp_loss":0,"event_name":"Knowing Skull","floor":27,"potions_obtained":[],"gold_loss":0,"cards_obtained":[]}],"is_beta":false,"boss_relics":[{"not_picked":["Honey Jar","Ring of Chaos"],"picked":"Pandora\u0027s Box"},{"not_picked":["Replay:Ancient Bell","Busted Crown"],"picked":"HolyWater"}],"items_purged_floors":[4,37],"is_endless":false,"potions_floor_spawned":[3,5,10,16,22,23,31,33,35,38,39,40,41],"killed_by":"Nightmare","ascension_level":6}}