{"host":"ebj6lkgm8suah319","time":1611421192,"event":{"mods":["2.2 Compatiblity","AchievementEnabler","BaseMod","Block Reminder","Colored Map","Colored Powertips","Minty Spire (QoL Compilation)","Quick Restart","Rare Cards Sparkle","Relic Stats","SuperFastMode"],"gold_per_floor":[119,119,119,138,118,118,138,138,161,189,204,229,244,244,244],"floor_reached":14,"language":"ENG","playtime":296,"items_purged":[],"score":185,"play_id":"598ab796-17cd-406a-ac2e-7c09821df2f2","local_time":"20210123115951","is_ascension_mode":true,"campfire_choices":[{"data":"Bash","floor":6,"key":"SMITH"},{"data":"Armaments","floor":8,"key":"SMITH"}],"circlet_count":0,"master_deck":["AscendersBane","Strike_R","Strike_R","Strike_R","Strike_R","Strike_R","Defend_R","Defend_R","Defend_R","Defend_R","Bash+1","Feed","Shrug It Off","Headbutt","Armaments+1","Shrug It Off","Shrug It Off","Cleave","Warcry"],"relics":["Burning Blood","Regal Pillow","MealTicket","Girya"],"acts_visited":["Exordium"],"potions_floor_usage":[12,14,14],"damage_taken":[{"damage":35,"enemies":"Jaw Worm","floor":1,"turns":8},{"damage":14,"enemies":"Small Slimes","floor":4,"turns":5},{"damage":1,"enemies":"Cultist","floor":7,"turns":3},{"damage":30,"enemies":"Gremlin Nob","floor":10,"turns":4},{"damage":13,"enemies":"Blue Slaver","floor":11,"turns":3},{"damage":26,"enemies":"Lagavulin","floor":12,"turns":9},{"damage":22,"enemies":"Exordium Thugs","floor":13,"turns":6},{"damage":28,"enemies":"Gremlin Nob","floor":14,"turns":3}],"seed_played":"9015777401535877433","potions_obtained":[{"floor":4,"key":"GamblersBrew"},{"floor":5,"key":"SteroidPotion"},{"floor":12,"key":"PowerPotion"}],"is_trial":false,"path_per_floor":["M","?","?","M","?","R","M","R","T","E","M","E","M","E"],"character_chosen":"IRONCLAD","items_purchased":[],"campfire_rested":0,"item_purchase_floors":[],"current_hp_per_floor":[42,68,61,56,56,56,64,64,64,40,36,20,7,0,0],"gold":244,"neow_bonus":"THREE_RARE_CARDS","is_daily":false,"chose_seed":false,"campfire_upgraded":2,"win_rate":0.0,"timestamp":1611421191,"path_taken":["M","?","?","M","?","R","M","R","T","E","?","E","M","E"],"items_purchased_type":[],"build_version":"2020-12-22","purchased_purges":0,"victory":false,"max_hp_per_floor":[78,78,78,81,81,81,84,84,84,84,87,91,94,94,94],"relic_stats":{"Regal Pillow":0,"counters":[8,41],"MealTicket":0,"obtain_stats":[{"Girya":12,"Regal Pillow":9,"MealTicket":10,"Burning Blood":0},{"Girya":6,"Regal Pillow":3,"MealTicket":4,"Burning Blood":0},{"Girya":32,"Regal Pillow":16,"MealTicket":20,"Burning Blood":0}],"Burning Blood":42},"card_choices":[{"not_picked":["Limit Break","Double Tap"],"picked":"Feed","floor":0},{"not_picked":["Dark Embrace","Entrench"],"picked":"Shrug It Off","floor":1},{"not_picked":["Sword Boomerang","Twin Strike"],"picked":"Headbutt","floor":4},{"not_picked":["Rampage","Cleave"],"picked":"Armaments","floor":7},{"not_picked":["Power Through","Anger"],"picked":"Shrug It Off","floor":10},{"not_picked":["Clothesline","Thunderclap"],"picked":"Shrug It Off","floor":11},{"not_picked":["Armaments","Anger"],"picked":"Cleave","floor":12},{"not_picked":["Anger","Thunderclap"],"picked":"Warcry","floor":13}],"player_experience":53751,"relics_obtained":[{"floor":9,"key":"Regal Pillow"},{"floor":10,"key":"MealTicket"},{"floor":12,"key":"Girya"}],"event_choices":[{"damage_healed":26,"gold_gain":0,"player_choice":"Banana","damage_taken":0,"max_hp_gain":0,"max_hp_loss":0,"event_name":"Big Fish","floor":2,"gold_loss":0},{"cards_removed":["Shame"],"damage_healed":0,"gold_gain":0,"player_choice":"Card Removal","damage_taken":7,"max_hp_gain":0,"max_hp_loss":0,"event_name":"Golden Wing","floor":3,"gold_loss":0},{"damage_healed":0,"gold_gain":0,"player_choice":"Bought 1 Potion","damage_taken":0,"max_hp_gain":0,"max_hp_loss":0,"event_name":"The Woman in Blue","floor":5,"gold_loss":0}],"is_beta":false,"boss_relics":[],"items_purged_floors":[],"is_endless":false,"potions_floor_spawned":[4,12],"killed_by":"Gremlin Nob","ascension_level":17}}