{"host":"n6qxj7a4gnapjcui","time":1611401518,"event":{"mods":["2.2 Compatiblity","AchievementEnabler","BaseMod","Colored Map","Minty Spire (QoL Compilation)"],"gold_per_floor":[109,124,135,149,164,197,197,225,251,216,216,228,4,4,4,108,108,118,22,40,57,67,67,102,102,172,198,198,210,229,10,10,113,113,126,138,138,152,163,198,198,198,198,198,231,7,60,60,60,60,60],"floor_reached":50,"language":"POL","playtime":3809,"items_purged":["Strike_R","Strike_R","Strike_R"],"score":808,"play_id":"fdf8ffca-c27b-45d7-bf4b-6192d0fb7d40","local_time":"20210123123158","is_ascension_mode":true,"campfire_choices":[{"data":"Uppercut","floor":7.0,"key":"SMITH"},{"data":"Anger","floor":11.0,"key":"SMITH"},{"data":"Pommel Strike","floor":15.0,"key":"SMITH"},{"floor":23.0,"key":"REST"},{"floor":25.0,"key":"REST"},{"floor":32.0,"key":"REST"},{"floor":41.0,"key":"REST"},{"data":"Berserk","floor":44.0,"key":"SMITH"},{"floor":49,"key":"REST"}],"circlet_count":0,"master_deck":["Strike_R","Strike_R","Defend_R","Defend_R","Defend_R","Defend_R","Bash","Twin Strike","Uppercut+1","Battle Trance","Anger+1","Evolve+1","Pommel Strike+1","Immolate","Thunderclap","Shrug It Off+1","Brutality","CurseOfTheBell","Spot Weakness+1","Dark Embrace+1","Armaments+1","True Grit+1","Sword Boomerang+1","Bloodletting+1","Disarm+1","Rage+1","Sentinel+1","Warcry+1","Armaments+1","Intimidate+1","Berserk+1","Infernal Blade+1","Shrug It Off+1","Bloodletting+1","Feel No Pain+1","Armaments+1","Enlightenment+1","Burning Pact+1","Fire Breathing+1"],"relics":["Burning Blood","Smiling Mask","Toxic Egg 2","Paper Frog","Lantern","Regal Pillow","Calling Bell","Nunchaku","InkBottle","Prayer Wheel","Bag of Preparation","Ornamental Fan","Happy Flower","Mark of Pain","Juzu Bracelet","Letter Opener","Omamori","Lee\u0027s Waffle","Incense Burner"],"acts_visited":["Exordium","TheCity","TheBeyond"],"potions_floor_usage":[45,50],"damage_taken":[{"damage":7.0,"enemies":"2 Louse","floor":1.0,"turns":4.0},{"damage":6.0,"enemies":"Cultist","floor":2.0,"turns":3.0},{"damage":2.0,"enemies":"Jaw Worm","floor":3.0,"turns":3.0},{"damage":10.0,"enemies":"2 Fungi Beasts","floor":4.0,"turns":4.0},{"damage":11.0,"enemies":"Large Slime","floor":5.0,"turns":6.0},{"damage":5.0,"enemies":"3 Sentries","floor":6.0,"turns":6.0},{"damage":33.0,"enemies":"Gremlin Nob","floor":8.0,"turns":4.0},{"damage":0.0,"enemies":"Gremlin Gang","floor":12.0,"turns":2.0},{"damage":0.0,"enemies":"Slime Boss","floor":16.0,"turns":4.0},{"damage":18.0,"enemies":"2 Thieves","floor":18.0,"turns":3.0},{"damage":10.0,"enemies":"Shell Parasite","floor":20.0,"turns":4.0},{"damage":30.0,"enemies":"Chosen and Byrds","floor":21.0,"turns":5.0},{"damage":36.0,"enemies":"Shelled Parasite and Fungi","floor":22.0,"turns":5.0},{"damage":18.0,"enemies":"Slavers","floor":24.0,"turns":2.0},{"damage":22.0,"enemies":"Book of Stabbing","floor":27.0,"turns":6.0},{"damage":35.0,"enemies":"Sentry and Sphere","floor":29.0,"turns":6.0},{"damage":14.0,"enemies":"Snake Plant","floor":30.0,"turns":5.0},{"damage":57.0,"enemies":"Collector","floor":33.0,"turns":6.0},{"damage":3.0,"enemies":"3 Shapes","floor":35.0,"turns":4.0},{"damage":3.0,"enemies":"Orb Walker","floor":36.0,"turns":3.0},{"damage":20.0,"enemies":"Maw","floor":38.0,"turns":8.0},{"damage":6.0,"enemies":"Transient","floor":39.0,"turns":5.0},{"damage":44.0,"enemies":"Reptomancer","floor":40.0,"turns":5.0},{"damage":24,"enemies":"Nemesis","floor":45,"turns":8},{"damage":43,"enemies":"2 Orb Walkers","floor":47,"turns":6},{"damage":93,"enemies":"Time Eater","floor":50,"turns":10}],"seed_played":"-2123604894202914318","potions_obtained":[{"floor":3.0,"key":"DistilledChaos"},{"floor":4.0,"key":"BloodPotion"},{"floor":5.0,"key":"LiquidBronze"},{"floor":8.0,"key":"Block Potion"},{"floor":20.0,"key":"Dexterity Potion"},{"floor":27.0,"key":"Swift Potion"},{"floor":33.0,"key":"Explosive Potion"},{"floor":36.0,"key":"BlessingOfTheForge"},{"floor":38.0,"key":"Explosive Potion"},{"floor":40.0,"key":"ColorlessPotion"},{"floor":45,"key":"FearPotion"}],"is_trial":false,"path_per_floor":["M","M","M","M","M","E","R","E","T","?","R","M","$","?","R","B",null,"M","$","M","M","M","R","E","R","T","E","?","M","M","$","R","B",null,"M","M","?","M","M","E","R","?","T","R","E","$","?","?","R","B"],"character_chosen":"IRONCLAD","items_purchased":["Regal Pillow","Shrug It Off+1","Armaments+1","Intimidate+1","AttackPotion","Strength Potion","Lee\u0027s Waffle","Burning Pact+1"],"campfire_rested":5,"item_purchase_floors":[13,13,19,31,31,31,46,46],"current_hp_per_floor":[71,71,75,71,66,67,67,40,40,60,60,66,66,66,66,72,78,66,66,62,38,8,47,35,74,74,58,58,29,21,21,60,25,66,69,72,72,58,58,20,59,59,59,59,41,87,50,50,87,0,0],"gold":60,"neow_bonus":"RANDOM_COMMON_RELIC","is_daily":false,"chose_seed":false,"campfire_upgraded":4,"win_rate":0.0,"timestamp":1611401518,"path_taken":["M","M","M","M","M","E","R","E","T","?","R","M","$","?","R","BOSS","M","?","?","M","M","R","E","R","T","E","?","M","M","$","R","BOSS","M","M","?","M","M","E","R","?","T","R","E","$","?","?","R","BOSS"],"items_purchased_type":["Relic","Card","Card","Card","Potion","Potion","Relic","Card"],"build_version":"2020-12-22","purchased_purges":3,"victory":false,"max_hp_per_floor":[80,80,80,80,80,80,80,80,80,80,80,80,80,80,80,80,80,80,80,80,80,80,80,80,80,80,80,80,80,80,80,80,80,80,80,80,80,80,80,80,80,80,80,80,80,87,87,87,87,87,87],"card_choices":[{"not_picked":["Burning Pact","Armaments"],"picked":"Twin Strike","floor":1.0},{"not_picked":["Disarm","Clothesline"],"picked":"Uppercut","floor":2.0},{"not_picked":["Pommel Strike","Wild Strike"],"picked":"Battle Trance","floor":3.0},{"not_picked":["Sentinel","Exhume"],"picked":"Anger","floor":4.0},{"not_picked":["Sever Soul","Clothesline"],"picked":"Evolve","floor":5.0},{"not_picked":["Evolve","Fire Breathing"],"picked":"Pommel Strike","floor":6.0},{"not_picked":["Dropkick","Heavy Blade"],"picked":"Immolate","floor":8.0},{"not_picked":["Twin Strike","Perfected Strike"],"picked":"Thunderclap","floor":12.0},{"not_picked":["Fiend Fire","Reaper"],"picked":"Brutality","floor":16.0},{"not_picked":["Twin Strike+1","Perfected Strike"],"picked":"Spot Weakness+1","floor":18.0},{"not_picked":["Sever Soul","Warcry+1"],"picked":"Dark Embrace","floor":18.0},{"not_picked":["Flex+1","Body Slam"],"picked":"True Grit+1","floor":20.0},{"not_picked":["Searing Blow","Clothesline+1"],"picked":"Sword Boomerang+1","floor":20.0},{"not_picked":["Sword Boomerang","Havoc+1"],"picked":"Bloodletting+1","floor":21.0},{"not_picked":["Heavy Blade","Clash","Dark Embrace"],"picked":"SKIP","floor":21.0},{"not_picked":["Wild Strike+1","Searing Blow"],"picked":"Disarm+1","floor":22.0},{"not_picked":["Body Slam","Dropkick"],"picked":"Rage+1","floor":22.0},{"not_picked":["Rupture","Sword Boomerang+1"],"picked":"Sentinel+1","floor":24.0},{"not_picked":["Bloodletting+1","Shrug It Off+1"],"picked":"Warcry+1","floor":27.0},{"not_picked":["Sword Boomerang","Thunderclap","Wild Strike"],"picked":"SKIP","floor":29.0},{"not_picked":["Combust+1","Demon Form","Fire Breathing"],"picked":"SKIP","floor":29.0},{"not_picked":["Shrug It Off+1","Perfected Strike"],"picked":"Armaments+1","floor":30.0},{"not_picked":["Dark Embrace","Thunderclap","Perfected Strike"],"picked":"SKIP","floor":30.0},{"not_picked":["Feed","Reaper"],"picked":"Berserk","floor":33.0},{"not_picked":["Anger","Armaments+1"],"picked":"Infernal Blade+1","floor":35.0},{"not_picked":["Havoc+1","Twin Strike","Sword Boomerang+1"],"picked":"SKIP","floor":35.0},{"not_picked":["Clothesline","Evolve"],"picked":"Shrug It Off+1","floor":36.0},{"not_picked":["Perfected Strike","Feed","Headbutt"],"picked":"SKIP","floor":36.0},{"not_picked":["Clothesline+1","Thunderclap"],"picked":"Sentinel+1","floor":38.0},{"not_picked":["Heavy Blade","Perfected Strike+1","Shrug It Off+1"],"picked":"SKIP","floor":38.0},{"not_picked":["Dropkick+1","True Grit+1"],"picked":"Feel No Pain+1","floor":39.0},{"not_picked":["Bludgeon","Infernal Blade+1"],"picked":"Armaments+1","floor":39.0},{"not_picked":["Clash","Sword Boomerang+1","Reckless Charge"],"picked":"SKIP","floor":40.0},{"not_picked":["Good Instincts+1","Madness+1"],"picked":"Enlightenment+1","floor":42.0},{"not_picked":["Cleave","Wild Strike","Anger"],"picked":"SKIP","floor":45},{"not_picked":["Perfected Strike+1","Flex+1"],"picked":"Fire Breathing+1","floor":47}],"player_experience":301416,"relics_obtained":[{"floor":6.0,"key":"Toxic Egg 2"},{"floor":8.0,"key":"Paper Frog"},{"floor":9.0,"key":"Lantern"},{"floor":17.0,"key":"Nunchaku"},{"floor":17.0,"key":"InkBottle"},{"floor":17.0,"key":"Prayer Wheel"},{"floor":24.0,"key":"Bag of Preparation"},{"floor":26.0,"key":"Ornamental Fan"},{"floor":27.0,"key":"Happy Flower"},{"floor":40.0,"key":"Juzu Bracelet"},{"floor":43.0,"key":"Letter Opener"},{"floor":45,"key":"Omamori"},{"floor":47,"key":"Incense Burner"}],"event_choices":[{"damage_healed":20.0,"max_hp_gain":0.0,"max_hp_loss":0.0,"gold_gain":0.0,"event_name":"The Cleric","player_choice":"Healed","floor":10.0,"gold_loss":35.0,"damage_taken":0.0},{"damage_healed":0.0,"max_hp_gain":0.0,"max_hp_loss":0.0,"gold_gain":0.0,"event_name":"Upgrade Shrine","player_choice":"Upgraded","floor":14.0,"gold_loss":0.0,"damage_taken":0.0,"cards_upgraded":["Evolve"]},{"damage_healed":0.0,"max_hp_gain":0.0,"max_hp_loss":0.0,"gold_gain":0.0,"event_name":"Accursed Blacksmith","player_choice":"Forge","floor":28.0,"gold_loss":0.0,"damage_taken":0.0,"cards_upgraded":["Dark Embrace"]},{"damage_healed":0.0,"max_hp_gain":0.0,"max_hp_loss":0.0,"gold_gain":0.0,"event_name":"Duplicator","player_choice":"Copied","floor":37.0,"gold_loss":0.0,"damage_taken":0.0,"cards_obtained":["Bloodletting"]},{"damage_healed":0.0,"max_hp_gain":0.0,"max_hp_loss":0.0,"gold_gain":0.0,"event_name":"SensoryStone","player_choice":"Memory 1","floor":42.0,"gold_loss":0.0,"damage_taken":0.0},{"damage_healed":0,"gold_gain":0,"player_choice":"Fight","damage_taken":0,"max_hp_gain":0,"max_hp_loss":0,"event_name":"Mysterious Sphere","floor":47,"gold_loss":0},{"cards_removed":["Sentinel"],"damage_healed":0,"gold_gain":0,"player_choice":"Removed Skill","damage_taken":0,"max_hp_gain":0,"max_hp_loss":0,"event_name":"Falling","floor":48,"gold_loss":0}],"is_beta":false,"boss_relics":[{"not_picked":["Busted Crown","Philosopher\u0027s Stone"],"picked":"Calling Bell"},{"not_picked":["Runic Pyramid","Runic Cube"],"picked":"Mark of Pain"}],"items_purged_floors":[13,19,31],"is_endless":false,"potions_floor_spawned":[3,4,5,8,16,20,21,27,33,36,38,40,45],"killed_by":"Time Eater","ascension_level":6}}