{"host":"fmb9x04chdot191d","time":1611445642,"event":{"mods":["2.2 Compatiblity","AchievementEnabler","BaseMod","BetterRewards","Colored Map","Downfall","Hermit","Highlight Path","Marisa（霧雨　魔理沙）","Minty Spire (QoL Compilation)","Permanent Neow","Quick Restart","Rare Cards Sparkle","StSLib","The Servant 0.9.4","[IsaacMod]以撒尖塔"],"gold_per_floor":[114,2,2,77,42,71,71,106,186,226,233,233,270,297,297,433,433,452,475,574,612,212,280,280,280,349,366,366,400,478,532,532,634,634,661,391,419,446,446,446,493,493,493,493,535,535,385,392,392,399,399,399,52,92,197],"floor_reached":56,"language":"ENG","playtime":3292,"items_purged":["Defend_B","Strike_B","Defend_B","Defend_B","Strike_B+1"],"score":1384,"play_id":"812541b3-d718-48c5-bbd2-a6818202d258","local_time":"20210124124722","is_ascension_mode":true,"campfire_choices":[{"data":"EpicFetus","floor":7.0,"key":"SMITH"},{"floor":12.0,"key":"REST"},{"floor":15.0,"key":"REST"},{"floor":25.0,"key":"RECALL"},{"data":"Double Energy","floor":28.0,"key":"SMITH"},{"data":"Amplify","floor":32.0,"key":"SMITH"},{"data":"ElectricPowerLearning","floor":40,"key":"SMITH"},{"floor":42,"key":"REST"},{"data":"White Noise","floor":44,"key":"SMITH"},{"data":"Biased Cognition","floor":46,"key":"SMITH"},{"data":"Defragment","floor":49,"key":"SMITH"},{"data":"Zap","floor":52,"key":"SMITH"}],"circlet_count":0,"master_deck":["Strike_B+1","Defend_B","Zap+1","Dualcast+1","EpicFetus+1","Pulse","Storm+1","Reinforced Body","Biased Cognition+1","Consume","Amplify+1","Multi-Cast","Double Energy+1","Defragment+1","Capacitor+1","Lockon+1","White Noise+1","Echo Form","Sunder+1","ElectricPowerLearning+1","White Noise+1","Redo+1","Redo+1"],"relics":["Cracked Core","HushsDoor","GuppysTail","SalivaCoin","Strawberry","Bottled Tornado","MealTicket","MagicMushroom","Blood Vial","MagicMushroom","Molten Egg 2","HornCleat","Potion Belt","Whetstone","Black Star","Juzu Bracelet","Shuriken","Bottled Lightning","Mercury Hourglass","Happy Flower","Dream Catcher","Blue Candle","Sling","Orichalcum","Lantern","BookOfRevelations"],"acts_visited":["Exordium","TheCity","TheBeyond","TheEnding"],"potions_floor_usage":[50,50,55,55,55,55],"damage_taken":[{"damage":2.0,"enemies":"2 Louse","floor":1.0,"turns":2.0},{"damage":21.0,"enemies":"Lagavulin","floor":6.0,"turns":6.0},{"damage":14.0,"enemies":"Gremlin Nob","floor":8.0,"turns":4.0},{"damage":18.0,"enemies":"3 Sentries","floor":10.0,"turns":4.0},{"damage":13.0,"enemies":"Lagavulin","floor":13.0,"turns":5.0},{"damage":7.0,"enemies":"Jaw Worm","floor":14.0,"turns":3.0},{"damage":15.0,"enemies":"Hexaghost","floor":16.0,"turns":5.0},{"damage":0.0,"enemies":"Spheric Guardian","floor":18.0,"turns":3.0},{"damage":4.0,"enemies":"Chosen","floor":19.0,"turns":3.0},{"damage":22.0,"enemies":"Sentry and Sphere","floor":21.0,"turns":4.0},{"damage":33.0,"enemies":"Gremlin Leader","floor":23.0,"turns":5.0},{"damage":0.0,"enemies":"Centurion and Healer","floor":27.0,"turns":3.0},{"damage":18.0,"enemies":"Snake Plant","floor":29.0,"turns":2.0},{"damage":38.0,"enemies":"Hiden Room Battle","floor":30.0,"turns":3.0},{"damage":30.0,"enemies":"Slavers","floor":31.0,"turns":4.0},{"damage":5.0,"enemies":"Automaton","floor":33.0,"turns":6.0},{"damage":7.0,"enemies":"Orb Walker","floor":35.0,"turns":3.0},{"damage":14,"enemies":"3 Shapes","floor":37,"turns":2},{"damage":18,"enemies":"Writhing Mass","floor":38,"turns":5},{"damage":39,"enemies":"Nemesis","floor":41,"turns":3},{"damage":7,"enemies":"Giant Head","floor":45,"turns":4},{"damage":8,"enemies":"Donu and Deca","floor":50,"turns":3},{"damage":11,"enemies":"Shield and Spear","floor":54,"turns":4},{"damage":135,"enemies":"LittleHush","floor":55,"turns":11}],"seed_played":"-3414736315486503709","potions_obtained":[{"floor":10.0,"key":"SkillPotion"},{"floor":13.0,"key":"AttackPotion"},{"floor":18.0,"key":"hexamod:SoulburnPotion"},{"floor":21.0,"key":"Swift Potion"},{"floor":23.0,"key":"DuplicationPotion"},{"floor":30.0,"key":"Ancient Potion"},{"floor":33.0,"key":"Swift Potion"},{"floor":37,"key":"SkillPotion"},{"floor":54,"key":"BlessingOfTheForge"}],"is_trial":false,"path_per_floor":["M","$","?","?","?","E","R","E","T","E","?","R","E","M","R","B",null,"M","M","?","M","$","E","?","R","T","M","R","M","?","E","R","B",null,"M","$","M","M","?","R","E","R","T","R","E","R","$","?","R","B",null,"R","$","E","B",null],"character_chosen":"DEFECT","items_purchased":["Storm","Multi-Cast","Double Energy","Defragment","Blood Vial","Juzu Bracelet","Sling","Orichalcum","Block Potion"],"campfire_rested":3,"item_purchase_floors":[2,17,22,22,22,36,53,53,53],"current_hp_per_floor":[73,73,73,62,75,54,54,47,47,29,13,37,24,17,41,26,80,80,76,76,55,70,47,47,47,47,52,52,38,5,58,58,58,87,81,87,73,60,60,60,26,52,52,52,50,50,65,60,60,57,87,87,87,77,61],"gold":197,"neow_bonus":"TRANSFORM_CARD","is_daily":false,"chose_seed":false,"campfire_upgraded":8,"win_rate":0.0,"timestamp":1611445642,"path_taken":["M","$","?","?","?","E","R","E","T","E","?","R","E","M","R","BOSS","M","M","?","M","$","E","?","R","T","M","R","?","?","E","R","BOSS","M","$","M","M","?","R","E","R","T","R","E","R","$","?","R","BOSS","R","$","E","BOSS"],"items_purchased_type":["Card","Card","Card","Card","Relic","Relic","Relic","Relic","Potion"],"build_version":"2020-12-22","purchased_purges":5,"victory":true,"max_hp_per_floor":[75,75,75,75,75,75,75,82,82,82,82,82,82,82,82,82,80,80,80,80,80,80,87,87,87,87,87,87,87,87,87,87,87,87,87,87,87,87,87,87,87,87,87,87,87,87,87,87,87,87,87,87,87,87,87],"card_choices":[{"not_picked":[],"picked":"EpicFetus","floor":0.0},{"not_picked":["Go for the Eyes","Rebound","Streamline"],"picked":"SKIP","floor":1.0},{"not_picked":["Leap","Coolheaded"],"picked":"Reinforced Body","floor":6.0},{"not_picked":["Ball Lightning","Conserve Battery"],"picked":"Biased Cognition","floor":8.0},{"not_picked":["Cold Snap","Rebound","Coolheaded"],"picked":"SKIP","floor":10.0},{"not_picked":["Core Surge","Rebound"],"picked":"Consume","floor":13.0},{"not_picked":["Melter","Recycle"],"picked":"Bomb","floor":14.0},{"not_picked":["Machine Learning","Reboot"],"picked":"Amplify","floor":16.0},{"not_picked":["Steam+1","Beam Cell","Glacier"],"picked":"SKIP","floor":18.0},{"not_picked":["Chill","Cold Snap","Darkness"],"picked":"SKIP","floor":19.0},{"not_picked":["Chaos","Blizzard","Barrage"],"picked":"SKIP","floor":21.0},{"not_picked":["Steam","Scrape"],"picked":"Capacitor+1","floor":23.0},{"not_picked":["Melter+1","Leap"],"picked":"Lockon+1","floor":27.0},{"not_picked":["Hologram","Capacitor"],"picked":"White Noise","floor":29.0},{"not_picked":["Scrape+1","Conserve Battery+1"],"picked":"Echo Form","floor":30.0},{"not_picked":["Blizzard+1","Sweeping Beam+1"],"picked":"Sunder+1","floor":31.0},{"not_picked":["Fission","Hyperbeam+1"],"picked":"ElectricPowerLearning","floor":33.0},{"not_picked":["Hologram+1","Rip and Tear+1"],"picked":"White Noise+1","floor":35.0},{"not_picked":["Compile Driver+1","Ball Lightning+1"],"picked":"Redo+1","floor":37},{"not_picked":["Go for the Eyes+1","Hello World"],"picked":"Redo+1","floor":38},{"not_picked":["Sweeping Beam+1","Compile Driver+1","Go for the Eyes+1"],"picked":"SKIP","floor":41},{"not_picked":["Coolheaded","Gash+1","Go for the Eyes+1"],"picked":"SKIP","floor":45},{"not_picked":["Stack","Self Repair","Pulse"],"picked":"SKIP","floor":54}],"player_experience":61128,"relics_obtained":[{"floor":6.0,"key":"SalivaCoin"},{"floor":8.0,"key":"Strawberry"},{"floor":10.0,"key":"Bottled Tornado"},{"floor":13.0,"key":"MealTicket"},{"floor":23.0,"key":"Diplopia"},{"floor":26.0,"key":"Molten Egg 2"},{"floor":30.0,"key":"HornCleat"},{"floor":30.0,"key":"Potion Belt"},{"floor":31.0,"key":"Whetstone"},{"floor":41,"key":"Shuriken"},{"floor":41,"key":"Bottled Lightning"},{"floor":43,"key":"Mercury Hourglass"},{"floor":45,"key":"Happy Flower"},{"floor":45,"key":"Dream Catcher"},{"floor":54,"key":"Lantern"},{"floor":54,"key":"BookOfRevelations"}],"event_choices":[{"damage_healed":0.0,"max_hp_gain":0.0,"max_hp_loss":0.0,"gold_gain":0.0,"event_name":"Living Wall","player_choice":"Grow","floor":3.0,"gold_loss":0.0,"damage_taken":0.0,"cards_upgraded":["Storm"]},{"damage_healed":0.0,"max_hp_gain":0.0,"max_hp_loss":0.0,"gold_gain":75.0,"event_name":"World of Goop","player_choice":"Gather Gold","floor":4.0,"gold_loss":0.0,"damage_taken":11.0},{"damage_healed":18.0,"max_hp_gain":0.0,"max_hp_loss":0.0,"gold_gain":0.0,"event_name":"The Cleric","player_choice":"Healed","floor":5.0,"gold_loss":35.0,"damage_taken":0.0},{"damage_healed":0.0,"max_hp_gain":0.0,"max_hp_loss":0.0,"gold_gain":0.0,"event_name":"Shining Light","player_choice":"Entered Light","floor":11.0,"gold_loss":0.0,"damage_taken":16.0,"cards_upgraded":["Strike_B","Dualcast"]},{"damage_healed":0.0,"max_hp_gain":0.0,"max_hp_loss":0.0,"gold_gain":99.0,"event_name":"Nest","player_choice":"Stole From Cult","floor":20.0,"gold_loss":0.0,"damage_taken":0.0},{"damage_healed":0.0,"max_hp_gain":0.0,"max_hp_loss":0.0,"gold_gain":0.0,"event_name":"The Mausoleum","player_choice":"Ignored","floor":24.0,"gold_loss":0.0,"damage_taken":0.0},{"damage_healed":0.0,"max_hp_gain":0.0,"max_hp_loss":0.0,"gold_gain":0.0,"event_name":"HidenRoomEvent","player_choice":"Fight","floor":30.0,"gold_loss":0.0,"damage_taken":0.0},{"damage_healed":0,"gold_gain":0,"player_choice":"Memory 1","damage_taken":0,"max_hp_gain":0,"max_hp_loss":0,"event_name":"SensoryStone","floor":39,"gold_loss":0}],"is_beta":false,"boss_relics":[{"not_picked":["Runic Pyramid","Ectoplasm"],"picked":"MagicMushroom"},{"not_picked":[]},{"not_picked":["ChampionBelt","Coffee Dripper"],"picked":"Black Star"},{"not_picked":[]}],"items_purged_floors":[2,17,22,36,47],"is_endless":false,"potions_floor_spawned":[10,13,18,21,23,30,33,37,45,54],"ascension_level":2}}