{"host":"h229x4pcvu3jceaj","time":1611420426,"event":{"mods":["AchievementEnabler","BaseMod","Bestiary","BetterRewards","Colored Powertips","Downfall","GifTheSpireLib","Minty Spire (QoL Compilation)","StSLib","The Animator"],"gold_per_floor":[99,111,128,38,58,58,84,69,69,80,80,80,90,124,144,247,247,47,65,50,50,35,54,54,68,80,80,93,110,291,291,291,291],"floor_reached":31,"language":"ENG","playtime":2196,"items_purged":["bronze:Strike","bronze:Strike"],"score":239,"play_id":"82cc8fb1-65c5-434d-b921-6e07a813150e","local_time":"20210124004706","is_ascension_mode":false,"campfire_choices":[{"data":"bronze:Goto","floor":1,"key":"SMITH"},{"data":"bronze:WhirlingStrike","floor":9,"key":"SMITH"},{"floor":12,"key":"RECALL"},{"data":"bronze:SpaghettiCode","floor":18,"key":"SMITH"},{"data":"bronze:GetLatest","floor":27,"key":"SMITH"}],"circlet_count":0,"master_deck":["bronze:Defend","bronze:Defend","bronze:Defend","bronze:Defend","bronze:Replicate","bronze:Goto+1","bronze:ClassDefault","bronze:WhirlingStrike+1","bronze:Turbo","bronze:GetLatest+1","bronze:DelayedGuard","bronze:CutThrough","bronze:HardenedForm","bronze:Repulsor","bronze:Iterate","bronze:SpaghettiCode+1","bronze:Optimize","bronze:DelayedSlice","bronze:ClassDefault","bronze:GetLatest+1","bronze:GetLatest+1","bronze:OilSpill+1","bronze:Fortify","bronze:Turbo","bronze:HardenedForm","bronze:MaxOutput"],"relics":["bronze:BronzeCore","InkBottle","Strawberry","Blood Vial","Black Star","downfall:HeartBlessingRed","downfall:HeartBlessingGreen","HornCleat"],"acts_visited":["Exordium","TheCity"],"potions_floor_usage":[16],"damage_taken":[{"damage":0,"enemies":"Cultist","floor":2,"turns":4},{"damage":0,"enemies":"Small Slimes","floor":3,"turns":3},{"damage":5,"enemies":"downfall:FleeingMerchant","floor":4,"turns":4},{"damage":5,"enemies":"2 Louse","floor":5,"turns":2},{"damage":0,"enemies":"downfall:FleeingMerchant","floor":8,"turns":4},{"damage":7,"enemies":"Blue Slaver","floor":10,"turns":2},{"damage":10,"enemies":"3 Louse","floor":13,"turns":3},{"damage":3,"enemies":"Lagavulin","floor":14,"turns":5},{"damage":0,"enemies":"Large Slime","floor":15,"turns":3},{"damage":25,"enemies":"IC_STATUS_ARCHETYPE","floor":16,"turns":8},{"damage":2,"enemies":"Spheric Guardian","floor":19,"turns":3},{"damage":8,"enemies":"downfall:FleeingMerchant","floor":20,"turns":4},{"damage":2,"enemies":"downfall:FleeingMerchant","floor":22,"turns":4},{"damage":34,"enemies":"Shell Parasite","floor":23,"turns":4},{"damage":18,"enemies":"Cultist and Chosen","floor":25,"turns":7},{"damage":0,"enemies":"Sentry and Sphere","floor":26,"turns":3},{"damage":0,"enemies":"Snecko","floor":28,"turns":5},{"damage":10,"enemies":"Cultist and Chosen","floor":29,"turns":3},{"damage":16,"enemies":"downfall:FleeingMerchant","floor":30,"turns":3},{"damage":21,"enemies":"Centurion and Healer","floor":31,"turns":3}],"seed_played":"-3276390362955460386","potions_obtained":[{"floor":5,"key":"DuplicationPotion"},{"floor":10,"key":"SkillPotion"},{"floor":14,"key":"AttackPotion"},{"floor":19,"key":"SneckoOil"},{"floor":26,"key":"Dexterity Potion"}],"is_trial":false,"path_per_floor":["R","M","M","$","M","?","T","$","R","M","?","R","M","E","M","B",null,"R","M","$","?","$","M","T","M","M","R","M","M","$","M"],"character_chosen":"THE_AUTOMATON","items_purchased":["bronze:MaxOutput"],"campfire_rested":0,"item_purchase_floors":[30],"current_hp_per_floor":[77,77,77,72,67,60,67,67,67,60,60,60,50,47,49,26,84,84,82,76,76,76,44,44,28,30,30,32,24,10,0,0,0],"gold":291,"neow_bonus":"TEN_PERCENT_HP_BONUS","is_daily":false,"chose_seed":false,"campfire_upgraded":4,"win_rate":0.0,"timestamp":1611420426,"path_taken":["R","M","M","$","M","?","T","$","R","M","?","R","M","E","M","BOSS","R","M","$","?","$","M","T","M","M","R","M","M","?","M"],"items_purchased_type":["Card"],"build_version":"2020-12-22","purchased_purges":2,"victory":false,"max_hp_per_floor":[77,77,77,77,77,77,84,84,84,84,84,84,84,84,84,84,84,84,84,84,84,84,84,84,84,84,84,84,84,84,84,84,84],"card_choices":[{"not_picked":["bronze:WildBeam","bronze:Shield"],"picked":"bronze:ClassDefault","floor":2},{"not_picked":["bronze:DelayedGuard","bronze:Invalidate"],"picked":"bronze:WhirlingStrike","floor":3},{"not_picked":["bronze:Branch","bronze:Deprecate"],"picked":"bronze:Turbo","floor":4},{"not_picked":["bronze:BuggyMess","bronze:Fortify"],"picked":"bronze:GetLatest","floor":5},{"not_picked":["bronze:Invalidate","bronze:Deprecate"],"picked":"bronze:DelayedGuard","floor":8},{"not_picked":["bronze:WhirlingStrike","bronze:DigitalCarnage"],"picked":"bronze:CutThrough","floor":10},{"not_picked":["bronze:Return","bronze:DarkDash"],"picked":"bronze:HardenedForm","floor":13},{"not_picked":["bronze:DelayedSlice","bronze:Frontload"],"picked":"bronze:Repulsor","floor":14},{"not_picked":["bronze:MaxOutput","bronze:FineTuning"],"picked":"bronze:Iterate","floor":15},{"not_picked":["bronze:Virus","bronze:RecursiveStrike"],"picked":"bronze:SpaghettiCode","floor":16},{"not_picked":["bronze:Fortify+1","bronze:Frontload"],"picked":"bronze:Optimize","floor":19},{"not_picked":["bronze:Philosophize","bronze:Repair+1"],"picked":"bronze:DelayedSlice","floor":20},{"not_picked":["bronze:NullPointer","bronze:Return"],"picked":"bronze:ClassDefault","floor":22},{"not_picked":["bronze:DarkDash+1","bronze:BuggyMess"],"picked":"bronze:GetLatest+1","floor":23},{"not_picked":["bronze:WhirlingStrike","bronze:FineTuning"],"picked":"bronze:GetLatest+1","floor":25},{"not_picked":["bronze:Fortify","bronze:Philosophize+1"],"picked":"bronze:OilSpill+1","floor":26},{"not_picked":["bronze:DarkDash","bronze:WildBeam"],"picked":"bronze:Fortify","floor":28},{"not_picked":["bronze:Allocate","bronze:DelayedSlice"],"picked":"bronze:Turbo","floor":29},{"not_picked":["bronze:Deprecate","bronze:DelayedSlice"],"picked":"bronze:HardenedForm","floor":30}],"player_experience":485334,"relics_obtained":[{"floor":7,"key":"Strawberry"},{"floor":14,"key":"Blood Vial"},{"floor":24,"key":"HornCleat"}],"event_choices":[{"damage_healed":0,"gold_gain":0,"player_choice":"Success","damage_taken":7,"relics_obtained":["InkBottle"],"max_hp_gain":0,"max_hp_loss":0,"event_name":"Scrap Ooze","floor":6,"gold_loss":0},{"cards_removed":["bronze:Strike"],"damage_healed":0,"gold_gain":0,"player_choice":"Card Removal","damage_taken":0,"max_hp_gain":0,"max_hp_loss":0,"event_name":"The Cleric","floor":11,"gold_loss":0}],"is_beta":false,"boss_relics":[{"not_picked":["Fusion Hammer","Calling Bell"],"picked":"Black Star"}],"items_purged_floors":[4,30],"is_endless":false,"potions_floor_spawned":[5,10,14,15,19,25,26,29],"killed_by":"Centurion and Healer","ascension_level":0}}