{"host":"qsusua7l529r8z9k","time":1611386125,"event":{"mods":["Aspiration","BaseMod","Minty Spire (QoL Compilation)","Spicy Shops","StSLib"],"gold_per_floor":[109,126,126,138,157,157,157,190,190,170,170,201,72,103,103,174,174,188,207,226,226,226],"floor_reached":21,"language":"ZHS","playtime":715,"items_purged":[],"score":648,"play_id":"03cfe6b4-2d98-46a4-8c4d-2dabfce19a5d","local_time":"20210123151525","is_ascension_mode":true,"campfire_choices":[{"data":"Conclude","floor":6.0,"key":"SMITH"},{"data":"FlurryOfBlows","floor":11.0,"key":"SMITH"},{"data":"1","floor":15.0,"key":"LIFT"}],"circlet_count":0,"master_deck":["AscendersBane","Strike_P","Strike_P","Strike_P","Defend_P","Defend_P","Defend_P","Defend_P","Eruption+1","Vigilance","FlurryOfBlows+1","Conclude+1","Tantrum","Omniscience","CurseOfTheBell","WheelKick"],"relics":["SlaversCollar","InkBottle","Juzu Bracelet","Matryoshka","Girya","aspiration:StickyExplosives_weak","Calling Bell","Nunchaku","aspiration:FrozenJewel","Ice Cream"],"acts_visited":["Exordium","TheCity"],"potions_floor_usage":[21],"damage_taken":[{"damage":0.0,"enemies":"Jaw Worm","floor":1.0,"turns":3.0},{"damage":9.0,"enemies":"Cultist","floor":2.0,"turns":5.0},{"damage":0.0,"enemies":"Small Slimes","floor":4.0,"turns":2.0},{"damage":5.0,"enemies":"Blue Slaver","floor":5.0,"turns":2.0},{"damage":17.0,"enemies":"Lagavulin","floor":8.0,"turns":6.0},{"damage":0.0,"enemies":"3 Sentries","floor":12.0,"turns":1.0},{"damage":17.0,"enemies":"Gremlin Nob","floor":14.0,"turns":3.0},{"damage":9.0,"enemies":"The Guardian","floor":16.0,"turns":8.0},{"damage":24.0,"enemies":"2 Thieves","floor":18.0,"turns":4.0},{"damage":16.0,"enemies":"Shell Parasite","floor":19.0,"turns":5.0},{"damage":12.0,"enemies":"3 Cultists","floor":20.0,"turns":3.0},{"damage":34,"enemies":"Shelled Parasite and Fungi","floor":21,"turns":2}],"seed_played":"-6082489104712068426","potions_obtained":[{"floor":1.0,"key":"Regen Potion"},{"floor":2.0,"key":"SpeedPotion"},{"floor":10.0,"key":"Swift Potion"},{"floor":12.0,"key":"Energy Potion"},{"floor":19.0,"key":"SpeedPotion"}],"is_trial":false,"path_per_floor":["M","M","?","M","M","R","?","E","T","?","R","E","$","E","R","B",null,"M","M","M","M"],"character_chosen":"WATCHER","items_purchased":["Girya"],"campfire_rested":0,"item_purchase_floors":[13],"current_hp_per_floor":[61,52,52,52,47,47,40,35,35,35,35,35,35,18,18,9,53,29,13,1,0,0],"gold":226,"neow_bonus":"BOSS_RELIC","is_daily":false,"chose_seed":false,"campfire_upgraded":2,"win_rate":0.0,"timestamp":1611386125,"path_taken":["M","M","?","M","?","R","?","E","T","?","R","E","$","E","R","BOSS","M","M","M","M"],"items_purchased_type":["Relic"],"build_version":"2020-12-22","purchased_purges":0,"victory":false,"max_hp_per_floor":[68,68,68,68,68,68,68,68,68,68,68,68,68,68,68,68,68,68,68,68,68,68],"card_choices":[{"not_picked":["MentalFortress","Halt","Weave"],"picked":"SKIP","floor":1.0},{"not_picked":["CutThroughFate","SandsOfTime"],"picked":"FlurryOfBlows","floor":2.0},{"not_picked":["SashWhip","Evaluate"],"picked":"Conclude","floor":4.0},{"not_picked":["Evaluate","ClearTheMind","Protect"],"picked":"SKIP","floor":5.0},{"not_picked":["Protect","Devotion","EmptyBody"],"picked":"SKIP","floor":8.0},{"not_picked":["JustLucky","Protect","Pray"],"picked":"SKIP","floor":12.0},{"not_picked":["ForeignInfluence","Consecrate"],"picked":"Tantrum","floor":14.0},{"not_picked":["DeusExMachina","Vault"],"picked":"Omniscience","floor":16.0},{"not_picked":["PathToVictory+1","Prostrate","ForeignInfluence"],"picked":"SKIP","floor":18.0},{"not_picked":["ThirdEye","CrushJoints","EmptyFist"],"picked":"SKIP","floor":19.0},{"not_picked":["FlurryOfBlows","Wallop"],"picked":"WheelKick","floor":20}],"player_experience":472503,"relics_obtained":[{"floor":8.0,"key":"InkBottle"},{"floor":9.0,"key":"Juzu Bracelet"},{"floor":12.0,"key":"Matryoshka"},{"floor":14.0,"key":"aspiration:StickyExplosives_weak"},{"floor":17.0,"key":"Nunchaku"},{"floor":17.0,"key":"aspiration:FrozenJewel"},{"floor":17.0,"key":"Ice Cream"}],"event_choices":[{"damage_healed":0.0,"max_hp_gain":0.0,"max_hp_loss":0.0,"gold_gain":0.0,"event_name":"Accursed Blacksmith","player_choice":"Forge","floor":3.0,"gold_loss":0.0,"damage_taken":0.0,"cards_upgraded":["Eruption"]},{"cards_removed":["Strike_P"],"damage_healed":0.0,"max_hp_gain":0.0,"max_hp_loss":0.0,"gold_gain":0.0,"event_name":"Golden Wing","player_choice":"Card Removal","floor":7.0,"gold_loss":0.0,"damage_taken":7.0},{"damage_healed":0.0,"max_hp_gain":0.0,"max_hp_loss":0.0,"gold_gain":0.0,"event_name":"The Woman in Blue","player_choice":"Bought 1 Potion","floor":10.0,"gold_loss":0.0,"damage_taken":0.0}],"is_beta":false,"boss_relics":[{"not_picked":["aspiration:SecretTechniqueScroll","Philosopher\u0027s Stone"],"picked":"Calling Bell"}],"items_purged_floors":[],"is_endless":false,"potions_floor_spawned":[1,2,12,16,19],"killed_by":"Shelled Parasite and Fungi","ascension_level":20}}