{"host":"qgpqu878cmwvz894","time":1611407060,"event":{"mods":["AchievementEnabler","BaseMod","Colored Map","Minty Spire (QoL Compilation)","Rare Cards Sparkle","SuperFastMode"],"gold_per_floor":[113,35,35,35,35,70,70,114,169,169,169,169,207,226,226,349,349,364,364,364,84,107,107,107],"floor_reached":23,"language":"KOR","playtime":790,"items_purged":["Defend_R"],"score":213,"play_id":"33cc1660-7f71-4745-bbc6-69be4a31b987","local_time":"20210123220420","is_ascension_mode":true,"campfire_choices":[{"floor":11,"key":"REST"},{"floor":15,"key":"REST"}],"circlet_count":0,"master_deck":["Strike_R","Strike_R","Strike_R","Strike_R","Strike_R","Defend_R","Defend_R","Bash","Swift Strike","Flex","Infernal Blade+1","Thunderclap","Injury","Clash","Perfected Strike","Immolate","Bludgeon","Flex","Flash of Steel","Pummel","Wild Strike"],"relics":["Burning Blood","The Courier","Golden Idol","Strawberry","Juzu Bracelet","Paper Frog","Ornamental Fan","Black Star","Kunai","Toolbox"],"acts_visited":["Exordium","TheCity"],"potions_floor_usage":[16,18,22,23,23,23],"damage_taken":[{"damage":0,"enemies":"Small Slimes","floor":1,"turns":3},{"damage":31,"enemies":"Lagavulin","floor":6,"turns":5},{"damage":47,"enemies":"3 Sentries","floor":8,"turns":9},{"damage":14,"enemies":"Gremlin Nob","floor":13,"turns":3},{"damage":7,"enemies":"Jaw Worm","floor":14,"turns":2},{"damage":59,"enemies":"The Guardian","floor":16,"turns":8},{"damage":15,"enemies":"3 Byrds","floor":18,"turns":3},{"damage":20,"enemies":"2 Thieves","floor":22,"turns":2},{"damage":64,"enemies":"Slavers","floor":23,"turns":3}],"seed_played":"5291955343143455198","potions_obtained":[{"floor":13,"key":"Swift Potion"},{"floor":16,"key":"SteroidPotion"},{"floor":20,"key":"ColorlessPotion"},{"floor":20,"key":"GamblersBrew"},{"floor":20,"key":"DistilledChaos"},{"floor":22,"key":"DuplicationPotion"}],"is_trial":false,"path_per_floor":["M","$","?","T","?","E","?","E","T","T","R","?","E","M","R","B",null,"M","T","?","$","M","E"],"character_chosen":"IRONCLAD","items_purchased":["Infernal Blade","Flash of Steel","Toolbox","Pummel"],"campfire_rested":2,"item_purchase_floors":[2,21,21,21],"current_hp_per_floor":[80,80,80,80,80,55,55,21,21,21,47,47,39,38,64,11,87,78,78,78,78,64,0,0],"gold":107,"neow_bonus":"RANDOM_COLORLESS","is_daily":false,"chose_seed":false,"campfire_upgraded":0,"win_rate":0.0,"timestamp":1611407060,"path_taken":["M","$","?","?","?","E","?","E","T","?","R","?","E","M","R","BOSS","M","?","?","$","M","E"],"items_purchased_type":["Card","Card","Relic","Card"],"build_version":"2020-12-22","purchased_purges":1,"victory":false,"max_hp_per_floor":[80,80,80,80,80,80,80,87,87,87,87,87,87,87,87,87,87,87,87,87,87,87,87,87],"card_choices":[{"not_picked":["Forethought","Purity"],"picked":"Swift Strike","floor":0},{"not_picked":["Armaments","Havoc"],"picked":"Flex","floor":1},{"not_picked":["Headbutt","Shockwave"],"picked":"Thunderclap","floor":6},{"not_picked":["Clothesline","True Grit"],"picked":"Clash","floor":8},{"not_picked":["Clothesline","True Grit"],"picked":"Perfected Strike","floor":13},{"not_picked":["Dark Embrace","Spot Weakness"],"picked":"Immolate","floor":14},{"not_picked":["Demon Form","Corruption"],"picked":"Bludgeon","floor":16},{"not_picked":["Armaments","Burning Pact+1"],"picked":"Flex","floor":18},{"not_picked":["Anger+1","Warcry"],"picked":"Wild Strike","floor":22}],"player_experience":111967,"relics_obtained":[{"floor":6,"key":"The Courier"},{"floor":8,"key":"Strawberry"},{"floor":9,"key":"Juzu Bracelet"},{"floor":10,"key":"Paper Frog"},{"floor":13,"key":"Ornamental Fan"},{"floor":19,"key":"Kunai"}],"event_choices":[{"damage_healed":0,"gold_gain":0,"player_choice":"Grow","damage_taken":0,"max_hp_gain":0,"max_hp_loss":0,"event_name":"Living Wall","floor":3,"gold_loss":0,"cards_upgraded":["Infernal Blade"]},{"damage_healed":0,"gold_gain":0,"player_choice":"Leave","damage_taken":0,"max_hp_gain":0,"max_hp_loss":0,"event_name":"The Cleric","floor":5,"gold_loss":0},{"damage_healed":0,"gold_gain":0,"player_choice":"Take Wound","damage_taken":0,"relics_obtained":["Golden Idol"],"max_hp_gain":0,"max_hp_loss":0,"event_name":"Golden Idol","floor":7,"gold_loss":0,"cards_obtained":["Injury"]},{"cards_removed":["Defend_R"],"damage_healed":0,"gold_gain":0,"player_choice":"Offered Basic","damage_taken":0,"max_hp_gain":0,"max_hp_loss":0,"event_name":"Bonfire Elementals","floor":12,"gold_loss":0},{"damage_healed":0,"gold_gain":0,"player_choice":"Got Potions","damage_taken":0,"max_hp_gain":0,"max_hp_loss":0,"event_name":"Lab","floor":20,"gold_loss":0}],"is_beta":false,"boss_relics":[{"not_picked":["Sozu","Coffee Dripper"],"picked":"Black Star"}],"items_purged_floors":[21],"is_endless":false,"potions_floor_spawned":[13,16,22],"killed_by":"Slavers","ascension_level":1}}