{"host":"vyjryxuuuxkt43k4","time":1611370170,"event":{"mods":["AchievementEnabler","BaseMod","Colored Map","DeckTracker","Keyboard Shortcuts","Minty Spire (QoL Compilation)","Permanent Neow","Quick Restart","StSLib","SuperFastMode","everything is the same but u backflip on backflip"],"gold_per_floor":[113,130,147,167,167,167,197,211,211,211,230,249,249,249,249,249,249],"floor_reached":16,"language":"KOR","playtime":926,"items_purged":[],"score":203,"play_id":"7e2a7d92-b7f0-44c6-b95d-60cbfb909cd9","local_time":"20210123114930","is_ascension_mode":true,"campfire_choices":[{"floor":6,"key":"REST"},{"floor":13,"key":"REST"},{"data":"Feel No Pain","floor":15,"key":"SMITH"}],"circlet_count":0,"master_deck":["AscendersBane","Strike_R","Strike_R","Strike_R","Strike_R","Strike_R","Defend_R","Defend_R","Defend_R","Defend_R","Bash","Barricade","Feel No Pain+1","Pommel Strike","Carnage","Intimidate","Reckless Charge","Pummel","Carnage"],"relics":["Burning Blood","Happy Flower","Pear","The Courier","Golden Idol"],"acts_visited":["Exordium"],"potions_floor_usage":[4,7,14,16,16],"damage_taken":[{"damage":24,"enemies":"Cultist","floor":1,"turns":6},{"damage":8,"enemies":"2 Louse","floor":2,"turns":3},{"damage":9,"enemies":"Small Slimes","floor":3,"turns":5},{"damage":19,"enemies":"Gremlin Gang","floor":4,"turns":4},{"damage":21,"enemies":"3 Sentries","floor":7,"turns":10},{"damage":21,"enemies":"Lots of Slimes","floor":8,"turns":7},{"damage":5,"enemies":"Large Slime","floor":11,"turns":5},{"damage":1,"enemies":"3 Louse","floor":12,"turns":3},{"damage":43,"enemies":"The Guardian","floor":16,"turns":6}],"seed_played":"9129297986482933194","potions_obtained":[{"floor":1,"key":"LiquidBronze"},{"floor":2,"key":"SneckoOil"},{"floor":7,"key":"Strength Potion"},{"floor":14,"key":"Fruit Juice"},{"floor":14,"key":"LiquidBronze"}],"is_trial":false,"path_per_floor":["M","M","M","M","?","R","E","M","T","?","M","M","R","?","R","B"],"character_chosen":"IRONCLAD","items_purchased":[],"campfire_rested":2,"item_purchase_floors":[],"current_hp_per_floor":[50,48,45,32,6,28,23,8,8,8,9,14,37,42,42,0,0],"gold":249,"neow_bonus":"ONE_RANDOM_RARE_CARD","is_daily":false,"chose_seed":false,"campfire_upgraded":1,"win_rate":0.0,"timestamp":1611370170,"path_taken":["M","?","M","M","?","R","E","M","T","?","M","M","R","?","R","BOSS"],"items_purchased_type":[],"build_version":"2020-12-22","purchased_purges":0,"victory":false,"max_hp_per_floor":[75,75,75,75,75,75,85,85,85,77,77,77,77,82,82,82,82],"card_choices":[{"not_picked":["Seeing Red","Flex"],"picked":"Feel No Pain","floor":1},{"not_picked":["Heavy Blade","Spot Weakness"],"picked":"Pommel Strike","floor":2},{"not_picked":["Clothesline","Cleave"],"picked":"Carnage","floor":3},{"not_picked":["Combust","Anger"],"picked":"Intimidate","floor":4},{"not_picked":["Clash","Flex","Rupture"],"picked":"SKIP","floor":7},{"not_picked":["Clash","Dropkick"],"picked":"Reckless Charge","floor":8},{"not_picked":["Iron Wave","Pommel Strike"],"picked":"Pummel","floor":11},{"not_picked":["Clash","Heavy Blade"],"picked":"Carnage","floor":12}],"player_experience":241543,"relics_obtained":[{"floor":7,"key":"Pear"},{"floor":9,"key":"The Courier"}],"event_choices":[{"damage_healed":0,"gold_gain":0,"player_choice":"Success","damage_taken":26,"relics_obtained":["Happy Flower"],"max_hp_gain":0,"max_hp_loss":0,"event_name":"Scrap Ooze","floor":5,"gold_loss":0},{"damage_healed":0,"gold_gain":0,"player_choice":"Lose Max HP","damage_taken":0,"relics_obtained":["Golden Idol"],"max_hp_gain":0,"max_hp_loss":8,"event_name":"Golden Idol","floor":10,"gold_loss":0},{"damage_healed":0,"gold_gain":0,"player_choice":"Got Potions","damage_taken":0,"max_hp_gain":0,"max_hp_loss":0,"event_name":"Lab","floor":14,"gold_loss":0}],"is_beta":false,"boss_relics":[],"items_purged_floors":[],"is_endless":false,"potions_floor_spawned":[1,2,7],"killed_by":"The Guardian","ascension_level":19}}