{"host":"ao8ok4k25npyixk7","time":1611420971,"event":{"mods":["BaseMod","Colored Map","Minty Spire (QoL Compilation)"],"gold_per_floor":[119,119,44,64,64,94,94,122,122,136,149,149,149,149,149,224,224,234,234,254,27,27,54,54,54,54,54,74,86,103,123,123,197,197,212,93,103,128,128,128,146,176,176,211,211,211,101,120,120,120],"floor_reached":51,"language":"ENG","playtime":2350,"items_purged":["Strike_G"],"score":1459,"play_id":"deac3842-4b48-4f9e-a714-df8a577ced6a","local_time":"20210123175611","is_ascension_mode":true,"campfire_choices":[{"data":"Neutralize","floor":7,"key":"SMITH"},{"data":"Poisoned Stab","floor":15,"key":"SMITH"},{"data":"Envenom","floor":25,"key":"SMITH"},{"data":"After Image","floor":27,"key":"SMITH"},{"floor":32,"key":"REST"},{"floor":40,"key":"REST"},{"data":"Noxious Fumes","floor":46,"key":"SMITH"},{"data":"Well Laid Plans","floor":49,"key":"SMITH"}],"circlet_count":0,"master_deck":["AscendersBane","Strike_G","Strike_G","Strike_G","Defend_G","Defend_G","Defend_G","Defend_G","Defend_G","Survivor","Neutralize+1","Deadly Poison+1","Adrenaline","After Image+1","Poisoned Stab+1","Adrenaline","Adrenaline+1","PiercingWail+1","Backflip","Envenom+1","Normality","Deadly Poison","Poisoned Stab","Catalyst+1","Deflect","Corpse Explosion","CurseOfTheBell","Noxious Fumes+1","Blur","Setup+1","Blur+1","Well Laid Plans+1"],"relics":["Ring of the Snake","NeowsBlessing","White Beast Statue","Ginger","StrikeDummy","Ornamental Fan","Cursed Key","Snake Skull","Nilry\u0027s Codex","Nunchaku","Eternal Feather","Calling Bell","Dead Branch","Blue Candle","Juzu Bracelet","The Specimen","CaptainsWheel","Pocketwatch","Lantern"],"acts_visited":["Exordium","TheCity","TheBeyond"],"potions_floor_usage":[8,33,33,41,42,42,50],"damage_taken":[{"damage":0,"enemies":"Cultist","floor":1,"turns":1},{"damage":0,"enemies":"Jaw Worm","floor":4,"turns":1},{"damage":0,"enemies":"3 Sentries","floor":6,"turns":2},{"damage":26,"enemies":"Gremlin Nob","floor":8,"turns":4},{"damage":0,"enemies":"2 Louse","floor":10,"turns":2},{"damage":4,"enemies":"Large Slime","floor":11,"turns":7},{"damage":0,"enemies":"Hexaghost","floor":16,"turns":9},{"damage":0,"enemies":"3 Byrds","floor":18,"turns":6},{"damage":0,"enemies":"Shell Parasite","floor":20,"turns":3},{"damage":5,"enemies":"Book of Stabbing","floor":23,"turns":6},{"damage":11,"enemies":"Snake Plant","floor":28,"turns":4},{"damage":2,"enemies":"Centurion and Healer","floor":29,"turns":7},{"damage":1,"enemies":"Shelled Parasite and Fungi","floor":30,"turns":5},{"damage":9,"enemies":"Snake Plant","floor":31,"turns":4},{"damage":12,"enemies":"Collector","floor":33,"turns":6},{"damage":13,"enemies":"Orb Walker","floor":35,"turns":4},{"damage":17,"enemies":"3 Shapes","floor":37,"turns":3},{"damage":0,"enemies":"Mind Bloom Boss Battle","floor":38,"turns":4},{"damage":0,"enemies":"Spire Growth","floor":41,"turns":3},{"damage":21,"enemies":"Reptomancer","floor":42,"turns":4},{"damage":20,"enemies":"Nemesis","floor":44,"turns":7},{"damage":3,"enemies":"Jaw Worm Horde","floor":48,"turns":4},{"damage":52,"enemies":"Awakened One","floor":50,"turns":13}],"seed_played":"7220188662601109258","potions_obtained":[{"floor":1,"key":"PowerPotion"},{"floor":2,"key":"SteroidPotion"},{"floor":8,"key":"Energy Potion"},{"floor":10,"key":"EntropicBrew"},{"floor":11,"key":"DuplicationPotion"},{"floor":16,"key":"Fire Potion"},{"floor":33,"key":"LiquidBronze"},{"floor":35,"key":"CunningPotion"},{"floor":37,"key":"AttackPotion"},{"floor":41,"key":"Explosive Potion"},{"floor":42,"key":"Strength Potion"},{"floor":44,"key":"SpeedPotion"},{"floor":48,"key":"Explosive Potion"}],"is_trial":false,"path_per_floor":["M","?","$","M","?","E","R","E","T","M","M","$","?","?","R","B",null,"M","?","M","$","?","E","?","R","T","R","M","M","M","M","R","B",null,"M","$","M","?","?","R","M","E","T","E","?","R","?","M","R","B",null],"character_chosen":"THE_SILENT","items_purchased":["Snake Skull","Backflip","Noxious Fumes","Blur"],"campfire_rested":2,"item_purchase_floors":[21,21,36,36],"current_hp_per_floor":[59,59,59,59,59,59,59,33,33,33,29,29,18,18,18,18,54,54,54,54,54,33,28,28,28,28,40,29,27,26,17,51,39,59,46,46,29,29,29,66,66,45,45,25,25,43,43,40,58,6],"gold":120,"neow_bonus":"THREE_ENEMY_KILL","is_daily":false,"chose_seed":false,"campfire_upgraded":6,"win_rate":0.0,"timestamp":1611420971,"path_taken":["M","?","$","?","?","E","R","E","T","M","M","$","?","?","R","BOSS","M","?","?","?","?","E","?","R","T","R","M","M","M","M","R","BOSS","M","$","M","?","?","R","M","E","T","E","?","R","?","M","R","BOSS"],"items_purchased_type":["Relic","Card","Card","Card"],"build_version":"2020-12-22","purchased_purges":1,"victory":true,"max_hp_per_floor":[66,66,66,66,66,66,66,66,66,66,66,66,66,66,66,66,66,66,66,66,66,66,66,66,66,66,66,66,66,66,66,66,66,66,66,66,66,66,66,66,66,66,66,66,66,66,66,66,66,66],"card_choices":[{"not_picked":["Eviscerate","Sucker Punch","Underhanded Strike"],"picked":"SKIP","floor":1},{"not_picked":["Acrobatics","Quick Slash"],"picked":"Deadly Poison","floor":4},{"not_picked":["Sucker Punch","Concentrate"],"picked":"Adrenaline","floor":6},{"not_picked":["Crippling Poison","Footwork"],"picked":"After Image","floor":8},{"not_picked":["Blade Dance","Sucker Punch","Quick Slash"],"picked":"SKIP","floor":10},{"not_picked":["Deflect","Slice"],"picked":"Poisoned Stab","floor":11},{"not_picked":["Tools of the Trade","Die Die Die"],"picked":"Adrenaline","floor":16},{"not_picked":["Slice","Dodge and Roll"],"picked":"Poisoned Stab","floor":18},{"not_picked":["Dagger Spray","Cloak And Dagger"],"picked":"PiercingWail+1","floor":20},{"not_picked":["Sucker Punch","A Thousand Cuts"],"picked":"Envenom","floor":23},{"not_picked":["Flying Knee","Deflect+1"],"picked":"Deadly Poison","floor":28},{"not_picked":["Dagger Throw","Dagger Spray"],"picked":"Poisoned Stab","floor":29},{"not_picked":["Dash","Dagger Throw"],"picked":"Catalyst","floor":30},{"not_picked":["Skewer","Dagger Throw"],"picked":"Deflect","floor":31},{"not_picked":["Night Terror","Venomology"],"picked":"Corpse Explosion","floor":33},{"not_picked":["Choke+1","Riddle With Holes","Dash"],"picked":"SKIP","floor":35},{"not_picked":["Masterful Stab","Deadly Poison","Underhanded Strike"],"picked":"SKIP","floor":37},{"not_picked":["Poisoned Stab","Dash"],"picked":"Setup+1","floor":38},{"not_picked":["Slice","Glass Knife","Flying Knee+1"],"picked":"SKIP","floor":41},{"not_picked":["Slice","Setup","Corpse Explosion"],"picked":"SKIP","floor":42},{"not_picked":["All Out Attack","Blade Dance"],"picked":"Blur+1","floor":44},{"not_picked":["PiercingWail","Flechettes+1"],"picked":"Well Laid Plans","floor":48}],"player_experience":254450,"relics_obtained":[{"floor":6,"key":"White Beast Statue"},{"floor":8,"key":"Ginger"},{"floor":9,"key":"StrikeDummy"},{"floor":22,"key":"Nilry\u0027s Codex"},{"floor":23,"key":"Nunchaku"},{"floor":26,"key":"Eternal Feather"},{"floor":34,"key":"Dead Branch"},{"floor":34,"key":"Blue Candle"},{"floor":34,"key":"Juzu Bracelet"},{"floor":38,"key":"The Specimen"},{"floor":42,"key":"CaptainsWheel"},{"floor":43,"key":"Pocketwatch"},{"floor":44,"key":"Lantern"}],"event_choices":[{"damage_healed":0,"gold_gain":0,"player_choice":"Got Potions","damage_taken":0,"max_hp_gain":0,"max_hp_loss":0,"event_name":"Lab","floor":2,"gold_loss":0},{"damage_healed":0,"gold_gain":0,"player_choice":"Grow","damage_taken":0,"max_hp_gain":0,"max_hp_loss":0,"event_name":"Living Wall","floor":5,"gold_loss":0,"cards_upgraded":["Deadly Poison"]},{"damage_healed":0,"gold_gain":0,"player_choice":"Success","damage_taken":11,"relics_obtained":["Ornamental Fan"],"max_hp_gain":0,"max_hp_loss":0,"event_name":"Scrap Ooze","floor":13,"gold_loss":0},{"damage_healed":0,"gold_gain":0,"player_choice":"Ignored","damage_taken":0,"max_hp_gain":0,"max_hp_loss":0,"event_name":"Shining Light","floor":14,"gold_loss":0},{"damage_healed":0,"gold_gain":0,"player_choice":"Copied","damage_taken":0,"max_hp_gain":0,"max_hp_loss":0,"event_name":"Duplicator","floor":19,"gold_loss":0,"cards_obtained":["Adrenaline"]},{"damage_healed":0,"gold_gain":0,"player_choice":"Obtained Book","damage_taken":21,"max_hp_gain":0,"max_hp_loss":0,"event_name":"Cursed Tome","floor":22,"gold_loss":0},{"cards_removed":["Strike_G"],"damage_healed":0,"gold_gain":0,"player_choice":"Purged","damage_taken":0,"max_hp_gain":0,"max_hp_loss":0,"event_name":"Purifier","floor":24,"gold_loss":0},{"damage_healed":0,"gold_gain":0,"player_choice":"Fight","damage_taken":0,"max_hp_gain":0,"max_hp_loss":0,"event_name":"MindBloom","floor":38,"gold_loss":0},{"damage_healed":0,"gold_gain":0,"player_choice":"Upgraded","damage_taken":0,"max_hp_gain":0,"max_hp_loss":0,"event_name":"Upgrade Shrine","floor":39,"gold_loss":0,"cards_upgraded":["Catalyst"]},{"cards_removed":["Poisoned Stab"],"damage_healed":0,"gold_gain":0,"player_choice":"Removed Attack","damage_taken":0,"max_hp_gain":0,"max_hp_loss":0,"event_name":"Falling","floor":45,"gold_loss":0},{"cards_removed":["Writhe"],"damage_healed":0,"gold_gain":0,"player_choice":"Upgrade and Remove","damage_taken":0,"max_hp_gain":0,"max_hp_loss":0,"event_name":"Designer","floor":47,"gold_loss":110,"cards_upgraded":["Adrenaline"]}],"is_beta":false,"boss_relics":[{"not_picked":["Empty Cage","Busted Crown"],"picked":"Cursed Key"},{"not_picked":["Coffee Dripper","Runic Dome"],"picked":"Calling Bell"}],"items_purged_floors":[3],"is_endless":false,"potions_floor_spawned":[1,8,10,11,16,18,20,23,28,29,30,31,33,35,37,38,41,42,44,48],"ascension_level":16}}