{"host":"t7mx8yfj1no5p62f","time":1611362680,"event":{"mods":["BaseMod","Bestiary","Colored Map","Colored Powertips","Minty Spire (QoL Compilation)","Relic Stats","StSLib","ojb\u0027s Info Mod"],"gold_per_floor":[119,138,152,302,81,111,111,111,111,141,141,173,193,207,207,281,281,300,275,295,99,110,135,135,168,192,219,219,219,238,255,255,329,329,343,343,361,361,361,392,392,425,425,445,445,445],"floor_reached":45,"language":"ENG","playtime":2654,"items_purged":["Doubt","Strike_G"],"score":1110,"play_id":"a551b132-abaa-4835-90eb-17d3d4d5902d","local_time":"20210122194440","is_ascension_mode":true,"campfire_choices":[{"floor":7.0,"key":"REST"},{"floor":15.0,"key":"REST"},{"floor":24.0,"key":"REST"},{"floor":29,"key":"REST"},{"floor":32,"key":"RECALL"},{"floor":41,"key":"REST"}],"circlet_count":0,"master_deck":["AscendersBane","Strike_G+1","Strike_G","Strike_G","Defend_G+1","Defend_G","Defend_G","Defend_G+1","Defend_G","Survivor","Neutralize+1","Endless Agony","Eviscerate","Dagger Throw","Acrobatics","Deadly Poison+1","PiercingWail","Dodge and Roll","Tools of the Trade","CurseOfTheBell","Backflip","Dagger Spray+1","Adrenaline","Adrenaline","Eviscerate+1","Bouncing Flask","Deflect+1","Glass Knife+1","HandOfGreed+1","Mayhem","Catalyst","Footwork","Footwork"],"relics":["Fusion Hammer","Membership Card","Molten Egg 2","Lantern","Whetstone","White Beast Statue","Calling Bell","Vajra","Eternal Feather","Calipers","Orichalcum","War Paint","Ancient Tea Set","Potion Belt","HornCleat","Snecko Eye","Bottled Tornado","Anchor","Mummified Hand"],"acts_visited":["Exordium","TheCity","TheBeyond"],"potions_floor_usage":[31,33,33,35,37,39,40,44],"damage_taken":[{"damage":0.0,"enemies":"Jaw Worm","floor":1.0,"turns":6.0},{"damage":3.0,"enemies":"2 Louse","floor":2.0,"turns":3.0},{"damage":0.0,"enemies":"Cultist","floor":3.0,"turns":3.0},{"damage":17.0,"enemies":"3 Sentries","floor":6.0,"turns":9.0},{"damage":12.0,"enemies":"Gremlin Nob","floor":10.0,"turns":4.0},{"damage":24.0,"enemies":"Lagavulin","floor":12.0,"turns":6.0},{"damage":0.0,"enemies":"Looter","floor":13.0,"turns":3.0},{"damage":12.0,"enemies":"Exordium Wildlife","floor":14.0,"turns":5.0},{"damage":10.0,"enemies":"The Guardian","floor":16.0,"turns":13.0},{"damage":18.0,"enemies":"Spheric Guardian","floor":18.0,"turns":5.0},{"damage":20.0,"enemies":"2 Thieves","floor":19.0,"turns":4.0},{"damage":28.0,"enemies":"Cultist and Chosen","floor":20.0,"turns":6.0},{"damage":2.0,"enemies":"Centurion and Healer","floor":22.0,"turns":8.0},{"damage":3.0,"enemies":"Gremlin Leader","floor":23.0,"turns":6.0},{"damage":7.0,"enemies":"Slavers","floor":25.0,"turns":6.0},{"damage":33.0,"enemies":"Gremlin Leader","floor":27.0,"turns":6.0},{"damage":5,"enemies":"Snake Plant","floor":30,"turns":3},{"damage":0,"enemies":"Chosen and Byrds","floor":31,"turns":5},{"damage":24,"enemies":"Champ","floor":33,"turns":11},{"damage":3,"enemies":"3 Shapes","floor":35,"turns":7},{"damage":14,"enemies":"3 Darklings","floor":37,"turns":6},{"damage":0,"enemies":"Spire Growth","floor":39,"turns":3},{"damage":8,"enemies":"Nemesis","floor":40,"turns":9},{"damage":44,"enemies":"Reptomancer","floor":42,"turns":8},{"damage":4,"enemies":"Transient","floor":44,"turns":6},{"damage":13,"enemies":"4 Shapes","floor":45,"turns":1}],"seed_played":"-1174897259670416332","potions_obtained":[{"floor":1.0,"key":"SteroidPotion"},{"floor":2.0,"key":"Swift Potion"},{"floor":6.0,"key":"Ancient Potion"},{"floor":13.0,"key":"Strength Potion"},{"floor":14.0,"key":"Dexterity Potion"},{"floor":16.0,"key":"SkillPotion"},{"floor":18.0,"key":"FairyPotion"},{"floor":19.0,"key":"AttackPotion"},{"floor":20.0,"key":"DistilledChaos"},{"floor":22.0,"key":"EntropicBrew"},{"floor":23.0,"key":"PowerPotion"},{"floor":25.0,"key":"CunningPotion"},{"floor":27.0,"key":"AttackPotion"},{"floor":30,"key":"LiquidMemories"},{"floor":31,"key":"CunningPotion"},{"floor":33,"key":"Weak Potion"},{"floor":35,"key":"Weak Potion"},{"floor":37,"key":"SmokeBomb"},{"floor":40,"key":"SpeedPotion"},{"floor":42,"key":"Fire Potion"},{"floor":44,"key":"LiquidBronze"}],"is_trial":false,"path_per_floor":["M","M","M","?","$","E","R","T","T","E","?","E","M","M","R","B",null,"M","M","M","$","M","E","R","E","T","E","?","R","M","M","R","B",null,"M","?","M","?","M","E","R","E","T","M","M"],"character_chosen":"THE_SILENT","items_purchased":["Membership Card","Dagger Throw","Adrenaline","Orichalcum","BlessingOfTheForge"],"campfire_rested":5,"item_purchase_floors":[5,5,21,21,21],"current_hp_per_floor":[59,56,56,56,56,39,58,58,58,46,46,22,22,10,29,19,54,36,16,19,19,17,14,48,41,41,8,8,42,37,37,52,28,57,54,44,30,30,30,22,59,15,15,11,0,0],"gold":445,"neow_bonus":"BOSS_RELIC","is_daily":false,"chose_seed":false,"campfire_upgraded":0,"win_rate":0.0,"timestamp":1611362680,"path_taken":["M","M","M","?","$","E","R","?","T","E","?","E","M","M","R","BOSS","M","M","M","$","M","E","R","E","T","E","?","R","M","M","R","BOSS","M","?","M","?","M","E","R","E","T","M","M"],"items_purchased_type":["Relic","Card","Card","Relic","Potion"],"build_version":"2020-12-22","purchased_purges":2,"victory":false,"max_hp_per_floor":[66,66,66,66,66,66,66,66,66,66,66,66,66,66,66,66,66,66,66,66,66,66,66,66,66,66,66,66,66,66,66,66,66,66,66,66,66,66,66,66,66,66,66,66,66,66],"relic_stats":{"counters":[26,152],"Mummified Hand":[9],"Snecko Eye":[70,94,97,75],"Eternal Feather":63,"Whetstone":["Neutralize","Strike_G"],"Orichalcum":[96],"War Paint":["Defend_G","Defend_G"],"obtain_stats":[{"Potion Belt":26,"Lantern":8,"Calipers":17,"Vajra":17,"Eternal Feather":17,"Whetstone":10,"Orichalcum":21,"War Paint":23,"Bottled Tornado":40,"Ancient Tea Set":25,"White Beast Statue":12,"Calling Bell":17,"Anchor":42,"HornCleat":27,"Mummified Hand":43,"Snecko Eye":34,"Molten Egg 2":6,"Fusion Hammer":0,"Membership Card":5,"Ring of the Snake":0},{"Potion Belt":15,"Lantern":4,"Calipers":9,"Vajra":9,"Eternal Feather":9,"Whetstone":5,"Orichalcum":12,"War Paint":14,"Bottled Tornado":23,"Ancient Tea Set":15,"White Beast Statue":6,"Calling Bell":9,"Anchor":24,"HornCleat":16,"Mummified Hand":24,"Snecko Eye":19,"Molten Egg 2":4,"Fusion Hammer":0,"Membership Card":3,"Ring of the Snake":0},{"Potion Belt":87,"Lantern":21,"Calipers":52,"Vajra":52,"Eternal Feather":52,"Whetstone":25,"Orichalcum":67,"War Paint":81,"Bottled Tornado":137,"Ancient Tea Set":87,"White Beast Statue":31,"Calling Bell":52,"Anchor":145,"HornCleat":93,"Mummified Hand":145,"Snecko Eye":112,"Molten Egg 2":21,"Fusion Hammer":0,"Membership Card":12,"Ring of the Snake":0}]},"card_choices":[{"not_picked":["Slice","Accuracy"],"picked":"Endless Agony","floor":1.0},{"not_picked":["PiercingWail","Cloak And Dagger"],"picked":"Eviscerate","floor":2.0},{"not_picked":["Catalyst","Reflex","Deflect"],"picked":"SKIP","floor":3.0},{"not_picked":["Cloak And Dagger","Quick Slash+1"],"picked":"Acrobatics","floor":6.0},{"not_picked":["Distraction","PiercingWail"],"picked":"Deadly Poison","floor":10.0},{"not_picked":["Prepared","Concentrate"],"picked":"PiercingWail","floor":12.0},{"not_picked":["Outmaneuver","Deflect","PiercingWail"],"picked":"SKIP","floor":13.0},{"not_picked":["Envenom","Quick Slash+1"],"picked":"Dodge and Roll","floor":14.0},{"not_picked":["Night Terror","Envenom"],"picked":"Tools of the Trade","floor":16.0},{"not_picked":["Dagger Spray+1","Underhanded Strike+1"],"picked":"Backflip","floor":18.0},{"not_picked":["Slice+1","Predator+1","Prepared"],"picked":"SKIP","floor":19.0},{"not_picked":["Setup","Deadly Poison"],"picked":"Dagger Spray+1","floor":20.0},{"not_picked":["Dodge and Roll","Finisher+1"],"picked":"Adrenaline","floor":22.0},{"not_picked":["Blade Dance","Acrobatics"],"picked":"Eviscerate+1","floor":23.0},{"not_picked":["Deadly Poison","Blade Dance","Backflip"],"picked":"SKIP","floor":25.0},{"not_picked":["Setup","Dodge and Roll"],"picked":"Bouncing Flask","floor":27.0},{"not_picked":["Deadly Poison","Infinite Blades"],"picked":"Deflect+1","floor":30},{"not_picked":["Deflect","Cloak And Dagger","Riddle With Holes+1"],"picked":"SKIP","floor":31},{"not_picked":["Doppelganger","Phantasmal Killer"],"picked":"Glass Knife+1","floor":33},{"not_picked":["Flying Knee+1","Poisoned Stab+1","Dagger Spray+1"],"picked":"SKIP","floor":35},{"not_picked":["Mind Blast+1","Metamorphosis"],"picked":"HandOfGreed+1","floor":36},{"not_picked":["Panache","Finesse"],"picked":"Mayhem","floor":36},{"not_picked":["Masterful Stab+1","Backflip","Bane+1"],"picked":"SKIP","floor":37},{"not_picked":["Dash+1","Bane+1"],"picked":"Catalyst","floor":40},{"not_picked":["Dagger Throw+1","PiercingWail"],"picked":"Footwork","floor":42},{"not_picked":["Caltrops","Expertise+1"],"picked":"Footwork","floor":44}],"player_experience":1821972,"relics_obtained":[{"floor":6.0,"key":"Molten Egg 2"},{"floor":8.0,"key":"Lantern"},{"floor":10.0,"key":"Whetstone"},{"floor":12.0,"key":"White Beast Statue"},{"floor":17.0,"key":"Vajra"},{"floor":17.0,"key":"Eternal Feather"},{"floor":17.0,"key":"Calipers"},{"floor":23.0,"key":"War Paint"},{"floor":25.0,"key":"Ancient Tea Set"},{"floor":26.0,"key":"Potion Belt"},{"floor":27.0,"key":"HornCleat"},{"floor":40,"key":"Bottled Tornado"},{"floor":42,"key":"Anchor"},{"floor":43,"key":"Mummified Hand"}],"event_choices":[{"damage_healed":0.0,"max_hp_gain":0.0,"max_hp_loss":0.0,"gold_gain":150.0,"event_name":"Liars Game","player_choice":"AGREE","floor":4.0,"gold_loss":0.0,"damage_taken":0.0,"cards_obtained":["Doubt"]},{"damage_healed":0.0,"max_hp_gain":0.0,"max_hp_loss":0.0,"gold_gain":0.0,"event_name":"Living Wall","player_choice":"Grow","floor":11.0,"gold_loss":0.0,"damage_taken":0.0,"cards_upgraded":["Deadly Poison"]},{"damage_healed":0,"gold_gain":0,"player_choice":"Leave","damage_taken":0,"max_hp_gain":0,"max_hp_loss":0,"event_name":"FaceTrader","floor":28,"gold_loss":0},{"damage_healed":0,"gold_gain":0,"player_choice":"Memory 3","damage_taken":10,"max_hp_gain":0,"max_hp_loss":0,"event_name":"SensoryStone","floor":36,"gold_loss":0},{"cards_removed":["Strike_G"],"damage_healed":0,"gold_gain":0,"player_choice":"Removed Attack","damage_taken":0,"max_hp_gain":0,"max_hp_loss":0,"event_name":"Falling","floor":38,"gold_loss":0}],"is_beta":false,"boss_relics":[{"not_picked":["WristBlade","Cursed Key"],"picked":"Calling Bell"},{"not_picked":["SacredBark","Busted Crown"],"picked":"Snecko Eye"}],"items_purged_floors":[5,21],"is_endless":false,"potions_floor_spawned":[1,2,6,13,14,16,18,19,20,22,23,25,27,30,31,33,35,37,39,40,42,44],"killed_by":"4 Shapes","ascension_level":20}}