{"host":"vyjryxuuuxkt43k4","time":1611388064,"event":{"mods":["AchievementEnabler","BaseMod","Colored Map","DeckTracker","Keyboard Shortcuts","Minty Spire (QoL Compilation)","Permanent Neow","Quick Restart","StSLib","SuperFastMode","everything is the same but u backflip on backflip"],"gold_per_floor":[209,219,36,51,67,67,94,94,144,219,219,236,254,288,288,362,362,362,282,282,15,15,15,15,15,15],"floor_reached":25,"language":"KOR","playtime":1076,"items_purged":[],"score":415,"play_id":"e8afcaae-d0f2-4f4c-8829-813eb67e11b3","local_time":"20210123164744","is_ascension_mode":true,"campfire_choices":[{"data":"Wild Strike","floor":6.0,"key":"SMITH"},{"data":"Evolve","floor":8.0,"key":"SMITH"},{"floor":15.0,"key":"REST"},{"data":"Inflame","floor":23,"key":"SMITH"}],"circlet_count":0,"master_deck":["AscendersBane","Strike_R","Strike_R","Strike_R","Strike_R","Strike_R","Defend_R+1","Defend_R","Defend_R","Defend_R","Bash","Evolve+1","Pummel","Shrug It Off","Heavy Blade","Wild Strike+1","Cleave","Shockwave+1","Offering","Offering","Inflame+1","Deep Breath","Headbutt","Seeing Red"],"relics":["Burning Blood","ClockworkSouvenir","Sundial","Lantern","War Paint","Ectoplasm","Lee\u0027s Waffle"],"acts_visited":["Exordium","TheCity"],"potions_floor_usage":[],"damage_taken":[{"damage":11.0,"enemies":"Jaw Worm","floor":1.0,"turns":5.0},{"damage":7.0,"enemies":"Small Slimes","floor":2.0,"turns":4.0},{"damage":0.0,"enemies":"2 Louse","floor":4.0,"turns":4.0},{"damage":18.0,"enemies":"Exordium Thugs","floor":5.0,"turns":5.0},{"damage":29.0,"enemies":"3 Sentries","floor":7.0,"turns":10.0},{"damage":14.0,"enemies":"Red Slaver","floor":12.0,"turns":3.0},{"damage":5.0,"enemies":"Blue Slaver","floor":13.0,"turns":3.0},{"damage":25.0,"enemies":"Lagavulin","floor":14.0,"turns":7.0},{"damage":31.0,"enemies":"Slime Boss","floor":16.0,"turns":8.0},{"damage":24.0,"enemies":"Chosen","floor":18.0,"turns":4.0},{"damage":27,"enemies":"Spheric Guardian","floor":22,"turns":4},{"damage":46,"enemies":"3 Cultists","floor":24,"turns":4},{"damage":24,"enemies":"Snake Plant","floor":25,"turns":4}],"seed_played":"3491154404482507906","potions_obtained":[{"floor":2.0,"key":"SkillPotion"},{"floor":5.0,"key":"Swift Potion"},{"floor":12.0,"key":"BloodPotion"},{"floor":22,"key":"SpeedPotion"}],"is_trial":false,"path_per_floor":["M","M","$","M","M","R","E","R","T","?","?","M","M","E","R","B",null,"M","$","?","$","M","R","M","M"],"character_chosen":"IRONCLAD","items_purchased":["ClockworkSouvenir","Shrug It Off","Inflame","Lee\u0027s Waffle","Deep Breath"],"campfire_rested":1,"item_purchase_floors":[3,3,19,21,21],"current_hp_per_floor":[63,62,62,68,56,56,33,33,33,22,22,29,30,11,33,8,58,40,40,40,82,61,61,21,0,0],"gold":15,"neow_bonus":"HUNDRED_GOLD","is_daily":false,"chose_seed":false,"campfire_upgraded":3,"win_rate":0.0,"timestamp":1611388064,"path_taken":["M","M","$","M","M","R","E","R","T","?","?","M","M","E","R","BOSS","M","$","?","?","M","R","M","M"],"items_purchased_type":["Relic","Card","Card","Relic","Card"],"build_version":"2020-12-22","purchased_purges":0,"victory":false,"max_hp_per_floor":[75,75,75,75,75,75,75,75,75,75,75,75,75,75,75,75,75,75,75,75,82,82,82,82,82,82],"card_choices":[{"not_picked":["Thunderclap","Seeing Red"],"picked":"Evolve","floor":1.0},{"not_picked":["Iron Wave","Seeing Red"],"picked":"Pummel","floor":2.0},{"not_picked":["Sever Soul","Twin Strike"],"picked":"Heavy Blade","floor":4.0},{"not_picked":["Entrench","Burning Pact"],"picked":"Wild Strike","floor":5.0},{"not_picked":["Bloodletting","Shrug It Off"],"picked":"Cleave","floor":7.0},{"not_picked":["Clothesline","Headbutt"],"picked":"Shockwave","floor":12.0},{"not_picked":["Anger","Dual Wield","Twin Strike"],"picked":"SKIP","floor":13.0},{"not_picked":["Reaper","Sentinel"],"picked":"Offering","floor":14.0},{"not_picked":["Juggernaut","Limit Break"],"picked":"Offering","floor":16.0},{"not_picked":["Clothesline","Cleave","Clash"],"picked":"SKIP","floor":18.0},{"not_picked":["Sword Boomerang","Thunderclap"],"picked":"Headbutt","floor":22},{"not_picked":["Searing Blow+1","Perfected Strike"],"picked":"Seeing Red","floor":24}],"player_experience":254999,"relics_obtained":[{"floor":7.0,"key":"Sundial"},{"floor":9.0,"key":"Lantern"},{"floor":14.0,"key":"War Paint"}],"event_choices":[{"damage_healed":0.0,"max_hp_gain":0.0,"max_hp_loss":0.0,"gold_gain":75.0,"event_name":"World of Goop","player_choice":"Gather Gold","floor":10.0,"gold_loss":0.0,"damage_taken":11.0},{"damage_healed":0.0,"max_hp_gain":0.0,"max_hp_loss":0.0,"gold_gain":0.0,"event_name":"Liars Game","player_choice":"Ignored","floor":11.0,"gold_loss":0.0,"damage_taken":0.0},{"damage_healed":0,"gold_gain":0,"player_choice":"Ignored","damage_taken":0,"max_hp_gain":0,"max_hp_loss":0,"event_name":"The Mausoleum","floor":20,"gold_loss":0}],"is_beta":false,"boss_relics":[{"not_picked":["Mark of Pain","Calling Bell"],"picked":"Ectoplasm"}],"items_purged_floors":[],"is_endless":false,"potions_floor_spawned":[2,5,12,22],"killed_by":"Snake Plant","ascension_level":19}}