{"host":"sav7uxregyirlf69","time":1611375668,"event":{"mods":["AchievementEnabler","BaseMod","Colored Map","DeckTracker","Keyboard Shortcuts","Minty Spire (QoL Compilation)","READ ME - Guardian Mod","StSLib","SuperFastMode"],"gold_per_floor":[118,118,118,43,43,43,87,87,137,160,175,175,190,209,209,303,303,322,322,335,353,278,278,322,322,322,322,342,342,41,64,64,157,157,180,193,214,35,35,35],"floor_reached":39,"language":"KOR","playtime":669,"items_purged":["Strike_R","Strike_R"],"score":852,"play_id":"98c3943c-fb30-4ab8-a3dc-507dd3b78100","local_time":"20210123132108","is_ascension_mode":true,"campfire_choices":[{"data":"Shockwave","floor":6.0,"key":"SMITH"},{"data":"Evolve","floor":8.0,"key":"SMITH"},{"data":"Carnage","floor":12.0,"key":"SMITH"},{"data":"Disarm","floor":15.0,"key":"SMITH"},{"data":"Fiend Fire","floor":23,"key":"SMITH"},{"data":"Demon Form","floor":25,"key":"SMITH"},{"floor":27,"key":"REST"},{"data":"Feel No Pain","floor":32,"key":"SMITH"}],"circlet_count":0,"master_deck":["AscendersBane","Strike_R","Strike_R","Defend_R","Defend_R","Defend_R","Defend_R","Bash","Shockwave+1","Evolve+1","Iron Wave","Carnage+1","Disarm+1","Shrug It Off","Offering","Body Slam","Fiend Fire+1","Demon Form+1","Dark Embrace","Feel No Pain+1","Sword Boomerang","Demon Form","Burning Pact"],"relics":["Burning Blood","NeowsBlessing","Golden Idol","Magic Flower","Pen Nib","Bag of Preparation","Snecko Eye","Art of War","Toy Ornithopter","Potion Belt","Busted Crown"],"acts_visited":["Exordium","TheCity","TheBeyond"],"potions_floor_usage":[33,33,33,37,37,39],"damage_taken":[{"damage":0.0,"enemies":"2 Louse","floor":1.0,"turns":1.0},{"damage":0.0,"enemies":"Gremlin Nob","floor":7.0,"turns":1.0},{"damage":0.0,"enemies":"Small Slimes","floor":10.0,"turns":1.0},{"damage":9.0,"enemies":"Jaw Worm","floor":11.0,"turns":4.0},{"damage":11.0,"enemies":"Blue Slaver","floor":13.0,"turns":3.0},{"damage":15.0,"enemies":"Large Slime","floor":14.0,"turns":6.0},{"damage":4.0,"enemies":"The Guardian","floor":16.0,"turns":10.0},{"damage":5.0,"enemies":"Shell Parasite","floor":18.0,"turns":3.0},{"damage":0.0,"enemies":"Chosen","floor":20.0,"turns":4.0},{"damage":23.0,"enemies":"Shelled Parasite and Fungi","floor":21.0,"turns":3.0},{"damage":15,"enemies":"Book of Stabbing","floor":24,"turns":3},{"damage":12,"enemies":"Snecko","floor":28,"turns":4},{"damage":10,"enemies":"3 Cultists","floor":31,"turns":6},{"damage":69,"enemies":"Automaton","floor":33,"turns":8},{"damage":19,"enemies":"3 Shapes","floor":35,"turns":4},{"damage":29,"enemies":"3 Darklings","floor":36,"turns":4},{"damage":40,"enemies":"Writhing Mass","floor":37,"turns":4},{"damage":32,"enemies":"Sphere and 2 Shapes","floor":39,"turns":3}],"seed_played":"-6498741176271812785","potions_obtained":[{"floor":1.0,"key":"SpeedPotion"},{"floor":13.0,"key":"Energy Potion"},{"floor":16.0,"key":"SpeedPotion"},{"floor":28,"key":"ColorlessPotion"},{"floor":31,"key":"LiquidMemories"},{"floor":33,"key":"Weak Potion"},{"floor":36,"key":"Strength Potion"}],"is_trial":false,"path_per_floor":["M","?","?","$","?","R","E","R","T","M","M","R","M","M","R","B",null,"M","?","M","M","?","R","E","R","T","R","M","?","$","M","R","B",null,"M","M","M","$","M"],"character_chosen":"IRONCLAD","items_purchased":["Feel No Pain","Potion Belt","SkillPotion","Burning Pact"],"campfire_rested":1,"item_purchase_floors":[30,30,30,38],"current_hp_per_floor":[74,48,30,30,30,30,39,39,39,48,48,48,46,40,40,45,68,72,51,60,46,46,46,40,40,40,64,61,61,61,60,60,24,66,56,36,21,21,0,0],"gold":35,"neow_bonus":"THREE_ENEMY_KILL","is_daily":false,"chose_seed":false,"campfire_upgraded":7,"win_rate":0.0,"timestamp":1611375668,"path_taken":["M","?","?","$","?","R","E","R","T","M","M","R","M","M","R","BOSS","M","?","M","M","?","R","E","R","T","R","M","?","$","M","R","BOSS","M","M","M","?","M"],"items_purchased_type":["Card","Relic","Potion","Card"],"build_version":"2020-12-22","purchased_purges":2,"victory":false,"max_hp_per_floor":[75,75,75,75,75,75,75,75,75,75,75,75,75,75,75,75,75,75,80,80,80,80,80,80,80,80,80,80,80,80,80,80,80,80,80,80,80,80,80,80],"card_choices":[{"not_picked":["Havoc","Armaments"],"picked":"Shockwave","floor":1.0},{"not_picked":["Thunderclap","Perfected Strike"],"picked":"Evolve","floor":7.0},{"not_picked":["Body Slam","Thunderclap"],"picked":"Iron Wave","floor":10.0},{"not_picked":["Cleave","Flex"],"picked":"Carnage","floor":11.0},{"not_picked":["Heavy Blade","Clothesline"],"picked":"Disarm","floor":13.0},{"not_picked":["Bludgeon","Cleave"],"picked":"Shrug It Off","floor":14.0},{"not_picked":["Impervious","Bludgeon"],"picked":"Offering","floor":16.0},{"not_picked":["Reckless Charge","Cleave"],"picked":"Body Slam","floor":18.0},{"not_picked":["Clothesline","Clash","Armaments"],"picked":"SKIP","floor":20.0},{"not_picked":["Wild Strike","Cleave"],"picked":"Fiend Fire","floor":21.0},{"not_picked":["Body Slam","Sever Soul"],"picked":"Demon Form","floor":24},{"not_picked":["Wild Strike","Shockwave+1"],"picked":"Dark Embrace","floor":28},{"not_picked":["Warcry","Headbutt"],"picked":"Sword Boomerang","floor":31},{"not_picked":["Berserk","Limit Break"],"picked":"Demon Form","floor":33},{"not_picked":["Armaments"],"picked":"SKIP","floor":35},{"not_picked":["Clothesline"],"picked":"SKIP","floor":36},{"not_picked":["Sever Soul"],"picked":"SKIP","floor":37}],"player_experience":1363207,"relics_obtained":[{"floor":7.0,"key":"Pen Nib"},{"floor":9.0,"key":"Bag of Preparation"},{"floor":24,"key":"Art of War"},{"floor":26,"key":"Toy Ornithopter"}],"event_choices":[{"damage_healed":0.0,"max_hp_gain":0.0,"max_hp_loss":0.0,"gold_gain":0.0,"event_name":"Golden Idol","player_choice":"Take Damage","floor":2.0,"gold_loss":0.0,"damage_taken":26.0,"relics_obtained":["Golden Idol"]},{"damage_healed":0.0,"max_hp_gain":0.0,"max_hp_loss":0.0,"gold_gain":0.0,"event_name":"Scrap Ooze","player_choice":"Success","floor":3.0,"gold_loss":0.0,"damage_taken":18.0,"relics_obtained":["Magic Flower"]},{"damage_healed":0.0,"max_hp_gain":0.0,"max_hp_loss":0.0,"gold_gain":0.0,"event_name":"The Cleric","player_choice":"Leave","floor":5.0,"gold_loss":0.0,"damage_taken":0.0},{"damage_healed":0.0,"max_hp_gain":5.0,"max_hp_loss":0.0,"gold_gain":0.0,"event_name":"Forgotten Altar","player_choice":"Shed Blood","floor":19.0,"gold_loss":0.0,"damage_taken":26.0},{"cards_removed":["Strike_R"],"damage_healed":0.0,"max_hp_gain":0.0,"max_hp_loss":0.0,"gold_gain":0.0,"event_name":"Beggar","player_choice":"Gave Gold","floor":22.0,"gold_loss":75.0,"damage_taken":0.0},{"damage_healed":0,"gold_gain":0,"player_choice":"Ignored","damage_taken":0,"max_hp_gain":0,"max_hp_loss":0,"event_name":"N\u0027loth","floor":29,"gold_loss":0}],"is_beta":false,"boss_relics":[{"not_picked":["Ectoplasm","Runic Pyramid"],"picked":"Snecko Eye"},{"not_picked":["SlaversCollar","Runic Dome"],"picked":"Busted Crown"}],"items_purged_floors":[4,38],"is_endless":false,"potions_floor_spawned":[1,13,16,28,31,33,36],"killed_by":"Sphere and 2 Shapes","ascension_level":20}}