{"host":"o98f72bjn8jxgroo","time":1611360363,"event":{"mods":["Act Like it!","BaseMod","Dio Mod","Fox Events","GifTheSpireLib","Jedi Mod","Minty Spire (QoL Compilation)","Relic Stats","Replay The Spire","Spicy Shops","StSLib","The Blackbeard","The Saiyan","??????REMEMod"],"gold_per_floor":[119,69,69,82,7,7,18,18,41,104,104,104,136,149,149,331,331,341,351,379,359,409,409,463,495,495,495,495,495],"floor_reached":27,"language":"PTB","playtime":3926,"items_purged":["Regret"],"score":275,"play_id":"44a3adab-41de-4084-99c4-a29ac4189d31","local_time":"20210122220603","is_ascension_mode":false,"campfire_choices":[{"data":"blackbeard:Cutlass","floor":6.0,"key":"SMITH"},{"data":"blackbeard:PiratesWill","floor":8.0,"key":"SMITH"},{"data":"Transmutation","floor":11.0,"key":"SMITH"},{"data":"blackbeard:InfiniteBarrage","floor":23,"key":"SMITH"}],"circlet_count":0,"master_deck":["blackbeard:BlackbeardStrike","blackbeard:BlackbeardStrike","blackbeard:BlackbeardStrike","blackbeard:BlackbeardStrike","blackbeard:IntimidatingStrike","blackbeard:BlackbeardDefend","blackbeard:BlackbeardDefend","blackbeard:BlackbeardDefend","blackbeard:Cutlass+1","Transmutation+1","blackbeard:PowderKeg","blackbeard:GoldenDefense","Writhe","blackbeard:GhostInTheRum","blackbeard:PiratesWill+1","blackbeard:InfiniteBarrage+1","blackbeard:Parrot+1","blackbeard:ReapersScythe","blackbeard:Recklessness","blackbeard:BuriedTreasure","blackbeard:BuriedTreasure","blackbeard:TheDrunkenSailor","blackbeard:TerrorOfTheSeas","blackbeard:FinalBarrage"],"relics":["blackbeard:LoadTheCannons","REME_ComplimentaryCards","jedi:crownofsimplicity","Ring of Peace","ReplayTheSpireMod:Ring of Exchange","Pen Nib","Sundial","Potion Belt","Iron Hammer","Ancient Tea Set","Ring of Chaos","Dream Catcher"],"acts_visited":["Exordium","TheCity"],"potions_floor_usage":[22],"damage_taken":[{"damage":6.0,"enemies":"Jaw Worm","floor":1.0,"turns":2.0},{"damage":0.0,"enemies":"2 Louse","floor":4.0,"turns":1.0},{"damage":0.0,"enemies":"Cultist","floor":7.0,"turns":4.0},{"damage":0.0,"enemies":"Lagavulin","floor":10.0,"turns":6.0},{"damage":0.0,"enemies":"Gremlin Nob","floor":13.0,"turns":3.0},{"damage":8.0,"enemies":"Large Slime","floor":14.0,"turns":5.0},{"damage":43.0,"enemies":"The Guardian","floor":16.0,"turns":10.0},{"damage":24.0,"enemies":"Shell Parasite","floor":18.0,"turns":4.0},{"damage":3.0,"enemies":"Chosen","floor":19.0,"turns":3.0},{"damage":20.0,"enemies":"Sentry and Sphere","floor":20.0,"turns":4.0},{"damage":0,"enemies":"3 Cultists","floor":22,"turns":4},{"damage":0,"enemies":"Centurion and Healer","floor":24,"turns":6},{"damage":10,"enemies":"Snake Plant","floor":25,"turns":3},{"damage":0,"enemies":"3 Cultists","floor":27,"turns":2}],"seed_played":"6412232535658990287","potions_obtained":[{"floor":7.0,"key":"LifebloodPotion"},{"floor":19.0,"key":"Explosive Potion"},{"floor":21,"key":"Ancient Potion"}],"is_trial":false,"path_per_floor":["M","?","?","M","$","R","M","R","T","E","R","?","E","M","R","B",null,"M","M","M","?","M","R","M","M","T","M"],"character_chosen":"BLACKBEARD_CLASS","items_purchased":[],"campfire_rested":0,"item_purchase_floors":[],"current_hp_per_floor":[69,69,69,69,69,69,69,69,69,69,69,69,69,67,75,32,75,51,48,28,28,28,28,37,27,27,27,27,27],"gold":495,"neow_bonus":"RANDOM_EVENT","is_daily":false,"chose_seed":false,"campfire_upgraded":4,"win_rate":0.0,"timestamp":1611360363,"path_taken":["M","?","?","M","?","R","?","R","T","E","R","?","E","M","R","BOSS","M","?","M","?","M","R","M","?","T","M"],"items_purchased_type":[],"build_version":"2020-12-22","purchased_purges":1,"victory":false,"max_hp_per_floor":[75,75,75,75,75,75,75,75,75,75,75,75,75,75,75,75,75,75,75,75,75,75,75,75,75,75,75,75,75],"relic_stats":{"Dream Catcher":0,"counters":[14,57],"Sundial":[6],"Pen Nib":[12],"obtain_stats":[{"Potion Belt":12,"ReplayTheSpireMod:Ring of Exchange":3,"Dream Catcher":26,"Sundial":10,"blackbeard:LoadTheCannons":0,"Ring of Peace":3,"Pen Nib":9,"Iron Hammer":13,"Ring of Chaos":17,"jedi:crownofsimplicity":0,"Ancient Tea Set":16,"REME_ComplimentaryCards":0},{"Potion Belt":4,"ReplayTheSpireMod:Ring of Exchange":1,"Dream Catcher":13,"Sundial":4,"blackbeard:LoadTheCannons":0,"Ring of Peace":1,"Pen Nib":3,"Iron Hammer":5,"Ring of Chaos":7,"jedi:crownofsimplicity":0,"Ancient Tea Set":7,"REME_ComplimentaryCards":0},{"Potion Belt":13,"ReplayTheSpireMod:Ring of Exchange":2,"Dream Catcher":55,"Sundial":13,"blackbeard:LoadTheCannons":0,"Ring of Peace":2,"Pen Nib":7,"Iron Hammer":16,"Ring of Chaos":31,"jedi:crownofsimplicity":0,"Ancient Tea Set":24,"REME_ComplimentaryCards":0}]},"card_choices":[{"not_picked":["blackbeard:Toast","blackbeard:FieryDefense"],"picked":"blackbeard:PowderKeg","floor":1.0},{"not_picked":["blackbeard:BeatUp","blackbeard:Shrapnel"],"picked":"blackbeard:GhostInTheRum","floor":4.0},{"not_picked":["blackbeard:TacticalRetreat","blackbeard:Fencing"],"picked":"blackbeard:PiratesWill","floor":7.0},{"not_picked":["blackbeard:Shrapnel","blackbeard:WiseDefense","blackbeard:SwordDance"],"picked":"SKIP","floor":10.0},{"not_picked":["blackbeard:ChaoticDefense","blackbeard:DangerousBlow"],"picked":"blackbeard:InfiniteBarrage","floor":13.0},{"not_picked":["blackbeard:Shrapnel","blackbeard:PiratesWill"],"picked":"blackbeard:Parrot","floor":14.0},{"not_picked":["blackbeard:Parrot","blackbeard:GoldenRain"],"picked":"blackbeard:ReapersScythe","floor":16.0},{"not_picked":["blackbeard:Toast","blackbeard:Dagger+1"],"picked":"blackbeard:Recklessness","floor":18.0},{"not_picked":["blackbeard:Sword","blackbeard:CannonballSupply"],"picked":"blackbeard:BuriedTreasure","floor":19.0},{"not_picked":["blackbeard:WiseDefense","blackbeard:GoldenDefense"],"picked":"blackbeard:BuriedTreasure","floor":20.0},{"not_picked":["blackbeard:InfiniteBarrage","blackbeard:GoldenStrike"],"picked":"blackbeard:TheDrunkenSailor","floor":22},{"not_picked":["blackbeard:Spear","blackbeard:WiseDefense"],"picked":"blackbeard:TerrorOfTheSeas","floor":24},{"not_picked":["blackbeard:JollyRoger","blackbeard:Sharpening"],"picked":"blackbeard:FinalBarrage","floor":25}],"player_experience":355236,"relics_obtained":[{"floor":3.0,"key":"Ring of Peace"},{"floor":3.0,"key":"ReplayTheSpireMod:Ring of Exchange"},{"floor":9.0,"key":"Pen Nib"},{"floor":10.0,"key":"Sundial"},{"floor":13.0,"key":"Iron Hammer"},{"floor":26,"key":"Dream Catcher"}],"event_choices":[{"damage_healed":0.0,"max_hp_gain":0.0,"max_hp_loss":0.0,"gold_gain":0.0,"event_name":"Big Fish","player_choice":"Box","floor":0.0,"gold_loss":0.0,"damage_taken":0.0,"relics_obtained":["jedi:crownofsimplicity"],"cards_obtained":["Regret"]},{"damage_healed":0.0,"max_hp_gain":0.0,"max_hp_loss":0.0,"gold_gain":0.0,"event_name":"blackbeard:GoldsmithEvent","player_choice":"blackbeard:GoldenDefense","floor":2.0,"gold_loss":0.0,"damage_taken":0.0,"cards_obtained":["blackbeard:GoldenDefense"]},{"damage_healed":0.0,"max_hp_gain":0.0,"max_hp_loss":0.0,"gold_gain":0.0,"event_name":"WeMeetAgain","player_choice":"Gave Potion","floor":12.0,"gold_loss":0.0,"damage_taken":0.0,"relics_obtained":["Potion Belt"]},{"damage_healed":0,"gold_gain":0,"player_choice":"Bought 1 Potion","damage_taken":0,"max_hp_gain":0,"max_hp_loss":0,"event_name":"The Woman in Blue","floor":21,"gold_loss":0}],"is_beta":false,"boss_relics":[{"not_picked":["Frozen Eye","PrismaticShard"],"picked":"Ring of Chaos"}],"items_purged_floors":[5],"is_endless":false,"potions_floor_spawned":[7,10,19],"killed_by":"3 Cultists","ascension_level":0}}