{"host":"mku5fdaoqz3qihec","time":1611439399,"event":{"mods":["2.2 Compatiblity","AchievementEnabler","BaseMod","Colored Map","Colored Powertips","Hermit","Koishi","Minty Spire (QoL Compilation)","Rare Cards Sparkle","Replay The Spire","StSLib","SuperFastMode","The Bug Knight","The Dragon Tamer","The Runesmith","The Servant 0.9.4","WarShipGirlsR/??á´Ò³R mod"],"gold_per_floor":[114,189,189,202,226,256,256,272,296,296,329,329,105,124,124,254,254,277,277,138,138,156,199,224,33,107,107,120,120,140,140,140,269,269,284,284,303,303,321,321,25,41,41,41,41,104,8,21,21,21],"floor_reached":51,"language":"KOR","playtime":1860,"items_purged":["Strike_S","Defend_S"],"score":798,"play_id":"73e0d509-1a35-4170-858c-537ebac4c3cb","local_time":"20210124070319","is_ascension_mode":false,"campfire_choices":[{"data":"Replace","floor":7,"key":"SMITH"},{"data":"Potential","floor":12,"key":"SMITH"},{"data":"Strike_S","floor":15,"key":"PURGE"},{"data":"FlawlessForm","floor":27,"key":"SMITH"},{"data":"Rearm","floor":29,"key":"SMITH"},{"data":"MurderousAura","floor":32,"key":"SMITH"},{"floor":40,"key":"REST"},{"data":"Hightail","floor":45,"key":"SMITH"},{"data":"GearUp","floor":49,"key":"SMITH"}],"circlet_count":0,"master_deck":["Exchange","Potential+1","Sabotage","Replace+1","Pot Of Greed","Pot Of Greed","DualDimension","Misdirection","MurderousAura+1","FlawlessForm+1","Sunlight","Hightail+1","Sunlight+1","Alleviate","Dilation","ShiftingGears+1","Rearm+1","Pot Of Greed","KillingDoll","Shuttle+1","Deny+1","BottledTime","Potential+1","LightFlow","BottledTime","TimeWarp","GearUp+1"],"relics":["Uniform","NeowsBlessing","Mango","Orichalcum","Grinning Jar","Golden Idol","Nunchaku","ReplayTheSpireMod:TigerMarble","Runic Dome","Art of War","Whetstone","Pantograph","Astrolabe","Runesmith:AutoHammer","Bronze Scales","Bag of Marbles","StoneCalendar"],"acts_visited":["Exordium","TheCity","TheBeyond"],"potions_floor_usage":[11,18,23,35,50,50,50],"damage_taken":[{"damage":0,"enemies":"2 Louse","floor":1,"turns":1},{"damage":0,"enemies":"Jaw Worm","floor":4,"turns":1},{"damage":0,"enemies":"Lagavulin","floor":6,"turns":1},{"damage":0,"enemies":"Small Slimes","floor":8,"turns":3},{"damage":11,"enemies":"3 Sentries","floor":11,"turns":6},{"damage":5,"enemies":"Looter","floor":14,"turns":3},{"damage":21,"enemies":"Fading Forest","floor":16,"turns":11},{"damage":0,"enemies":"3 Byrds","floor":18,"turns":5},{"damage":0,"enemies":"Spheric Guardian","floor":22,"turns":2},{"damage":10,"enemies":"Slavers","floor":23,"turns":5},{"damage":0,"enemies":"Centurion and Healer","floor":24,"turns":8},{"damage":1,"enemies":"Cultist and Chosen","floor":28,"turns":4},{"damage":0,"enemies":"Sentry and Sphere","floor":30,"turns":4},{"damage":0,"enemies":"Collector","floor":33,"turns":10},{"damage":17,"enemies":"3 Darklings","floor":35,"turns":3},{"damage":0,"enemies":"Orb Walker","floor":37,"turns":2},{"damage":9,"enemies":"Jaw Worm Horde","floor":39,"turns":3},{"damage":0,"enemies":"4 Shapes","floor":42,"turns":2},{"damage":0,"enemies":"Mind Bloom Boss Battle","floor":46,"turns":4},{"damage":4,"enemies":"Sphere and 2 Shapes","floor":48,"turns":3},{"damage":0,"enemies":"Time Eater","floor":50,"turns":12}],"seed_played":"3763390097647981838","potions_obtained":[{"floor":4,"key":"AttackPotion"},{"floor":8,"key":"Adrenaline Potion"},{"floor":11,"key":"CultistPotion"},{"floor":28,"key":"FearPotion"},{"floor":30,"key":"ColorlessPotion"},{"floor":33,"key":"DistilledChaos"},{"floor":37,"key":"SteroidPotion"}],"is_trial":false,"path_per_floor":["M","?","?","M","?","E","R","M","T","?","E","R","$","M","R_BF","B",null,"M","?","$","?","M","E","M","$","T","R","M","R","M","?","R","B",null,"M","?","M","?","M","R","$","M","T","$","R","?","$","M","R","B",null],"character_chosen":"THE_SERVANT","items_purchased":["ReplayTheSpireMod:TigerMarble","Hightail","Rearm","Whetstone","Runesmith:AutoHammer","Bronze Scales","BottledTime","TimeWarp"],"campfire_rested":1,"item_purchase_floors":[13,20,25,25,41,41,47,47],"current_hp_per_floor":[65,54,54,54,68,68,68,68,68,68,57,57,57,52,52,41,73,73,73,73,73,73,63,63,63,63,63,62,62,62,62,62,73,73,56,56,56,56,47,68,68,68,68,68,68,73,73,69,69,73],"gold":21,"neow_bonus":"THREE_ENEMY_KILL","is_daily":false,"chose_seed":false,"campfire_upgraded":7,"win_rate":0.0,"timestamp":1611439399,"path_taken":["M","?","?","M","?","E","R","?","T","?","E","R","?","M","R_BF","BOSS","M","?","$","?","M","E","?","$","T","R","M","R","M","?","R","BOSS","M","?","M","?","M","R","$","M","T","?","R","?","$","M","R","BOSS"],"items_purchased_type":["Relic","Card","Card","Relic","Relic","Relic","Card","Card"],"build_version":"2020-12-22","purchased_purges":2,"victory":true,"max_hp_per_floor":[65,65,65,65,79,79,79,79,79,73,73,73,73,73,73,73,73,73,73,73,73,73,73,73,73,73,73,73,73,73,73,73,73,73,73,73,73,73,73,73,73,73,73,73,73,73,73,73,73,73],"card_choices":[{"not_picked":["DoubleEdge","Manipulate","ShatteredReality"],"picked":"SKIP","floor":1},{"not_picked":["Foresight","Read"],"picked":"Potential","floor":4},{"not_picked":["Rewind","DoubleEdge"],"picked":"Sabotage","floor":5},{"not_picked":["Manipulate","ShatteredReality"],"picked":"Replace","floor":6},{"not_picked":["Ricochet","Spin"],"picked":"TimeWarp","floor":8},{"not_picked":["Hightail","Unruled"],"picked":"DualDimension","floor":11},{"not_picked":["Rearm","Revamp"],"picked":"Misdirection","floor":14},{"not_picked":["KillingDoll","ForgedInTime"],"picked":"MurderousAura","floor":16},{"not_picked":["DoubleEdge","TimeWarp","Rewind"],"picked":"SKIP","floor":18},{"not_picked":["RealityMarble","Gouge"],"picked":"Alleviate","floor":22},{"not_picked":["Replace","Alleviate"],"picked":"Dilation","floor":23},{"not_picked":["Defy","FastForward"],"picked":"ShiftingGears+1","floor":24},{"not_picked":["FastForward","Foresight","Contraction"],"picked":"SKIP","floor":28},{"not_picked":["Read","Snipe","InstantArmor"],"picked":"SKIP","floor":30},{"not_picked":["MurderousAura","Duplication"],"picked":"KillingDoll","floor":33},{"not_picked":["Replace","ReturningBlade+1","Rewind"],"picked":"SKIP","floor":35},{"not_picked":["Alleviate+1","Starlight"],"picked":"BottledTime","floor":37},{"not_picked":["Rearm","ReturningBlade","FastForward"],"picked":"SKIP","floor":39},{"not_picked":["Rewind","DualDimension"],"picked":"Potential+1","floor":42},{"not_picked":["Moonlight","SpecialFormula+1"],"picked":"LightFlow","floor":46},{"not_picked":["ShatteredReality+1","Ricochet+1"],"picked":"GearUp","floor":48}],"player_experience":265130,"relics_obtained":[{"floor":5,"key":"Mango"},{"floor":6,"key":"Orichalcum"},{"floor":9,"key":"Grinning Jar"},{"floor":11,"key":"Nunchaku"},{"floor":23,"key":"Art of War"},{"floor":26,"key":"Pantograph"},{"floor":43,"key":"Bag of Marbles"},{"floor":46,"key":"StoneCalendar"}],"event_choices":[{"damage_healed":0,"gold_gain":75,"player_choice":"Gather Gold","damage_taken":11,"max_hp_gain":0,"max_hp_loss":0,"event_name":"World of Goop","floor":2,"gold_loss":0},{"damage_healed":0,"gold_gain":0,"player_choice":"Lose Max HP","damage_taken":0,"relics_obtained":["Golden Idol"],"max_hp_gain":0,"max_hp_loss":6,"event_name":"Golden Idol","floor":10,"gold_loss":0},{"damage_healed":0,"gold_gain":0,"cards_transformed":["Strike_S","Defend_S"],"player_choice":"Became Test Subject","damage_taken":0,"max_hp_gain":0,"max_hp_loss":0,"event_name":"Drug Dealer","floor":19,"gold_loss":0,"cards_obtained":["FlawlessForm","Sunlight"]},{"damage_healed":0,"gold_gain":0,"player_choice":"Copied","damage_taken":0,"max_hp_gain":0,"max_hp_loss":0,"event_name":"Duplicator","floor":21,"gold_loss":0,"cards_obtained":["Sunlight"]},{"cards_removed":["TimeWarp"],"damage_healed":0,"gold_gain":0,"player_choice":"Elegance","damage_taken":0,"max_hp_gain":0,"max_hp_loss":0,"event_name":"Back to Basics","floor":31,"gold_loss":0},{"damage_healed":0,"gold_gain":0,"player_choice":"Ignored","damage_taken":0,"max_hp_gain":0,"max_hp_loss":0,"event_name":"Tomb of Lord Red Mask","floor":36,"gold_loss":0},{"cards_removed":["Collapse"],"damage_healed":0,"gold_gain":0,"player_choice":"Removed Attack","damage_taken":0,"max_hp_gain":0,"max_hp_loss":0,"event_name":"Falling","floor":38,"gold_loss":0},{"damage_healed":0,"gold_gain":0,"player_choice":"Fight","damage_taken":0,"max_hp_gain":0,"max_hp_loss":0,"event_name":"MindBloom","floor":46,"gold_loss":0}],"is_beta":false,"boss_relics":[{"not_picked":["Busted Crown","Cursed Key"],"picked":"Runic Dome"},{"not_picked":["Honey Jar","Ring of Chaos"],"picked":"Astrolabe"}],"items_purged_floors":[13,20],"is_endless":false,"potions_floor_spawned":[4,8,11,28,30,33,37,48],"ascension_level":0}}