{"host":"Bilverbakes","time":1611432219,"event":{"mods":["2.2 Compatiblity","AchievementEnabler","BaseMod","Bestiary","Colored Map","Minty Spire (QoL Compilation)","Relic Stats","StSLib","ojb\u0027s Info Mod"],"gold_per_floor":[109,128,128,128,140,173,173,190,190,223,233,233,233,243,243,317,317,333,353,382,397,111,111,139,139,215,249,174,206,206,220,220,293,293,309,531,62,73,73,107,161,190,261,261,296,314,341,176,176,176,176,176,176,9,34,34],"floor_reached":57,"language":"ENG","playtime":2777,"items_purged":["Parasite","EmptyBody"],"score":3597,"play_id":"91461afb-bcb5-44e8-a2a3-ef12981419e0","local_time":"20210123140339","is_ascension_mode":true,"campfire_choices":[{"data":"Omniscience","floor":7.0,"key":"SMITH"},{"floor":13.0,"key":"REST"},{"data":"EmptyFist","floor":15.0,"key":"SMITH"},{"data":"Blasphemy","floor":23.0,"key":"SMITH"},{"data":"Omniscience","floor":25.0,"key":"SMITH"},{"data":"Tantrum","floor":32.0,"key":"SMITH"},{"floor":44.0,"key":"REST"},{"floor":49.0,"key":"RECALL"},{"data":"TalkToTheHand","floor":53.0,"key":"SMITH"}],"circlet_count":0,"master_deck":["AscendersBane","Eruption","Vigilance","Blasphemy+1","Tantrum+1","BowlingBash","Omniscience+1","CutThroughFate","ClearTheMind","EmptyFist+1","Omniscience+1","Swivel","Brilliance","ClearTheMind","Scrawl","Brilliance","Vengeance","Wireheading","EmptyMind","CarveReality+1","Adaptation","FearNoEvil","ThirdEye","Evaluate+1","FlurryOfBlows+1","Omniscience+1","CurseOfTheBell","Scrawl+1","Alpha+1","Secret Technique+1","TalkToTheHand+1","Protect+1","Protect+1","WheelKick+1","Vengeance+1"],"relics":["PureWater","Mummified Hand","Ginger","WingedGreaves","Pandora\u0027s Box","Red Mask","Pen Nib","Du-Vu Doll","HornCleat","Lantern","Toxic Egg 2","MutagenicStrength","Calling Bell","Bronze Scales","Gremlin Horn","CaptainsWheel","Membership Card","Darkstone Periapt","Pocketwatch","TeardropLocket","Potion Belt","Molten Egg 2","Bag of Marbles","Vajra","StoneCalendar"],"acts_visited":["Exordium","TheCity","TheBeyond","TheEnding"],"potions_floor_usage":[56,56],"damage_taken":[{"damage":0.0,"enemies":"2 Louse","floor":1.0,"turns":2.0},{"damage":0.0,"enemies":"Jaw Worm","floor":2.0,"turns":2.0},{"damage":0.0,"enemies":"Small Slimes","floor":5.0,"turns":3.0},{"damage":12.0,"enemies":"Lagavulin","floor":6.0,"turns":3.0},{"damage":0.0,"enemies":"2 Fungi Beasts","floor":8.0,"turns":2.0},{"damage":22.0,"enemies":"3 Sentries","floor":10.0,"turns":5.0},{"damage":0.0,"enemies":"Blue Slaver","floor":11.0,"turns":2.0},{"damage":6.0,"enemies":"Looter","floor":14.0,"turns":3.0},{"damage":0.0,"enemies":"Slime Boss","floor":16.0,"turns":7.0},{"damage":5.0,"enemies":"Shell Parasite","floor":18.0,"turns":2.0},{"damage":0.0,"enemies":"Spheric Guardian","floor":19.0,"turns":2.0},{"damage":0.0,"enemies":"Masked Bandits","floor":20.0,"turns":2.0},{"damage":0.0,"enemies":"Centurion and Healer","floor":21.0,"turns":1.0},{"damage":0.0,"enemies":"Gremlin Leader","floor":24.0,"turns":2.0},{"damage":0.0,"enemies":"Book of Stabbing","floor":27.0,"turns":1.0},{"damage":0.0,"enemies":"Gremlin Leader","floor":29.0,"turns":1.0},{"damage":0.0,"enemies":"3 Cultists","floor":31.0,"turns":1.0},{"damage":0.0,"enemies":"Automaton","floor":33.0,"turns":3.0},{"damage":0.0,"enemies":"Orb Walker","floor":35.0,"turns":1.0},{"damage":0.0,"enemies":"3 Shapes","floor":38.0,"turns":1.0},{"damage":0.0,"enemies":"Giant Head","floor":40.0,"turns":2.0},{"damage":37.0,"enemies":"2 Orb Walkers","floor":41.0,"turns":3.0},{"damage":0.0,"enemies":"Nemesis","floor":42.0,"turns":1.0},{"damage":0.0,"enemies":"Reptomancer","floor":45.0,"turns":1.0},{"damage":0.0,"enemies":"Sphere and 2 Shapes","floor":46.0,"turns":2.0},{"damage":0.0,"enemies":"Nemesis","floor":47.0,"turns":1.0},{"damage":8.0,"enemies":"Time Eater","floor":50.0,"turns":4.0},{"damage":16.0,"enemies":"Donu and Deca","floor":51.0,"turns":2.0},{"damage":0.0,"enemies":"Shield and Spear","floor":55.0,"turns":1.0},{"damage":11,"enemies":"The Heart","floor":56,"turns":5}],"seed_played":"-101828979960119381","potions_obtained":[{"floor":1.0,"key":"DuplicationPotion"},{"floor":5.0,"key":"Strength Potion"},{"floor":6.0,"key":"SpeedPotion"},{"floor":10.0,"key":"Swift Potion"},{"floor":18.0,"key":"LiquidMemories"},{"floor":20.0,"key":"Strength Potion"},{"floor":46.0,"key":"SkillPotion"},{"floor":47.0,"key":"SneckoOil"}],"is_trial":false,"path_per_floor":["M","M","?","?","M","E","R","M","T","E","M","?","R","M","R","B",null,"M","M","?","M","$","R","E","R","T","E","$","E","?","M","R","B",null,"M","?","$","M","?","E","?","E","T","R","E","M","E","$","R","B","B",null,"R","$","E","B",null],"character_chosen":"WATCHER","items_purchased":["Adaptation","FearNoEvil","Pen Nib","Membership Card","Scrawl+1","Alpha+1","Secret Technique+1","FearPotion","Bag of Marbles","WheelKick+1","Vengeance+1","Fruit Juice","FearPotion","Vajra"],"campfire_rested":2,"item_purchase_floors":[22,22,22,37,37,37,37,48,48,48,48,54,54,54],"current_hp_per_floor":[43,43,36,36,36,24,24,24,24,2,2,19,39,33,33,33,59,54,54,54,54,54,54,54,54,54,54,54,54,54,54,54,54,62,62,62,62,62,62,62,25,25,25,43,43,43,43,43,43,35,19,51,51,56,56,45],"gold":34,"neow_bonus":"THREE_RARE_CARDS","is_daily":false,"chose_seed":false,"campfire_upgraded":6,"win_rate":0.0,"timestamp":1611432219,"path_taken":["M","M","?","?","M","E","R","M","T","E","M","?","R","M","R","BOSS","M","M","?","M","$","R","E","R","T","E","?","E","?","M","R","BOSS","M","?","$","M","?","E","?","E","T","R","E","M","E","$","R","BOSS","BOSS","R","$","E","BOSS"],"items_purchased_type":["Card","Card","Relic","Relic","Card","Card","Card","Potion","Relic","Card","Card","Potion","Potion","Relic"],"build_version":"2020-12-18","purchased_purges":2,"victory":true,"max_hp_per_floor":[68,68,68,68,68,68,68,68,68,68,68,68,68,68,68,68,68,68,68,68,68,68,68,68,68,68,68,65,65,65,65,65,65,65,65,65,65,65,62,62,62,62,62,62,62,62,62,62,62,62,62,62,62,67,67,67],"relic_stats":{"Darkstone Periapt":0,"Gremlin Horn":[3,3],"counters":[30,68],"Mummified Hand":[43],"Bronze Scales":[78],"Pandora\u0027s Box":["Swivel","Brilliance","ClearTheMind","Scrawl","Brilliance","Vengeance","Wireheading"],"StoneCalendar":[0],"Pen Nib":[10],"Ginger":[9],"obtain_stats":[{"Darkstone Periapt":40,"Lantern":27,"Gremlin Horn":34,"Vajra":54,"StoneCalendar":55,"Ginger":9,"TeardropLocket":42,"HornCleat":26,"Mummified Hand":6,"WingedGreaves":10,"Red Mask":20,"Toxic Egg 2":29,"Potion Belt":45,"Pen Nib":22,"Du-Vu Doll":24,"Calling Bell":34,"CaptainsWheel":34,"MutagenicStrength":30,"Bronze Scales":34,"Pandora\u0027s Box":17,"Molten Egg 2":47,"Bag of Marbles":48,"Membership Card":37,"PureWater":0,"Pocketwatch":41},{"Darkstone Periapt":21,"Lantern":15,"Gremlin Horn":18,"Vajra":28,"StoneCalendar":29,"Ginger":5,"TeardropLocket":23,"HornCleat":14,"Mummified Hand":4,"WingedGreaves":6,"Red Mask":12,"Toxic Egg 2":16,"Potion Belt":24,"Pen Nib":13,"Du-Vu Doll":14,"Calling Bell":18,"CaptainsWheel":18,"MutagenicStrength":16,"Bronze Scales":18,"Pandora\u0027s Box":9,"Molten Egg 2":26,"Bag of Marbles":26,"Membership Card":19,"PureWater":0,"Pocketwatch":22},{"Darkstone Periapt":48,"Lantern":39,"Gremlin Horn":44,"Vajra":62,"StoneCalendar":63,"Ginger":12,"TeardropLocket":52,"HornCleat":38,"Mummified Hand":10,"WingedGreaves":17,"Red Mask":35,"Toxic Egg 2":40,"Potion Belt":53,"Pen Nib":36,"Du-Vu Doll":38,"Calling Bell":44,"CaptainsWheel":44,"MutagenicStrength":40,"Bronze Scales":44,"Pandora\u0027s Box":29,"Molten Egg 2":56,"Bag of Marbles":56,"Membership Card":45,"PureWater":0,"Pocketwatch":51}],"Pocketwatch":[2]},"card_choices":[{"not_picked":["Brilliance","Judgement"],"picked":"Blasphemy","floor":0.0},{"not_picked":["Meditate","Crescendo"],"picked":"Tantrum","floor":1.0},{"not_picked":["Halt","FlyingSleeves","PathToVictory"],"picked":"SKIP","floor":2.0},{"not_picked":["SignatureMove","Protect"],"picked":"BowlingBash","floor":5.0},{"not_picked":["FlurryOfBlows","SashWhip"],"picked":"Omniscience","floor":6.0},{"not_picked":["Prostrate","WreathOfFlame","Crescendo"],"picked":"SKIP","floor":8.0},{"not_picked":["ReachHeaven","ForeignInfluence"],"picked":"CutThroughFate","floor":10.0},{"not_picked":["WheelKick","Collect"],"picked":"ClearTheMind","floor":11.0},{"not_picked":["JustLucky","SashWhip"],"picked":"EmptyFist","floor":14.0},{"not_picked":["Blasphemy","MasterReality"],"picked":"Omniscience","floor":16.0},{"not_picked":["CrushJoints","ThirdEye"],"picked":"EmptyMind","floor":18.0},{"not_picked":["CrushJoints","Evaluate"],"picked":"EmptyBody","floor":19.0},{"not_picked":["Crescendo","MentalFortress"],"picked":"CarveReality+1","floor":21.0},{"not_picked":["PathToVictory+1","EmptyFist"],"picked":"ThirdEye","floor":24.0},{"not_picked":["Halt+1","Fasting2"],"picked":"Evaluate+1","floor":27.0},{"not_picked":["Brilliance","BowlingBash","ClearTheMind+1"],"picked":"SKIP","floor":29.0},{"not_picked":["Consecrate","MasterReality"],"picked":"FlurryOfBlows+1","floor":31.0},{"not_picked":["Judgement+1","ConjureBlade+1"],"picked":"Omniscience+1","floor":33.0},{"not_picked":["WaveOfTheHand+1","ThirdEye+1","FlyingSleeves"],"picked":"SKIP","floor":35.0},{"not_picked":["BowlingBash+1","EmptyBody+1"],"picked":"TalkToTheHand","floor":38.0},{"not_picked":["EmptyBody+1","WindmillStrike","ReachHeaven+1"],"picked":"SKIP","floor":40.0},{"not_picked":["SignatureMove","FlyingSleeves","LikeWater+1"],"picked":"SKIP","floor":42.0},{"not_picked":["Indignation+1","WreathOfFlame+1","CrushJoints"],"picked":"SKIP","floor":45.0},{"not_picked":["FlurryOfBlows","Worship+1"],"picked":"Protect+1","floor":46.0},{"not_picked":["ForeignInfluence+1","Study+1"],"picked":"Protect+1","floor":47.0},{"not_picked":["PathToVictory+1","BowlingBash+1","Blasphemy+1"],"picked":"SKIP","floor":55.0}],"player_experience":782125,"relics_obtained":[{"floor":6.0,"key":"Mummified Hand"},{"floor":9.0,"key":"Ginger"},{"floor":10.0,"key":"WingedGreaves"},{"floor":20.0,"key":"Red Mask"},{"floor":24.0,"key":"Du-Vu Doll"},{"floor":26.0,"key":"HornCleat"},{"floor":27.0,"key":"Lantern"},{"floor":29.0,"key":"Toxic Egg 2"},{"floor":34.0,"key":"Bronze Scales"},{"floor":34.0,"key":"Gremlin Horn"},{"floor":34.0,"key":"CaptainsWheel"},{"floor":40.0,"key":"Darkstone Periapt"},{"floor":41.0,"key":"Pocketwatch"},{"floor":42.0,"key":"TeardropLocket"},{"floor":45.0,"key":"Potion Belt"},{"floor":47.0,"key":"Molten Egg 2"},{"floor":55.0,"key":"StoneCalendar"}],"event_choices":[{"cards_removed":["Defend_P"],"damage_healed":0.0,"max_hp_gain":0.0,"max_hp_loss":0.0,"gold_gain":0.0,"event_name":"Golden Wing","player_choice":"Card Removal","floor":3.0,"gold_loss":0.0,"damage_taken":7.0},{"damage_healed":0.0,"max_hp_gain":0.0,"max_hp_loss":0.0,"gold_gain":0.0,"event_name":"Liars Game","player_choice":"Ignored","floor":4.0,"gold_loss":0.0,"damage_taken":0.0},{"damage_healed":17.0,"max_hp_gain":0.0,"max_hp_loss":0.0,"gold_gain":0.0,"event_name":"Mushrooms","player_choice":"Healed and dodged fight","floor":12.0,"gold_loss":0.0,"damage_taken":0.0,"cards_obtained":["Parasite"]},{"damage_healed":0.0,"max_hp_gain":0.0,"max_hp_loss":0.0,"gold_gain":0.0,"event_name":"Masked Bandits","player_choice":"Fought Bandits","floor":20.0,"gold_loss":0.0,"damage_taken":0.0},{"damage_healed":0.0,"max_hp_gain":0.0,"max_hp_loss":0.0,"gold_gain":0.0,"event_name":"Drug Dealer","player_choice":"Inject Mutagens","floor":30.0,"gold_loss":0.0,"damage_taken":0.0,"relics_obtained":["MutagenicStrength"]},{"damage_healed":0.0,"max_hp_gain":0.0,"max_hp_loss":0.0,"gold_gain":222.0,"event_name":"Tomb of Lord Red Mask","player_choice":"Wore Mask","floor":36.0,"gold_loss":0.0,"damage_taken":0.0},{"damage_healed":0.0,"max_hp_gain":0.0,"max_hp_loss":3.0,"gold_gain":0.0,"event_name":"Winding Halls","player_choice":"Max HP","floor":39.0,"gold_loss":0.0,"damage_taken":0.0},{"damage_healed":0.0,"max_hp_gain":0.0,"max_hp_loss":0.0,"gold_gain":0.0,"event_name":"Mysterious Sphere","player_choice":"Fight","floor":41.0,"gold_loss":0.0,"damage_taken":0.0}],"is_beta":true,"boss_relics":[{"not_picked":["Tiny House","Empty Cage"],"picked":"Pandora\u0027s Box"},{"not_picked":["Astrolabe","SacredBark"],"picked":"Calling Bell"}],"items_purged_floors":[28,37],"is_endless":false,"potions_floor_spawned":[1,5,6,10,18,20,21,29,31,40,46,47],"ascension_level":20}}