{"host":"y7b1p9nkx4idorr2","time":1611422951,"event":{"mods":["AchievementEnabler","Act Like it!","Aspiration","BaseMod","Better Altar","Better Match","Better Note","Better Sensory Stone","Better Skull","Better Third Choice","BetterRewards","Colored Map","Conspire","Downfall","GifTheSpireLib","Googly Eyes","Highlight Path","Hubris","Mimic Mod","Minty Spire (QoL Compilation)","Replay The Spire","Shop Mod","Spicy Shops","StSLib","Stuff the Spire","Unceasing Turn Reminder"],"gold_per_floor":[199,210,485,32,51,51,51,68,102,113,126,136,36,66,78,177,177,77,97,97,115,115,140,163,196,212,228,128,145,145,30,42,139,139,139,159,159,173,36,48,48,61,88,88,116,79,79,97,108,108,108,140,22,22,22,22,22],"floor_reached":55,"language":"ENG","playtime":5649,"items_purged":["Regret","Slimebound:Strike_Slimebound"],"score":908,"play_id":"c337a4a6-6e76-4797-8a7f-d1fc563ca08c","local_time":"20210123112911","is_ascension_mode":false,"campfire_choices":[{"floor":1,"key":"RECALL"},{"data":"Slimebound:Split","floor":6,"key":"SMITH"},{"data":"Slimebound:Recycling","floor":13,"key":"SMITH"},{"data":"Slimebound:TagTeam","floor":18,"key":"SMITH"},{"data":"Slimebound:SlimeTap","floor":28,"key":"SMITH"},{"floor":30,"key":"DIG"},{"data":"Slimebound:CheckThePlaybook","floor":35,"key":"SMITH"},{"floor":44,"key":"DIG"},{"data":"Slimebound:RainOfGoop","floor":47,"key":"SMITH"},{"floor":54,"key":"DIG"}],"circlet_count":0,"master_deck":["Slimebound:Strike_Slimebound","Slimebound:Strike_Slimebound","Slimebound:Tackle","Slimebound:Defend_Slimebound","Slimebound:Defend_Slimebound","Slimebound:Defend_Slimebound","Slimebound:Defend_Slimebound","Slimebound:Split+1","Slimebound:CorrosiveSpit","Slimebound:HauntingLick","Slimebound:SplitMire","Slimebound:SlimeTap+1","Slimebound:SplitMire","Slimebound:GoopSpray","Pot Of Greed","Pot Of Greed","Slimebound:Equalize+1","Slimebound:SlimeSpikes","Slimebound:Schlurp","Slimebound:SamplingLick","Slimebound:SplitSpecialist+1","Slimebound:LeechingTouch","Slimebound:TagTeam+1","Slimebound:Repurpose","Pot Of Greed","Slimebound:Recollect","Slimebound:RollThrough+1","Slimebound:HauntingLick+1","Slimebound:ComboTackle","Slimebound:FinishingTackle+1","Slimebound:CheckThePlaybook+1","Slimebound:GoopTackle","StuffTheSpire:BrainWave","Slimebound:SlimeBrawl","Slimebound:LevelUp","Slimebound:SplitBruiser","Slimebound:SplitMire","Pot Of Greed","Slimebound:ComboTackle","Slimebound:SpikyOuterGoop","Slimebound:SplitMire+1","Slimebound:Prepare","hubris:DuctTapeCard"],"relics":["Slimebound:AbsorbEndCombat","Letter Opener","Grinning Jar","ReplayTheSpireMod:TigerMarble","downfall:HeartBlessingRed","hubris:Potato","Busted Crown","downfall:HeartBlessingGreen","Shovel","Replay:Bottled Flurry","downfall:HeartBlessingBlue","Darkstone Periapt","Sozu","Membership Card","Kunai","Slimebound:AggressiveSlimeRelic","Guide Book","hubris:BottledRain","Toy Ornithopter","hubris:Zylophone","Blood Vial","Pet Ghost","FossilizedHelix","hubris:DuctTape"],"acts_visited":["Exordium","TheCity","TheBeyond","TheEnding"],"potions_floor_usage":[],"damage_taken":[{"damage":5,"enemies":"2 Louse","floor":2,"turns":3},{"damage":11,"enemies":"downfall:FleeingMerchant","floor":4,"turns":4},{"damage":4,"enemies":"Cultist","floor":5,"turns":3},{"damage":3,"enemies":"Jaw Worm","floor":8,"turns":3},{"damage":3,"enemies":"Gremlin Nob","floor":9,"turns":2},{"damage":0,"enemies":"Large Slime","floor":10,"turns":4},{"damage":0,"enemies":"Blue Slaver","floor":11,"turns":2},{"damage":3,"enemies":"Lots of Slimes","floor":12,"turns":3},{"damage":5,"enemies":"3 Sentries","floor":14,"turns":5},{"damage":11,"enemies":"Exordium Wildlife","floor":15,"turns":2},{"damage":5,"enemies":"DF_ARCHETYPE_STREAMLINE","floor":16,"turns":6},{"damage":0,"enemies":"Spheric Guardian","floor":19,"turns":3},{"damage":0,"enemies":"3 Byrds","floor":21,"turns":3},{"damage":19,"enemies":"Slavers","floor":23,"turns":4},{"damage":1,"enemies":"Book of Stabbing","floor":25,"turns":4},{"damage":13,"enemies":"Snake Plant","floor":26,"turns":3},{"damage":0,"enemies":"Cultist and Chosen","floor":27,"turns":3},{"damage":0,"enemies":"Centurion and Healer","floor":29,"turns":5},{"damage":0,"enemies":"downfall:FleeingMerchant","floor":31,"turns":4},{"damage":10,"enemies":"Snecko","floor":32,"turns":3},{"damage":32,"enemies":"SI_MIRROR_ARCHETYPE","floor":33,"turns":7},{"damage":1,"enemies":"3 Darklings","floor":36,"turns":3},{"damage":0,"enemies":"3 Shapes","floor":38,"turns":2},{"damage":2,"enemies":"downfall:FleeingMerchant","floor":39,"turns":3},{"damage":0,"enemies":"Writhing Mass","floor":40,"turns":3},{"damage":0,"enemies":"4 Shapes","floor":42,"turns":3},{"damage":11,"enemies":"Nemesis","floor":43,"turns":3},{"damage":0,"enemies":"Giant Head","floor":45,"turns":5},{"damage":0,"enemies":"Transient","floor":48,"turns":5},{"damage":0,"enemies":"3 Darklings","floor":49,"turns":3},{"damage":40,"enemies":"WA_ARCHETYPE_DIVINITY","floor":50,"turns":5},{"damage":7,"enemies":"downfall:CharBossMerchant","floor":52,"turns":5},{"damage":118,"enemies":"downfall:NeowBoss","floor":55,"turns":13}],"seed_played":"8193316805983738045","potions_obtained":[{"floor":9,"key":"Weak Potion"},{"floor":10,"key":"Slimebound:SlimyTonguePotion"},{"floor":12,"key":"EntropicBrew"},{"floor":15,"key":"PowerPotion"},{"floor":16,"key":"CultistPotion"}],"is_trial":false,"path_per_floor":["R","M","?","$","M","R","T","M","E","M","M","M","R","E","M","B",null,"R","M","?","M","?","E","T","E","M","M","R","M","R","$","M","B",null,"R","M","?","M","$","M","T","M","E","R","E","$","R","M","M","B",null,"E","$","R","B"],"character_chosen":"SLIMEBOUND","items_purchased":["Letter Opener","Slimebound:SlimeTap","Slimebound:SplitMire","Membership Card","Kunai","Slimebound:AggressiveSlimeRelic","Guide Book","Slimebound:LevelUp","Slimebound:SpikyOuterGoop","Slimebound:RainOfGoop","FossilizedHelix"],"campfire_rested":0,"item_purchase_floors":[4,4,4,39,39,39,39,39,46,53,53],"current_hp_per_floor":[65,60,60,55,57,57,57,58,64,65,65,62,62,65,64,64,65,65,65,65,65,75,56,56,71,66,74,84,85,85,85,75,51,85,85,85,77,83,83,83,83,83,74,74,83,83,83,83,83,55,83,76,76,76,0,0,0],"gold":22,"neow_bonus":"HUNDRED_GOLD","is_daily":false,"chose_seed":false,"campfire_upgraded":6,"win_rate":0.0,"timestamp":1611422951,"path_taken":["R","M","?","$","M","R","T","?","E","M","M","M","R","E","M","BOSS","R","M","?","M","?","E","T","E","M","M","R","?","R","$","M","BOSS","R","M","?","M","$","M","T","M","E","R","E","$","R","M","M","BOSS","E","$","R","BOSS"],"items_purchased_type":["Relic","Card","Card","Relic","Relic","Relic","Relic","Card","Card","Card","Relic"],"build_version":"2020-12-22","purchased_purges":2,"victory":false,"max_hp_per_floor":[65,65,65,65,65,65,65,65,65,65,65,65,65,65,65,65,65,65,65,65,65,75,75,75,75,75,75,85,85,85,85,85,85,85,85,85,77,83,83,83,83,83,83,83,83,83,83,83,83,83,83,83,83,83,83,83,83],"card_choices":[{"not_picked":["Slimebound:FormOfPuddle","Slimebound:ComboTackle"],"picked":"Slimebound:HauntingLick","floor":2},{"not_picked":["Slimebound:BestDefense","Slimebound:LeechingTouch"],"picked":"Slimebound:SplitMire","floor":4},{"not_picked":["Slimebound:ComboTackle","Slimebound:Prepare"],"picked":"Slimebound:GoopSpray","floor":5},{"not_picked":["Slimebound:AcidTongue","Slimebound:TongueLash"],"picked":"Slimebound:Equalize","floor":8},{"not_picked":["Slimebound:LivingWall","Slimebound:ForwardTackle"],"picked":"Slimebound:SlimeSpikes","floor":9},{"not_picked":["Slimebound:ProtectTheBoss","Slimebound:GoopSpray"],"picked":"Slimebound:Schlurp","floor":10},{"not_picked":["Slimebound:LeechingTouch","Slimebound:SplitAcid"],"picked":"Slimebound:Recycling","floor":11},{"not_picked":["Slimebound:GoopSpray","Slimebound:PressTheAttack"],"picked":"Slimebound:SamplingLick","floor":12},{"not_picked":["Slimebound:Replication","Slimebound:Dissolve"],"picked":"Slimebound:SplitSpecialist","floor":14},{"not_picked":["Slimebound:SplitMire","Slimebound:SlimeSpikes"],"picked":"Slimebound:LeechingTouch","floor":15},{"not_picked":["Slimebound:WasteNot","Slimebound:LeechLife"],"picked":"Slimebound:TagTeam","floor":16},{"not_picked":["Slimebound:FormOfPuddle"],"picked":"SKIP","floor":19},{"not_picked":[],"picked":"Slimebound:Repurpose","floor":21},{"not_picked":[],"picked":"Slimebound:Recollect","floor":23},{"not_picked":[],"picked":"Slimebound:RollThrough+1","floor":25},{"not_picked":[],"picked":"Slimebound:HauntingLick+1","floor":26},{"not_picked":["Slimebound:Prepare"],"picked":"SKIP","floor":27},{"not_picked":["Slimebound:Grow"],"picked":"SKIP","floor":29},{"not_picked":[],"picked":"Slimebound:ComboTackle","floor":31},{"not_picked":[],"picked":"Slimebound:FinishingTackle+1","floor":32},{"not_picked":[],"picked":"Slimebound:CheckThePlaybook","floor":33},{"not_picked":[],"picked":"Slimebound:GoopTackle","floor":36},{"not_picked":["Slimebound:FinishingTackle+1"],"picked":"SKIP","floor":38},{"not_picked":[],"picked":"Slimebound:SlimeBrawl","floor":39},{"not_picked":[],"picked":"Slimebound:SplitBruiser","floor":40},{"not_picked":[],"picked":"Slimebound:SplitMire","floor":42},{"not_picked":[],"picked":"Slimebound:ComboTackle","floor":43},{"not_picked":[],"picked":"Slimebound:RainOfGoop","floor":45},{"not_picked":["Slimebound:SlimeBarrage"],"picked":"SKIP","floor":48},{"not_picked":[],"picked":"Slimebound:SplitMire+1","floor":49},{"not_picked":[],"picked":"Slimebound:Prepare","floor":52}],"player_experience":2173404,"relics_obtained":[{"floor":7,"key":"Grinning Jar"},{"floor":9,"key":"ReplayTheSpireMod:TigerMarble"},{"floor":14,"key":"hubris:Potato"},{"floor":23,"key":"Shovel"},{"floor":25,"key":"Replay:Bottled Flurry"},{"floor":30,"key":"Darkstone Periapt"},{"floor":41,"key":"hubris:BottledRain"},{"floor":43,"key":"Toy Ornithopter"},{"floor":44,"key":"hubris:Zylophone"},{"floor":45,"key":"Blood Vial"},{"floor":52,"key":"Pet Ghost"},{"floor":54,"key":"hubris:DuctTape"}],"event_choices":[{"damage_healed":0,"gold_gain":0,"player_choice":"Got Potions","damage_taken":0,"max_hp_gain":0,"max_hp_loss":0,"event_name":"Lab","floor":20,"gold_loss":0},{"cards_removed":["Slimebound:Recycling"],"damage_healed":0,"gold_gain":0,"player_choice":"Offered Rare","damage_taken":0,"max_hp_gain":10,"max_hp_loss":0,"event_name":"Bonfire Elementals","floor":22,"gold_loss":0}],"is_beta":false,"boss_relics":[{"not_picked":["Black Star","Tiny House"],"picked":"Busted Crown"},{"not_picked":["Fusion Hammer","aspiration:RitualDagger"],"picked":"Sozu"}],"items_purged_floors":[4,31],"is_endless":false,"potions_floor_spawned":[9,10,12,15,16,19,23,26,27,38,40,42,45,52],"killed_by":"downfall:NeowBoss","ascension_level":0}}