{"host":"t7mx8yfj1no5p62f","time":1611427649,"event":{"mods":["BaseMod","Bestiary","Colored Map","Colored Powertips","Minty Spire (QoL Compilation)","Relic Stats","StSLib","ojb\u0027s Info Mod"],"gold_per_floor":[109,127,140,212,228,258,277,277,277,277,312,312,328,346,346,421,421,432,446,32,47,47,47,81,81,162,174,174,203,153,78,78,150,150,167,177,190,190,215,240,240,265,265,265,281,281,315,328,328,328,328,328],"floor_reached":51,"language":"ENG","playtime":3001,"items_purged":["Strike_G"],"score":1699,"play_id":"4ca2dcc4-499b-425d-bc05-cb68d2c17436","local_time":"20210123134729","is_ascension_mode":true,"campfire_choices":[{"data":"Dagger Spray","floor":10.0,"key":"SMITH"},{"data":"Blade Dance","floor":12.0,"key":"SMITH"},{"data":"Blade Dance","floor":15.0,"key":"SMITH"},{"data":"Cloak And Dagger","floor":23.0,"key":"SMITH"},{"floor":25.0,"key":"REST"},{"data":"Ghostly","floor":28.0,"key":"SMITH"},{"data":"Ghostly","floor":32.0,"key":"SMITH"},{"floor":44.0,"key":"RECALL"},{"data":"Malaise","floor":46,"key":"SMITH"},{"data":"Night Terror","floor":49,"key":"SMITH"}],"circlet_count":0,"master_deck":["AscendersBane","Strike_G","Defend_G","Defend_G","Defend_G","Defend_G","Defend_G","Survivor","Neutralize","Poisoned Stab","Dagger Spray+1","Underhanded Strike","Tools of the Trade","Blade Dance+1","Backflip+1","Adrenaline","Blade Dance+1","Backstab","Die Die Die+1","Outmaneuver+1","Cloak And Dagger+1","Deflect","Ghostly+1","Ghostly+1","Ghostly","Noxious Fumes","Expertise+1","Malaise+1","Night Terror+1","Accuracy","Catalyst+1","PiercingWail","Ghostly+1","Concentrate"],"relics":["Ring of the Snake","NeowsBlessing","InkBottle","Kunai","Shuriken","Empty Cage","White Beast Statue","Orichalcum","Juzu Bracelet","Cursed Key","Ice Cream","Unceasing Top","Pear","Pen Nib"],"acts_visited":["Exordium","TheCity","TheBeyond"],"potions_floor_usage":[50,51],"damage_taken":[{"damage":0.0,"enemies":"Jaw Worm","floor":1.0,"turns":1.0},{"damage":0.0,"enemies":"Small Slimes","floor":2.0,"turns":1.0},{"damage":0.0,"enemies":"2 Louse","floor":3.0,"turns":1.0},{"damage":6.0,"enemies":"Exordium Wildlife","floor":5.0,"turns":5.0},{"damage":23.0,"enemies":"3 Sentries","floor":6.0,"turns":9.0},{"damage":0.0,"enemies":"Lots of Slimes","floor":7.0,"turns":1.0},{"damage":12.0,"enemies":"Lagavulin","floor":11.0,"turns":9.0},{"damage":4.0,"enemies":"Looter","floor":13.0,"turns":2.0},{"damage":3.0,"enemies":"2 Fungi Beasts","floor":14.0,"turns":4.0},{"damage":11.0,"enemies":"Slime Boss","floor":16.0,"turns":9.0},{"damage":0.0,"enemies":"3 Byrds","floor":18.0,"turns":3.0},{"damage":7.0,"enemies":"Shell Parasite","floor":19.0,"turns":4.0},{"damage":19.0,"enemies":"Snake Plant","floor":21.0,"turns":4.0},{"damage":28.0,"enemies":"Book of Stabbing","floor":24.0,"turns":5.0},{"damage":0.0,"enemies":"Centurion and Healer","floor":27.0,"turns":6.0},{"damage":0.0,"enemies":"Gremlin Leader","floor":29.0,"turns":4.0},{"damage":0.0,"enemies":"Automaton","floor":33.0,"turns":9.0},{"damage":5.0,"enemies":"Orb Walker","floor":35.0,"turns":5.0},{"damage":0.0,"enemies":"3 Darklings","floor":36.0,"turns":6.0},{"damage":10.0,"enemies":"Sphere and 2 Shapes","floor":37.0,"turns":9.0},{"damage":0.0,"enemies":"Mind Bloom Boss Battle","floor":39.0,"turns":5.0},{"damage":9.0,"enemies":"Reptomancer","floor":40.0,"turns":7.0},{"damage":0.0,"enemies":"Nemesis","floor":42.0,"turns":7.0},{"damage":8.0,"enemies":"4 Shapes","floor":45.0,"turns":7.0},{"damage":8,"enemies":"Reptomancer","floor":47,"turns":10},{"damage":8,"enemies":"3 Darklings","floor":48,"turns":3},{"damage":6,"enemies":"Awakened One","floor":50,"turns":12},{"damage":10,"enemies":"Time Eater","floor":51,"turns":1}],"seed_played":"4566636907536984457","potions_obtained":[{"floor":1.0,"key":"Block Potion"},{"floor":6.0,"key":"Explosive Potion"},{"floor":11.0,"key":"Energy Potion"},{"floor":16.0,"key":"SkillPotion"},{"floor":19.0,"key":"Fruit Juice"},{"floor":21.0,"key":"Poison Potion"},{"floor":24.0,"key":"Regen Potion"},{"floor":27.0,"key":"CunningPotion"},{"floor":29.0,"key":"DuplicationPotion"},{"floor":33.0,"key":"SteroidPotion"},{"floor":35.0,"key":"PowerPotion"},{"floor":36.0,"key":"FairyPotion"},{"floor":48,"key":"Explosive Potion"}],"is_trial":false,"path_per_floor":["M","M","M","?","M","E","M","?","T","R","E","R","M","M","R","B",null,"M","M","$","M","?","R","E","R","T","M","R","E","?","?","R","B",null,"M","M","M","?","?","E","?","E","T","R","M","R","E","M","R","B","B"],"character_chosen":"THE_SILENT","items_purchased":["Cloak And Dagger","White Beast Statue"],"campfire_rested":1,"item_purchase_floors":[20,20],"current_hp_per_floor":[59,59,59,59,53,30,30,52,52,52,40,40,36,33,33,22,55,55,48,48,29,29,29,1,10,10,25,25,25,25,25,25,30,36,31,31,21,21,21,12,12,22,22,22,14,14,6,13,13,7,0,0],"gold":328,"neow_bonus":"THREE_ENEMY_KILL","is_daily":false,"chose_seed":false,"campfire_upgraded":8,"win_rate":0.0,"timestamp":1611427649,"path_taken":["M","M","M","?","M","E","M","?","T","R","E","R","M","M","R","BOSS","M","M","$","M","?","R","E","R","T","M","R","E","?","?","R","BOSS","M","M","M","?","?","E","?","E","T","R","M","R","E","M","R","BOSS","BOSS"],"items_purchased_type":["Card","Relic"],"build_version":"2020-12-22","purchased_purges":1,"victory":false,"max_hp_per_floor":[66,66,66,66,66,66,66,66,66,66,66,66,66,66,66,66,66,66,66,66,66,33,33,33,33,33,33,33,33,33,33,33,38,38,38,38,38,36,36,36,36,46,46,46,46,46,46,46,46,46,46,46],"relic_stats":{"counters":[28,149],"Shuriken":[106],"Pen Nib":[6],"Juzu Bracelet":1,"Kunai":[111],"Orichalcum":[162],"Cursed Key":0,"obtain_stats":[{"Ice Cream":39,"Pear":42,"NeowsBlessing":0,"Pen Nib":47,"Juzu Bracelet":29,"Orichalcum":24,"Empty Cage":17,"Cursed Key":34,"White Beast Statue":20,"Shuriken":11,"Kunai":9,"InkBottle":6,"Unceasing Top":40,"Ring of the Snake":0},{"Ice Cream":21,"Pear":23,"NeowsBlessing":0,"Pen Nib":25,"Juzu Bracelet":16,"Orichalcum":14,"Empty Cage":10,"Cursed Key":17,"White Beast Statue":12,"Shuriken":7,"Kunai":6,"InkBottle":5,"Unceasing Top":22,"Ring of the Snake":0},{"Ice Cream":102,"Pear":116,"NeowsBlessing":0,"Pen Nib":133,"Juzu Bracelet":68,"Orichalcum":58,"Empty Cage":42,"Cursed Key":77,"White Beast Statue":49,"Shuriken":27,"Kunai":18,"InkBottle":17,"Unceasing Top":109,"Ring of the Snake":0}],"InkBottle":[85],"Unceasing Top":[12],"Ring of the Snake":[56]},"card_choices":[{"not_picked":["Setup","Caltrops"],"picked":"Poisoned Stab","floor":1.0},{"not_picked":["Flechettes","Cloak And Dagger"],"picked":"Dagger Spray","floor":2.0},{"not_picked":["Deadly Poison","Backflip"],"picked":"Underhanded Strike","floor":3.0},{"not_picked":["Quick Slash","Backstab"],"picked":"Tools of the Trade","floor":5.0},{"not_picked":["Storm of Steel","Choke"],"picked":"Blade Dance","floor":6.0},{"not_picked":["Slice","Prepared"],"picked":"Backflip","floor":7.0},{"not_picked":["Heel Hook","Backstab"],"picked":"Adrenaline","floor":11.0},{"not_picked":["Dodge and Roll","Quick Slash"],"picked":"Blade Dance","floor":13.0},{"not_picked":["Flying Knee","Heel Hook"],"picked":"Backstab","floor":14.0},{"not_picked":["Malaise","Glass Knife"],"picked":"Die Die Die","floor":16.0},{"not_picked":["Poisoned Stab","Prepared","Eviscerate"],"picked":"SKIP","floor":18.0},{"not_picked":["Heel Hook+1","Calculated Gamble"],"picked":"Outmaneuver+1","floor":19.0},{"not_picked":["Expertise","Heel Hook"],"picked":"Deflect","floor":21.0},{"not_picked":["Bane","Dagger Spray"],"picked":"Noxious Fumes","floor":24.0},{"not_picked":["Masterful Stab+1","Flying Knee"],"picked":"Expertise+1","floor":27.0},{"not_picked":["Riddle With Holes","Quick Slash"],"picked":"Malaise","floor":29.0},{"not_picked":["Grand Finale","Venomology"],"picked":"Night Terror","floor":33.0},{"not_picked":["Slice","Sucker Punch","Dagger Spray"],"picked":"SKIP","floor":35.0},{"not_picked":["Dagger Throw","Backflip"],"picked":"Accuracy","floor":36.0},{"not_picked":["Skewer","Endless Agony+1"],"picked":"Catalyst+1","floor":37.0},{"not_picked":["Escape Plan","Night Terror"],"picked":"PiercingWail","floor":40.0},{"not_picked":["Deadly Poison","Choke","Prepared"],"picked":"SKIP","floor":42.0},{"not_picked":["Outmaneuver","Caltrops","Dodge and Roll"],"picked":"SKIP","floor":45},{"not_picked":["Acrobatics","Predator"],"picked":"Concentrate","floor":47},{"not_picked":["Distraction","Dagger Throw+1","Reflex"],"picked":"SKIP","floor":48}],"player_experience":1832560,"relics_obtained":[{"floor":6.0,"key":"InkBottle"},{"floor":9.0,"key":"Kunai"},{"floor":11.0,"key":"Shuriken"},{"floor":24.0,"key":"Orichalcum"},{"floor":29.0,"key":"Juzu Bracelet"},{"floor":39.0,"key":"Ice Cream"},{"floor":40.0,"key":"Unceasing Top"},{"floor":42.0,"key":"Pear"},{"floor":47,"key":"Pen Nib"}],"event_choices":[{"damage_healed":0.0,"max_hp_gain":0.0,"max_hp_loss":0.0,"gold_gain":72.0,"event_name":"Golden Wing","player_choice":"Gained Gold","floor":4.0,"gold_loss":0.0,"damage_taken":0.0},{"damage_healed":22.0,"max_hp_gain":0.0,"max_hp_loss":0.0,"gold_gain":0.0,"event_name":"Big Fish","player_choice":"Banana","floor":8.0,"gold_loss":0.0,"damage_taken":0.0},{"damage_healed":0.0,"max_hp_gain":0.0,"max_hp_loss":33.0,"gold_gain":0.0,"event_name":"Ghosts","player_choice":"Became a Ghost","floor":22.0,"gold_loss":0.0,"damage_taken":0.0,"cards_obtained":["Ghostly","Ghostly","Ghostly"]},{"damage_healed":0.0,"max_hp_gain":0.0,"max_hp_loss":0.0,"gold_gain":0.0,"event_name":"Designer","player_choice":"Upgraded Two","floor":30.0,"gold_loss":50.0,"damage_taken":0.0,"cards_upgraded":["Die Die Die","Backflip"]},{"cards_removed":["Strike_G"],"damage_healed":0.0,"max_hp_gain":0.0,"max_hp_loss":0.0,"gold_gain":0.0,"event_name":"Beggar","player_choice":"Gave Gold","floor":31.0,"gold_loss":75.0,"damage_taken":0.0},{"damage_healed":0.0,"max_hp_gain":0.0,"max_hp_loss":2.0,"gold_gain":0.0,"event_name":"Winding Halls","player_choice":"Max HP","floor":38.0,"gold_loss":0.0,"damage_taken":0.0},{"damage_healed":0.0,"max_hp_gain":0.0,"max_hp_loss":0.0,"gold_gain":0.0,"event_name":"MindBloom","player_choice":"Fight","floor":39.0,"gold_loss":0.0,"damage_taken":0.0},{"damage_healed":0.0,"max_hp_gain":0.0,"max_hp_loss":0.0,"gold_gain":0.0,"event_name":"Duplicator","player_choice":"Copied","floor":41.0,"gold_loss":0.0,"damage_taken":0.0,"cards_obtained":["Ghostly"]}],"is_beta":false,"boss_relics":[{"not_picked":["Snecko Eye","Runic Dome"],"picked":"Empty Cage"},{"not_picked":["SacredBark","Sozu"],"picked":"Cursed Key"}],"items_purged_floors":[20],"is_endless":false,"potions_floor_spawned":[1,6,11,16,19,21,24,27,29,33,35,36,37,39,40,42,45,47,48],"killed_by":"Time Eater","ascension_level":20}}