{"host":"7z347kdhnquy3q4q","time":1611400684,"event":{"mods":["Act Like it!","BaseMod","Hubris","Minty Spire (QoL Compilation)","MostiFishMod","Permanent Neow","Potionbrewer","Robot Space Explorer","Spicy Shops","StSLib","The Marked","Wandering Minibosses"],"gold_per_floor":[113,113,129,144,46,72,72,86,113,188,16,36,50,79,79,176,176,193,208,208,228,247,247,276,276,303,337,36,53,64,64,64,159,159,173,173,173,16,16,46,46,77,77,111,111,246,260,153,153,153],"floor_reached":51,"language":"ENG","playtime":3010,"items_purged":["theMarked:Strike","theMarked:Strike"],"score":1077,"play_id":"cf1b2570-f9d9-470c-af82-84ec6e641cce","local_time":"20210123051804","is_ascension_mode":true,"campfire_choices":[{"floor":7.0,"key":"REST"},{"data":"theMarked:ComboAttacks","floor":15.0,"key":"SMITH"},{"floor":23.0,"key":"REST"},{"data":"theMarked:Indomitable","floor":25.0,"key":"SMITH"},{"floor":32.0,"key":"REST"},{"floor":41.0,"key":"REST"},{"data":"theMarked:BanishingWave","floor":45,"key":"SMITH"},{"data":"theMarked:Levitate","floor":49,"key":"SMITH"}],"circlet_count":0,"master_deck":["theMarked:Strike","theMarked:Strike","theMarked:Strike","theMarked:Defend","theMarked:Defend","theMarked:Defend","theMarked:Defend","theMarked:SoldierOfQuellstein+1","theMarked:ThrowWeapon","theMarked:BanishingStrike","theMarked:BindingBlade","theMarked:BanishingStrike","theMarked:BanishingWave+1","theMarked:SwordAndMagic","theMarked:HeightenedSenses","theMarked:ComboAttacks+1","theMarked:Indomitable+1","theMarked:ParalyzingBlade","theMarked:EternalStudent","theMarked:ComboAttacks+1","theMarked:ChannelForce","theMarked:SuspiciousRaven","theMarked:Abjuration","theMarked:AttractMetal+1","theMarked:Levitate+1","theMarked:DispelDoubt","theMarked:HeritageOfTheMarked+1","theMarked:BindingBlade","theMarked:ComboAttacks+1","theMarked:Improvise+1","theMarked:ParalyzingBlade+1"],"relics":["theMarked:ArtifactOfAir","DaveBox","GreenFoldingFan","SynthV:TestCard","Omamori","Ancient Tea Set","TimeKeys","Nloth\u0027s Gift","Pen Nib","theMarked:DemonDagger","Oddly Smooth Stone","MostiFishMod:AdaptiveDefenses","hubris:EmptyBottle","wanderingMiniBosses:ThiefScarf","Nilry\u0027s Codex","theMarked:Eyepatch","hubris:Towel","Civilization","hubris:Icosahedron","Ornamental Fan","Smiling Mask","Mummified Hand","Nunchaku","Blood Vial","Orichalcum"],"acts_visited":["Exordium","TheCity","TheBeyond"],"potions_floor_usage":[50,50],"damage_taken":[{"damage":4.0,"enemies":"2 Louse","floor":1.0,"turns":2.0},{"damage":4.0,"enemies":"Cultist","floor":3.0,"turns":2.0},{"damage":7.0,"enemies":"Small Slimes","floor":4.0,"turns":2.0},{"damage":34.0,"enemies":"Gremlin Nob","floor":6.0,"turns":4.0},{"damage":7.0,"enemies":"3 Louse","floor":8.0,"turns":2.0},{"damage":2.0,"enemies":"Lots of Slimes","floor":12.0,"turns":1.0},{"damage":8.0,"enemies":"2 Fungi Beasts","floor":13.0,"turns":3.0},{"damage":8.0,"enemies":"Lagavulin","floor":14.0,"turns":4.0},{"damage":44.0,"enemies":"The Guardian","floor":16.0,"turns":6.0},{"damage":26.0,"enemies":"3 Byrds","floor":18.0,"turns":5.0},{"damage":4.0,"enemies":"Shell Parasite","floor":19.0,"turns":2.0},{"damage":17.0,"enemies":"Snake Plant","floor":21.0,"turns":2.0},{"damage":28.0,"enemies":"Snecko","floor":22.0,"turns":5.0},{"damage":22.0,"enemies":"Book of Stabbing","floor":24.0,"turns":3.0},{"damage":23.0,"enemies":"Gremlin Leader","floor":27.0,"turns":5.0},{"damage":6.0,"enemies":"3 Cultists","floor":29.0,"turns":3.0},{"damage":10.0,"enemies":"Shelled Parasite and Fungi","floor":30.0,"turns":5.0},{"damage":10.0,"enemies":"Collector","floor":33.0,"turns":5.0},{"damage":46.0,"enemies":"3 Darklings","floor":35.0,"turns":5.0},{"damage":41.0,"enemies":"Giant Head","floor":40.0,"turns":7.0},{"damage":10,"enemies":"Nemesis","floor":42,"turns":4},{"damage":19,"enemies":"Giant Head","floor":44,"turns":4},{"damage":11,"enemies":"Nemesis","floor":46,"turns":3},{"damage":2,"enemies":"Orb Walker","floor":47,"turns":2},{"damage":10,"enemies":"Awakened One","floor":50,"turns":5}],"seed_played":"-5093539000054329789","potions_obtained":[{"floor":8.0,"key":"Strength Potion"},{"floor":12.0,"key":"SpeedPotion"},{"floor":13.0,"key":"Explosive Potion"},{"floor":18.0,"key":"Weak Potion"},{"floor":24.0,"key":"Energy Potion"},{"floor":27.0,"key":"potionbrewer:DiscountPotion"},{"floor":30.0,"key":"Dexterity Potion"},{"floor":42,"key":"Strength Potion"},{"floor":44,"key":"theMarked:ChargePotion"}],"is_trial":false,"path_per_floor":["M","?","M","M","$","E","R","M","T","?","$","M","M","E","R","B",null,"M","M","?","M","M","R","E","R","T","E","$","M","M","?","R","B",null,"M","?","?","$","?","E","R","E","T","E","R","E","M","$","R","B",null],"character_chosen":"THE_DEFAULT","items_purchased":["theMarked:BanishingStrike","theMarked:HeightenedSenses","theMarked:ComboAttacks","MostiFishMod:AdaptiveDefenses","hubris:EmptyBottle","Civilization","Orichalcum"],"campfire_rested":4,"item_purchase_floors":[5,11,11,28,28,38,48],"current_hp_per_floor":[70,70,70,70,70,46,67,70,70,59,59,67,69,77,77,43,77,61,67,67,60,42,65,53,53,53,40,40,44,44,28,51,53,77,45,64,64,64,64,49,72,74,74,78,78,81,92,92,92,97],"gold":153,"neow_bonus":"ONE_RANDOM_RARE_CARD","is_daily":false,"chose_seed":false,"campfire_upgraded":4,"win_rate":0.0,"timestamp":1611400684,"path_taken":["M","?","M","?","$","E","R","M","T","?","$","M","M","E","R","BOSS","M","M","?","M","M","R","E","R","T","E","$","?","M","?","R","BOSS","M","?","?","$","?","E","R","E","T","E","R","E","M","?","R","BOSS"],"items_purchased_type":["Card","Card","Card","Relic","Relic","Relic","Relic"],"build_version":"2020-12-22","purchased_purges":2,"victory":true,"max_hp_per_floor":[70,70,70,70,70,70,70,70,70,70,70,70,70,77,77,77,77,77,77,77,77,77,77,77,77,77,77,77,77,77,77,77,77,77,77,77,77,77,77,78,78,80,80,83,83,87,92,92,92,97],"card_choices":[{"not_picked":["theMarked:ResourceFulStrike","theMarked:Improvise","theMarked:TwofoldDefense"],"picked":"SKIP","floor":1.0},{"not_picked":["theMarked:ComboAttacks","theMarked:EnhanceMovement","theMarked:Parkour","theMarked:DeterminationOfTheMarked"],"picked":"theMarked:BanishingStrike","floor":3.0},{"not_picked":["theMarked:WastefulDefense","theMarked:AttractMetal","theMarked:BanishingStrike","theMarked:ContemptForTheProud"],"picked":"theMarked:BindingBlade","floor":4.0},{"not_picked":["theMarked:Generate","theMarked:MaelstromOfLightning","theMarked:EmpowerWeapon","theMarked:BanishingStrike"],"picked":"theMarked:BanishingWave","floor":6.0},{"not_picked":["theMarked:ChainLightning","theMarked:SelfDefenseTraining","theMarked:ResourceFulStrike","theMarked:ElectricStrings"],"picked":"theMarked:SwordAndMagic","floor":8.0},{"not_picked":["theMarked:Aftermath","theMarked:EmpowerWeapon","theMarked:Parkour","theMarked:Defy"],"picked":"theMarked:Indomitable","floor":12.0},{"not_picked":["theMarked:BanishingStrike","theMarked:Static","theMarked:Standoff","theMarked:WardOff"],"picked":"theMarked:ParalyzingBlade","floor":13.0},{"not_picked":["theMarked:Frustration","theMarked:WastefulDefense","theMarked:Aftermath","theMarked:ElectricStrings","theMarked:ResourceFulStrike"],"picked":"SKIP","floor":14.0},{"not_picked":["theMarked:Defy","theMarked:TurnInvisible","theMarked:UnarmedFury","theMarked:DispelDoubt"],"picked":"theMarked:EternalStudent","floor":16.0},{"not_picked":["theMarked:Frustration","theMarked:BanishingWave","theMarked:WastefulDefense+1","theMarked:Panic+1"],"picked":"theMarked:ComboAttacks+1","floor":18.0},{"not_picked":["theMarked:SwordAndMagic","theMarked:Improvise","theMarked:RepellingDischarge","theMarked:BanishingStrike","theMarked:CreepingChasm+1"],"picked":"SKIP","floor":19.0},{"not_picked":["theMarked:Improvise","theMarked:Overthink","theMarked:Static+1","theMarked:TunnelVision+1"],"picked":"theMarked:ChannelForce","floor":21.0},{"not_picked":["theMarked:WastefulDefense","theMarked:LightningStrikesTwice","theMarked:HeightenedSenses","theMarked:ChainLightning","theMarked:ElectricStrings"],"picked":"SKIP","floor":22.0},{"not_picked":["theMarked:TakeCover","theMarked:ChainLightning","theMarked:Frustration+1","theMarked:RepellingDischarge"],"picked":"theMarked:SuspiciousRaven","floor":24.0},{"not_picked":["theMarked:Static","theMarked:ComboAttacks+1","theMarked:ElementalBlade+1","theMarked:ChainLightning+1"],"picked":"theMarked:Abjuration","floor":27.0},{"not_picked":["theMarked:Static+1","theMarked:MysticalArsenal","theMarked:WastefulAttack+1","theMarked:ResourceFulStrike+1"],"picked":"theMarked:AttractMetal+1","floor":29.0},{"not_picked":["theMarked:SwordAndMagic+1","theMarked:EmpowerWeapon+1","theMarked:Frustration+1","theMarked:ThrowWeapon"],"picked":"theMarked:Levitate","floor":30.0},{"not_picked":["theMarked:MagicAdept","theMarked:BindingBlade","theMarked:ThrowWeapon","theMarked:MuscleMemory"],"picked":"theMarked:DispelDoubt","floor":33.0},{"not_picked":["theMarked:WastefulAttack+1","theMarked:RepellingDischarge+1","theMarked:HeightenedSenses","theMarked:WardOff"],"picked":"theMarked:HeritageOfTheMarked+1","floor":35.0},{"not_picked":["theMarked:HeightenedSenses","theMarked:Frustration+1","theMarked:Overthink+1","theMarked:PowerFlow"],"picked":"theMarked:BindingBlade","floor":40.0},{"not_picked":["theMarked:Challenge","theMarked:PowerFlow","theMarked:Aftermath+1","theMarked:LightningStrikesTwice+1"],"picked":"theMarked:ComboAttacks+1","floor":42},{"not_picked":["theMarked:KeepCalmAndFightOn","theMarked:SwordAndMagic+1","theMarked:TwofoldDefense","theMarked:Overthink","theMarked:Opportunist"],"picked":"SKIP","floor":44},{"not_picked":["theMarked:Frustration+1","theMarked:Defy","theMarked:UnarmedFury","theMarked:Parry"],"picked":"theMarked:Improvise+1","floor":46},{"not_picked":["theMarked:ResourceFulStrike","theMarked:ChainLightning","theMarked:Improvise","theMarked:TakeOffHeels"],"picked":"theMarked:ParalyzingBlade+1","floor":47}],"player_experience":1955816,"relics_obtained":[{"floor":1.0,"key":"SynthV:TestCard"},{"floor":6.0,"key":"Omamori"},{"floor":9.0,"key":"Ancient Tea Set"},{"floor":14.0,"key":"Strawberry"},{"floor":24.0,"key":"Pen Nib"},{"floor":26.0,"key":"theMarked:DemonDagger"},{"floor":27.0,"key":"Oddly Smooth Stone"},{"floor":30.0,"key":"wanderingMiniBosses:ThiefScarf"},{"floor":31.0,"key":"Nilry\u0027s Codex"},{"floor":40.0,"key":"Ornamental Fan"},{"floor":42,"key":"Smiling Mask"},{"floor":43,"key":"Mummified Hand"},{"floor":44,"key":"Nunchaku"},{"floor":46,"key":"Blood Vial"}],"event_choices":[{"damage_healed":0.0,"max_hp_gain":0.0,"max_hp_loss":0.0,"gold_gain":0.0,"event_name":"Upgrade Shrine","player_choice":"Upgraded","floor":2.0,"gold_loss":0.0,"damage_taken":0.0,"cards_upgraded":["theMarked:SoldierOfQuellstein"]},{"damage_healed":0.0,"max_hp_gain":0.0,"max_hp_loss":0.0,"gold_gain":75.0,"event_name":"World of Goop","player_choice":"Gather Gold","floor":10.0,"gold_loss":0.0,"damage_taken":11.0},{"damage_healed":0.0,"max_hp_gain":0.0,"max_hp_loss":0.0,"gold_gain":0.0,"event_name":"N\u0027loth","player_choice":"Traded Relic","floor":20.0,"relics_lost":["Strawberry"],"gold_loss":0.0,"damage_taken":0.0,"relics_obtained":["Nloth\u0027s Gift"]},{"damage_healed":0.0,"max_hp_gain":0.0,"max_hp_loss":0.0,"gold_gain":0.0,"event_name":"Cursed Tome","player_choice":"Obtained Book","floor":31.0,"gold_loss":0.0,"damage_taken":16.0},{"damage_healed":19.0,"max_hp_gain":0.0,"max_hp_loss":0.0,"gold_gain":0.0,"event_name":"Winding Halls","player_choice":"Writhe","floor":36.0,"gold_loss":0.0,"damage_taken":0.0,"cards_obtained":["Writhe"]}],"is_beta":false,"boss_relics":[{"not_picked":["hubris:Stopwatch","HereWithMe"],"picked":"TimeKeys"},{"not_picked":["hubris:BlackHole","SlaversCollar"],"picked":"theMarked:Eyepatch"}],"items_purged_floors":[5,48],"is_endless":false,"potions_floor_spawned":[8,12,13,18,24,27,30,42,44],"ascension_level":2}}