{"host":"rn4c402gwd40h2z6","time":1611432022,"event":{"mods":["100% Spire Juice","Act Like it!","Alarm Clock","BaseMod","CapriCore","Challenge The Spire","Data Control","Downfall","Gensokyo","Good Game Mod","Hallownest","KinomotoSakuraMod(Ä¾Ö®±¾Ó£)","Koishi","Lobotomy","LobotomyExtend","Marisa£¨ìFÓê¡¡Ä§ÀíÉ³£©","Minty Spire (QoL Compilation)","Pale of the Ancients","Quick Restart","Reimu£¨²©ÀöÁéÃÎ£©","Remilia£¨ÀÙÃ×ÀòÑÇ£©","Replay The Spire","RumiaBox-Â¶Ã×æ«µÄÉñÃØºÐ×Ó","StSLib","Td1madao Mod","The Alterego","The Bug Knight","The Cursed","The Immortal","The Poker Player","The Saiyan","The Senshi","Yakumo Yukari mod","Youmu£¨»êÆÇÑýÃÎ£©","Yuyuko","noobMod","vexMod","¡¾¹¦ÄÜMod¡¿»ìãçÖ®»·ÐÞ¸´²¹¶¡"],"gold_per_floor":[10014,9999,9999,10014,9999,10031,9999,9999,10079,9999,10027,10012,9999,10009,9999,9999,9999,10019,10013,10014,9999,9999,10032,9999,10018,10072,10026,10011,9999,10034,9999,9999,9999,9999,10019,10011,9999,9999,9999,10030,9999,10029,9999,10029,9999,10014,9999,10010,9999,9999,9999,10019,10017,9999,9999,9999,10009,9999,10022,9999,9999],"floor_reached":62,"language":"ZHS","playtime":4187,"items_purged":["Defend_R","Defend_R","Battle Trance","Voices","ReplayReversal+1"],"score":3678,"play_id":"d9e33a16-64b0-45e3-9830-c5ed756615aa","local_time":"20210124040022","is_ascension_mode":true,"campfire_choices":[{"floor":8.0,"key":"RECALL"},{"floor":15,"key":"REST"},{"data":"Strike_R","floor":24,"key":"SMITH"},{"data":"Clothesline","floor":32,"key":"SMITH"},{"data":"Barricade","floor":41,"key":"SMITH"},{"data":"Searing Blow+1","floor":47,"key":"SMITH"},{"data":"Searing Blow+1","floor":49,"key":"SMITH"},{"data":"Hallownest:attackMasterDashSlash","floor":56,"key":"SMITH"},{"data":"Shrug It Off","floor":58,"key":"SMITH"}],"circlet_count":0,"master_deck":["AscendersBane","Bash+1","Human_Monster_Realm_purple+1","Pommel Strike+1","Twin Strike+1","Cleave+1","Clothesline+1","Twin Strike+1","Iron Wave+1","Master of Strategy+1","Iron Wave+1","Flame Barrier+1","Carnage+1","Iron Wave+1","Pommel Strike+1","Heavy Blade+1","Whirlwind+1","Clothesline+1","Barricade+1","Dual Wield","Searing Blow","Eclipse","Immolate","Twin Strike+1","ReplayTheSpireMod:Limb From Limb+1","Clothesline","Cleave","Shrug It Off+1","Hallownest:attackMasterDashSlash+1","Pot Of Greed+1","Pot Of Greed","Pot Of Greed","Pommel Strike","Searing Blow+2","Searing Blow+2","Heavy Blade+1","Carnage+1","Pot Of Greed","Body Slam+1","Twin Strike+1","Clothesline","Clothesline","Twin Strike"],"relics":["Burning Blood","REME:ComplimentaryCards","ice","LetterFromLob","Gensokyo:PortableGap","Baka2","Ring of Searing","Blood Vial","King of Hearts","Replay:Baseball","Mercury Hourglass","Iron Hammer","MagicDraw2","theSenshi:FeatherClipsRelic","Divine Protection","TentaclePot:ReiMu","Replay:Baseball","Painkiller Herb","Medical Kit","champ:Barbells","OrangePellets","Chemical X","Gensokyo:SpiderMask","Centennial Puzzle","RedMistMask","bronze:DecasWashers","champ:DeflectingBracers","ReplayFunnel","Pandora\u0027s Box","Red Skull","Gremlin Food","Guardian:BottledAnomaly","Blue Candle","Grinning Jar","Gambling Chip","Paper Frog","Dream Catcher","SSSystem","vexMod:PaidLearning","Potion Belt","paleoftheancients:Timepiece","paleoftheancients:KeyRelic","CultistMask","paleoftheancients:SoulOfTheShapes","ReplayTheSpireMod:Lightbulb","theSenshi:SailorFukuRelic","HandDrill","Slimebound:StickyStick"],"acts_visited":["Gensokyo:Gensokyo","Gensokyo:Gensokyoer","Hallownest:KingdomsEdge","paleoftheancients:PaleOfTheAncients"],"potions_floor_usage":[],"damage_taken":[{"damage":0.0,"enemies":"Gensokyo:Python","floor":1.0,"turns":2.0},{"damage":0.0,"enemies":"Gensokyo:Gryphon","floor":4.0,"turns":1.0},{"damage":39.0,"enemies":"Gensokyo:Mamizou","floor":6.0,"turns":4.0},{"damage":0,"enemies":"Gensokyo:Aya","floor":11,"turns":2},{"damage":13,"enemies":"Gensokyo:3_Fairies","floor":12,"turns":3},{"damage":0,"enemies":"Gensokyo:Gryphon_and_Rabbit","floor":14,"turns":2},{"damage":6,"enemies":"Gensokyo:Kokoro","floor":16,"turns":2},{"damage":0,"enemies":"Gensokyo:Chomper","floor":18,"turns":1},{"damage":0,"enemies":"Gensokyo:2_Gloops","floor":19,"turns":2},{"damage":4,"enemies":"Gensokyo:Wraith","floor":20,"turns":3},{"damage":0,"enemies":"Gensokyo:Tenshi","floor":23,"turns":1},{"damage":0,"enemies":"Gensokyo:Slime_Group","floor":25,"turns":1},{"damage":0,"enemies":"Gensokyo:Koishi","floor":27,"turns":2},{"damage":0,"enemies":"Gensokyo:Chomper_and_Gloop","floor":28,"turns":1},{"damage":0,"enemies":"Gensokyo:Reisen","floor":30,"turns":1},{"damage":0,"enemies":"Gensokyo:Monolith_and_Dog","floor":31,"turns":1},{"damage":2,"enemies":"Gensokyo:Kaguya","floor":33,"turns":3},{"damage":0,"enemies":"Hallownest:2_Littles","floor":35,"turns":1},{"damage":0,"enemies":"Hallownest:3_Siblings","floor":36,"turns":1},{"damage":0,"enemies":"Hallownest:StalkingDevout","floor":40,"turns":2},{"damage":0,"enemies":"Hallownest:eliteCollector","floor":42,"turns":1},{"damage":2,"enemies":"Hallownest:StalkingDevout","floor":44,"turns":3},{"damage":0,"enemies":"Hallownest:Slobbering_and_Violent","floor":46,"turns":1},{"damage":5,"enemies":"Hallownest:2_Wing_and_1_Kings","floor":48,"turns":1},{"damage":0,"enemies":"Hallownest:Radiance","floor":50,"turns":1},{"damage":0,"enemies":"Hallownest:BossGreyPrinceZote","floor":51,"turns":1},{"damage":0,"enemies":"Hallownest:BossGreyPrinceZote","floor":52,"turns":1},{"damage":0,"enemies":"Hallownest:BossGreyPrinceZote","floor":53,"turns":2},{"damage":0,"enemies":"Hallownest:BossGreyPrinceZote","floor":57,"turns":2},{"damage":12,"enemies":"paleoftheancients:N","floor":61,"turns":5}],"seed_played":"4436461568485546695","potions_obtained":[{"floor":4.0,"key":"SkillPotion"},{"floor":6.0,"key":"SteroidPotion"}],"is_trial":false,"path_per_floor":["M","?","?","M","?","E","$","R","T","T","E","M","$","M","R","B",null,"?","?","?","COS","?","E","T","?","T","E","?","?","E","?","T","B",null,"?","?","T","?","?","E","T","E","T","E","T","?","T","?","T","B","B","?","?","?","T","T","?","T","T","?","B",null],"character_chosen":"IRONCLAD","items_purchased":["Clothesline","Twin Strike","King of Hearts","Replay:Baseball","Master of Strategy","theSenshi:FeatherClipsRelic","Divine Protection","TentaclePot:ReiMu","Red Skull","Gremlin Food","Guardian:BottledAnomaly","Clothesline","Cleave","Shrug It Off","Searing Blow","SSSystem","vexMod:PaidLearning","Potion Belt","BloodPotion","Toxic Potion","Heavy Blade","ReplayTheSpireMod:Lightbulb","theSenshi:SailorFukuRelic","HandDrill","Clothesline"],"campfire_rested":1,"item_purchase_floors":[7,7,7,7,13,13,13,13,37,37,37,37,37,37,45,45,45,45,45,45,45,55,55,55,55],"current_hp_per_floor":[68,68,58,58,58,25,25,25,25,25,33,34,34,48,58,58,58,58,58,58,58,58,58,58,58,58,58,58,58,58,58,58,58,58,58,58,58,58,53,58,58,58,58,58,58,58,58,58,58,58,58,58,58,58,58,58,58,58,58,58,58],"gold":9999,"neow_bonus":"REMOVE_TWO","is_daily":false,"chose_seed":false,"campfire_upgraded":7,"win_rate":0.0,"timestamp":1611432022,"path_taken":["M","?","?","M","?","E","?","R","T","?","E","M","$","M","R","BOSS","?","?","?","COS","?","E","T","?","T","E","?","?","E","?","T","BOSS","?","?","T","?","?","E","T","E","T","E","T","?","T","?","T","BOSS","BOSS","?","?","?","T","T","?","T","T","?","BOSS"],"items_purchased_type":["Card","Card","Relic","Relic","Card","Relic","Relic","Relic","Relic","Relic","Relic","Card","Card","Card","Card","Relic","Relic","Relic","Potion","Potion","Card","Relic","Relic","Relic","Card"],"build_version":"2020-12-22","purchased_purges":5,"victory":true,"max_hp_per_floor":[68,68,58,58,58,58,58,58,58,58,58,58,58,58,58,58,58,58,58,58,58,58,58,58,58,58,58,58,58,58,58,58,58,58,58,58,58,58,58,58,58,58,58,58,58,58,58,58,58,58,58,58,58,58,58,58,58,58,58,58,58],"card_choices":[{"not_picked":["ReplayTheSpireMod:LeadingStrike","Heavy Blade"],"picked":"Pommel Strike","floor":1.0},{"not_picked":["Spot Weakness","Warcry"],"picked":"Twin Strike","floor":4.0},{"not_picked":["Double Tap","Replay:Undeath\u0027s Touch"],"picked":"Cleave","floor":6.0},{"not_picked":["Spot Weakness","Searing Blow"],"picked":"ReplayTheSpireMod:Limb From Limb","floor":11},{"not_picked":["Perfected Strike","Seeing Red"],"picked":"Iron Wave","floor":12},{"not_picked":["Hemogenesis","Perfected Strike"],"picked":"Iron Wave","floor":14},{"not_picked":["Shockwave+1","Iron Wave"],"picked":"Flame Barrier","floor":18},{"not_picked":["Flex","Pommel Strike"],"picked":"Carnage","floor":19},{"not_picked":["Rampage","ReplayReversal"],"picked":"Iron Wave","floor":20},{"not_picked":["Life Link","Cleave"],"picked":"Pommel Strike","floor":23},{"not_picked":["Cleave+1","Perfected Strike"],"picked":"Heavy Blade","floor":25},{"not_picked":["Demonic Infusion","Feel No Pain"],"picked":"Carnage","floor":27},{"not_picked":["Thunderclap","Second Wind"],"picked":"Whirlwind","floor":28},{"not_picked":["Blood for Blood","Seeing Red","ReplayTheSpireMod:Strike From Hell"],"picked":"SKIP","floor":30},{"not_picked":["Pommel Strike","Twin Strike"],"picked":"Clothesline","floor":31},{"not_picked":["Fiend Fire","Reaper"],"picked":"Barricade","floor":33},{"not_picked":["Havoc+1","Flex+1"],"picked":"Twin Strike","floor":35},{"not_picked":["Thunderclap","Iron Wave"],"picked":"ReplayTheSpireMod:Limb From Limb","floor":36},{"not_picked":["Seeing Red","Anger+1","True Grit"],"picked":"SKIP","floor":40},{"not_picked":["Armaments","Pummel","Warcry"],"picked":"SKIP","floor":42},{"not_picked":["Searing Blow","Intimidate"],"picked":"Pommel Strike","floor":44},{"not_picked":["Battle Trance+1","ReplayTheSpireMod:Muscle Training"],"picked":"Carnage+1","floor":46},{"not_picked":["Wild Strike","Disarm+1"],"picked":"Body Slam","floor":48},{"not_picked":["Headbutt","Fire Breathing+1"],"picked":"Twin Strike+1","floor":52},{"not_picked":["Havoc","Run Through"],"picked":"Clothesline","floor":53},{"not_picked":["Havoc","Metallicize"],"picked":"Twin Strike","floor":57}],"player_experience":50906,"relics_obtained":[{"floor":1.0,"key":"Baka"},{"floor":1.0,"key":"LetterFromLob"},{"floor":4.0,"key":"Baka2"},{"floor":5.0,"key":"Ring of Searing"},{"floor":6.0,"key":"Blood Vial"},{"floor":10.0,"key":"Mercury Hourglass"},{"floor":11,"key":"Iron Hammer"},{"floor":11,"key":"MagicDraw2"},{"floor":14,"key":"Replay:Baseball"},{"floor":23,"key":"Centennial Puzzle"},{"floor":23,"key":"RedMistMask"},{"floor":26,"key":"bronze:DecasWashers"},{"floor":27,"key":"champ:DeflectingBracers"},{"floor":30,"key":"ReplayFunnel"},{"floor":40,"key":"Grinning Jar"},{"floor":42,"key":"Gambling Chip"},{"floor":43,"key":"Paper Frog"},{"floor":44,"key":"Dream Catcher"},{"floor":53,"key":"paleoftheancients:SoulOfTheShapes"},{"floor":59,"key":"Slimebound:StickyStick"}],"event_choices":[],"is_beta":false,"boss_relics":[{"not_picked":["Empty Cage","vexMod:MysteryBossChallenge"],"picked":"Painkiller Herb"},{"not_picked":["Runic Dome","vexMod:CursedCompass"],"picked":"Pandora\u0027s Box"}],"items_purged_floors":[7,13,37,45,55],"is_endless":false,"potions_floor_spawned":[4,6,14,18,27,28,30,31,33,40,42,48,53],"ascension_level":20}}