{"host":"bxn2em57qlx5u4i0","time":1611365578,"event":{"mods":["BaseMod","Colored Map","Colored Powertips","Highlight Path","Minty Spire (QoL Compilation)","Random Character Button","Relic Sorter","Relic Stats","StSLib","SuperFastMode"],"gold_per_floor":[115,129,129,141,158,187,187,212,224,236,283,295,307,353,365,377,377],"floor_reached":16,"language":"ENG","playtime":430,"items_purged":[],"score":306,"play_id":"78a3278b-c804-4db7-91b2-e30d0a80817a","local_time":"20210122203258","is_ascension_mode":true,"campfire_choices":[{"data":"Noxious Fumes","floor":7.0,"key":"SMITH"},{"floor":13.0,"key":"REST"},{"data":"Footwork","floor":15.0,"key":"SMITH"}],"circlet_count":0,"master_deck":["AscendersBane","Strike_G","Strike_G","Strike_G","Strike_G","Defend_G","Defend_G","Defend_G","Defend_G","Defend_G","Survivor","Neutralize","Dagger Spray","Crippling Poison","Cloak And Dagger","Noxious Fumes+1","Dash","Footwork+1","Backflip","PiercingWail"],"relics":["Ring of the Snake","StrikeDummy","MawBank","InkBottle","Golden Idol","Blue Candle","Bird Faced Urn"],"acts_visited":["Exordium"],"potions_floor_usage":[],"damage_taken":[{"damage":0.0,"enemies":"Cultist","floor":1.0,"turns":5.0},{"damage":3.0,"enemies":"2 Louse","floor":2.0,"turns":2.0},{"damage":1.0,"enemies":"Small Slimes","floor":4.0,"turns":3.0},{"damage":1.0,"enemies":"2 Fungi Beasts","floor":5.0,"turns":4.0},{"damage":33.0,"enemies":"Lagavulin","floor":6.0,"turns":9.0},{"damage":13.0,"enemies":"3 Sentries","floor":8.0,"turns":7.0},{"damage":0.0,"enemies":"Lagavulin","floor":11.0,"turns":6.0},{"damage":19.0,"enemies":"3 Sentries","floor":14.0,"turns":6.0},{"damage":23,"enemies":"The Guardian","floor":16,"turns":2}],"seed_played":"-385864401834988565","potions_obtained":[{"floor":4.0,"key":"Poison Potion"},{"floor":5.0,"key":"DistilledChaos"},{"floor":8.0,"key":"LiquidMemories"},{"floor":11.0,"key":"Regen Potion"}],"is_trial":false,"path_per_floor":["M","M","?","M","M","E","R","E","T","?","E","?","R","E","R","B"],"character_chosen":"THE_SILENT","items_purchased":[],"campfire_rested":1,"item_purchase_floors":[],"current_hp_per_floor":[59,56,49,48,47,14,14,1,1,1,1,1,19,15,15,0,0],"gold":377,"neow_bonus":"THREE_CARDS","is_daily":false,"chose_seed":false,"campfire_upgraded":2,"win_rate":0.0,"timestamp":1611365578,"path_taken":["M","M","?","M","M","E","R","E","T","?","E","?","R","E","R","BOSS"],"items_purchased_type":[],"build_version":"2020-12-22","purchased_purges":0,"victory":false,"max_hp_per_floor":[66,66,66,66,66,66,66,66,66,60,60,60,60,60,60,60,60],"relic_stats":{"counters":[9,44],"Golden Idol":14,"Blue Candle":[0],"Bird Faced Urn":[2],"MawBank":96,"obtain_stats":[{"Golden Idol":10,"Blue Candle":11,"Bird Faced Urn":14,"StrikeDummy":6,"MawBank":8,"InkBottle":9,"Ring of the Snake":0},{"Golden Idol":6,"Blue Candle":7,"Bird Faced Urn":8,"StrikeDummy":5,"MawBank":6,"InkBottle":6,"Ring of the Snake":0},{"Golden Idol":30,"Blue Candle":36,"Bird Faced Urn":42,"StrikeDummy":23,"MawBank":30,"InkBottle":30,"Ring of the Snake":0}],"InkBottle":[3],"Ring of the Snake":[18]},"card_choices":[{"not_picked":["Dagger Throw","Cloak And Dagger"],"picked":"Dagger Spray","floor":0.0},{"not_picked":["Quick Slash","Deadly Poison"],"picked":"Crippling Poison","floor":1.0},{"not_picked":["Quick Slash","Reflex"],"picked":"Cloak And Dagger","floor":2.0},{"not_picked":["Deadly Poison","Slice"],"picked":"Noxious Fumes","floor":4.0},{"not_picked":["Dagger Spray","Escape Plan"],"picked":"Dash","floor":5.0},{"not_picked":["Well Laid Plans","Cloak And Dagger"],"picked":"Footwork","floor":6.0},{"not_picked":["Prepared","Poisoned Stab"],"picked":"Backflip","floor":8.0},{"not_picked":["Acrobatics","Doppelganger"],"picked":"PiercingWail","floor":11.0},{"not_picked":["Concentrate","Choke","Quick Slash"],"picked":"SKIP","floor":14.0}],"player_experience":2908167,"relics_obtained":[{"floor":6.0,"key":"StrikeDummy"},{"floor":8.0,"key":"MawBank"},{"floor":9.0,"key":"InkBottle"},{"floor":11.0,"key":"Blue Candle"},{"floor":14.0,"key":"Bird Faced Urn"}],"event_choices":[{"cards_removed":["Strike_G"],"damage_healed":0.0,"max_hp_gain":0.0,"max_hp_loss":0.0,"gold_gain":0.0,"event_name":"Golden Wing","player_choice":"Card Removal","floor":3.0,"gold_loss":0.0,"damage_taken":7.0},{"damage_healed":0.0,"max_hp_gain":0.0,"max_hp_loss":6.0,"gold_gain":0.0,"event_name":"Golden Idol","player_choice":"Lose Max HP","floor":10.0,"gold_loss":0.0,"damage_taken":0.0,"relics_obtained":["Golden Idol"]},{"damage_healed":0.0,"max_hp_gain":0.0,"max_hp_loss":0.0,"gold_gain":0.0,"event_name":"Shining Light","player_choice":"Ignored","floor":12.0,"gold_loss":0.0,"damage_taken":0.0}],"is_beta":false,"boss_relics":[],"items_purged_floors":[],"is_endless":false,"potions_floor_spawned":[4,5,8,11],"killed_by":"The Guardian","ascension_level":20}}