{"host":"89iuq2p5kwriuwfq","time":1611428789,"event":{"mods":["BaseMod","Curses Come First","Minty Spire (QoL Compilation)","Permanent Neow","StSLib"],"gold_per_floor":[116,116,41,59,74,74,88,120,120,155,169,169,202,202,202,305,305,318,243,255,272,272,272,272],"floor_reached":23,"language":"ENG","playtime":1055,"items_purged":["Writhe"],"score":330,"play_id":"76a33b5c-0e02-4986-bb93-cbb4000e58a3","local_time":"20210123190629","is_ascension_mode":true,"campfire_choices":[{"data":"Eruption","floor":6.0,"key":"SMITH"},{"floor":12.0,"key":"REST"},{"data":"Pray","floor":15.0,"key":"SMITH"}],"circlet_count":0,"master_deck":["Eruption+1","Vigilance","WheelKick+1","Brilliance+1","Meditate","Consecrate","FollowUp","Pray+1","Protect","Establishment","Swivel","Establishment+1","FearNoEvil","LessonLearned+1","SandsOfTime","Ragnarok","Prostrate","WindmillStrike"],"relics":["PureWater","Dream Catcher","Regal Pillow","Pantograph","Damaru","PreservedInsect","Pandora\u0027s Box"],"acts_visited":["Exordium","TheCity"],"potions_floor_usage":[23],"damage_taken":[{"damage":0.0,"enemies":"2 Louse","floor":1.0,"turns":3.0},{"damage":0.0,"enemies":"Cultist","floor":4.0,"turns":1.0},{"damage":7.0,"enemies":"Jaw Worm","floor":5.0,"turns":3.0},{"damage":9.0,"enemies":"Exordium Wildlife","floor":7.0,"turns":3.0},{"damage":20.0,"enemies":"Lagavulin","floor":8.0,"turns":3.0},{"damage":16.0,"enemies":"Gremlin Nob","floor":10.0,"turns":3.0},{"damage":0.0,"enemies":"Large Slime","floor":11.0,"turns":3.0},{"damage":0.0,"enemies":"Lagavulin","floor":13.0,"turns":4.0},{"damage":28.0,"enemies":"Slime Boss","floor":16.0,"turns":5.0},{"damage":24.0,"enemies":"2 Thieves","floor":18.0,"turns":3.0},{"damage":24.0,"enemies":"Shell Parasite","floor":20.0,"turns":4.0},{"damage":0.0,"enemies":"Cultist and Chosen","floor":21.0,"turns":5.0},{"damage":18,"enemies":"Book of Stabbing","floor":23,"turns":3}],"seed_played":"7417397139262082617","potions_obtained":[{"floor":5.0,"key":"PowerPotion"},{"floor":10.0,"key":"EssenceOfSteel"},{"floor":13.0,"key":"EssenceOfSteel"}],"is_trial":false,"path_per_floor":["M","?","$","M","M","R","M","E","T","E","M","R","E","?","R","B",null,"M","?","M","M","?","E"],"character_chosen":"WATCHER","items_purchased":[],"campfire_rested":1,"item_purchase_floors":[],"current_hp_per_floor":[65,65,65,65,58,58,49,29,29,13,13,49,49,49,49,44,65,41,41,17,17,17,0,0],"gold":272,"neow_bonus":"TRANSFORM_TWO_CARDS","is_daily":false,"chose_seed":false,"campfire_upgraded":2,"win_rate":0.0,"timestamp":1611428789,"path_taken":["M","?","?","M","?","R","M","E","T","E","M","R","E","?","R","BOSS","M","?","M","M","?","E"],"items_purchased_type":[],"build_version":"2020-12-22","purchased_purges":1,"victory":false,"max_hp_per_floor":[72,72,72,72,72,72,72,72,72,72,72,72,72,72,72,72,72,72,72,72,72,72,72,72],"card_choices":[{"not_picked":["ClearTheMind","EmptyBody","Perseverance"],"picked":"SKIP","floor":1.0},{"not_picked":["EmptyMind","Evaluate"],"picked":"Meditate","floor":4.0},{"not_picked":["Vengeance","ClearTheMind","SashWhip"],"picked":"SKIP","floor":5.0},{"not_picked":["ThirdEye","ClearTheMind"],"picked":"Consecrate","floor":7.0},{"not_picked":["BowlingBash","EmptyFist","CutThroughFate"],"picked":"SKIP","floor":8.0},{"not_picked":["MasterReality","Conclude"],"picked":"FollowUp","floor":10.0},{"not_picked":["Perseverance","Evaluate"],"picked":"Pray","floor":11.0},{"not_picked":["ThirdEye","CrushJoints"],"picked":"Protect","floor":12.0},{"not_picked":["PathToVictory","ThirdEye","Tantrum"],"picked":"SKIP","floor":13.0},{"not_picked":["Blasphemy","DevaForm"],"picked":"Establishment","floor":16.0},{"not_picked":["Study+1","ForeignInfluence","Conclude+1"],"picked":"SKIP","floor":18.0},{"not_picked":["ThirdEye+1","SashWhip"],"picked":"Prostrate","floor":20.0},{"not_picked":["EmptyFist+1","ReachHeaven+1"],"picked":"WindmillStrike","floor":21.0}],"player_experience":556635,"relics_obtained":[{"floor":8.0,"key":"Dream Catcher"},{"floor":9.0,"key":"Regal Pillow"},{"floor":10.0,"key":"Pantograph"},{"floor":13.0,"key":"Damaru"}],"event_choices":[{"damage_healed":0.0,"max_hp_gain":0.0,"max_hp_loss":0.0,"gold_gain":0.0,"event_name":"Accursed Blacksmith","player_choice":"Forge","floor":2.0,"gold_loss":0.0,"damage_taken":0.0,"cards_upgraded":["Brilliance"]},{"damage_healed":0.0,"max_hp_gain":0.0,"max_hp_loss":0.0,"gold_gain":0.0,"event_name":"Big Fish","player_choice":"Box","floor":14.0,"gold_loss":0.0,"damage_taken":0.0,"relics_obtained":["PreservedInsect"],"cards_obtained":["Regret"]},{"cards_removed":["Regret"],"damage_healed":0.0,"max_hp_gain":0.0,"max_hp_loss":0.0,"gold_gain":0.0,"event_name":"Beggar","player_choice":"Gave Gold","floor":19.0,"gold_loss":75.0,"damage_taken":0.0},{"damage_healed":0.0,"max_hp_gain":0.0,"max_hp_loss":0.0,"gold_gain":0.0,"event_name":"Vampires","player_choice":"Ignored","floor":22.0,"gold_loss":0.0,"damage_taken":0.0}],"is_beta":false,"boss_relics":[{"not_picked":["Sozu","Runic Dome"],"picked":"Pandora\u0027s Box"}],"items_purged_floors":[3],"is_endless":false,"potions_floor_spawned":[5,10,13],"killed_by":"Book of Stabbing","ascension_level":8}}