{"host":"avjwtc49fhlk6kym","time":1611370607,"event":{"mods":["AchievementEnabler","BaseMod","Better Match","Better Note","Better Third Choice","Colored Map","Colored Powertips","Displayed Cursed Tome","Highlight Path","Minty Spire (QoL Compilation)","Permanent Neow","Quick Restart","StSLib"],"gold_per_floor":[115,129,204,222,235,235,247,262,262,296,310,310,381,406,406,536,599,618,618,24,43,66,66,86,86,86,104,118,118,118],"floor_reached":29,"language":"ENG","playtime":805,"items_purged":["Strike_P"],"score":283,"play_id":"d21bfcf2-4f68-455a-a4d6-e418ea798605","local_time":"20210122215647","is_ascension_mode":false,"campfire_choices":[{"floor":6.0,"key":"REST"},{"floor":15,"key":"REST"},{"data":"Apotheosis","floor":23,"key":"SMITH"},{"floor":25,"key":"REST"}],"circlet_count":0,"master_deck":["Strike_P","Strike_P","Strike_P","Defend_P","Defend_P","Defend_P","Defend_P","Eruption","Vigilance","Judgement+1","FlyingSleeves","ReachHeaven","Consecrate","FollowUp","Halt","BowlingBash","Devotion","Wallop","BowlingBash","DevaForm","SandsOfTime","Apotheosis+1","BattleHymn","Protect","Protect","CrushJoints","LikeWater","Prostrate"],"relics":["PureWater","White Beast Statue","Smiling Mask","Golden Idol","Tiny House","Gremlin Horn"],"acts_visited":["Exordium","TheCity"],"potions_floor_usage":[16,21,21,22,24,24,28,29,29],"damage_taken":[{"damage":0.0,"enemies":"Cultist","floor":1.0,"turns":2.0},{"damage":0.0,"enemies":"Small Slimes","floor":2.0,"turns":2.0},{"damage":0.0,"enemies":"Jaw Worm","floor":4.0,"turns":2.0},{"damage":0.0,"enemies":"Blue Slaver","floor":5.0,"turns":1.0},{"damage":2.0,"enemies":"Lots of Slimes","floor":7.0,"turns":2.0},{"damage":2.0,"enemies":"Looter","floor":8.0,"turns":2.0},{"damage":23.0,"enemies":"Lagavulin","floor":10.0,"turns":5.0},{"damage":1,"enemies":"Exordium Wildlife","floor":11,"turns":2},{"damage":1,"enemies":"2 Fungi Beasts","floor":14,"turns":2},{"damage":0,"enemies":"Slime Boss","floor":16,"turns":7},{"damage":0,"enemies":"Chosen","floor":18,"turns":3},{"damage":1,"enemies":"2 Thieves","floor":21,"turns":2},{"damage":21,"enemies":"Snecko","floor":22,"turns":6},{"damage":12,"enemies":"Snake Plant","floor":24,"turns":4},{"damage":35,"enemies":"Cultist and Chosen","floor":27,"turns":5},{"damage":15,"enemies":"Shelled Parasite and Fungi","floor":28,"turns":3},{"damage":9,"enemies":"Snake Plant","floor":29,"turns":1}],"seed_played":"-4331697107976426746","potions_obtained":[{"floor":1.0,"key":"EntropicBrew"},{"floor":8.0,"key":"SteroidPotion"},{"floor":10.0,"key":"Regen Potion"},{"floor":11,"key":"Weak Potion"},{"floor":14,"key":"Ancient Potion"},{"floor":16,"key":"Block Potion"},{"floor":17,"key":"Explosive Potion"},{"floor":19,"key":"DuplicationPotion"},{"floor":21,"key":"Explosive Potion"},{"floor":22,"key":"Strength Potion"},{"floor":24,"key":"CultistPotion"},{"floor":27,"key":"BlessingOfTheForge"},{"floor":28,"key":"Block Potion"}],"is_trial":false,"path_per_floor":["M","M","?","M","M","R","M","M","T","E","M","?","?","M","R","B",null,"M","?","$","M","M","R","M","R","T","M","M","M"],"character_chosen":"WATCHER","items_purchased":["Gremlin Horn","Apotheosis","BattleHymn","Protect"],"campfire_rested":3,"item_purchase_floors":[20,20,20,20],"current_hp_per_floor":[51,51,40,40,40,61,59,57,57,34,33,33,33,32,52,67,72,72,72,72,71,50,50,38,59,59,24,9,0,0],"gold":118,"neow_bonus":"THREE_RARE_CARDS","is_daily":false,"chose_seed":false,"campfire_upgraded":1,"win_rate":0.0,"timestamp":1611370607,"path_taken":["M","M","?","M","M","R","M","M","T","E","M","?","?","M","R","BOSS","M","?","$","M","M","R","?","R","T","M","M","M"],"items_purchased_type":["Relic","Card","Card","Card"],"build_version":"2020-12-22","purchased_purges":1,"victory":false,"max_hp_per_floor":[72,72,72,72,72,72,72,72,72,72,72,67,67,67,67,67,72,72,72,72,72,72,72,72,72,72,72,72,72,72],"card_choices":[{"not_picked":["DeusExMachina","LessonLearned"],"picked":"Judgement","floor":0.0},{"not_picked":["Evaluate","Prostrate"],"picked":"FlyingSleeves","floor":1.0},{"not_picked":["SashWhip","JustLucky"],"picked":"ReachHeaven","floor":2.0},{"not_picked":["SashWhip","JustLucky"],"picked":"Consecrate","floor":4.0},{"not_picked":["EmptyBody","Crescendo"],"picked":"FollowUp","floor":5.0},{"not_picked":["EmptyBody","Sanctity"],"picked":"Halt","floor":7.0},{"not_picked":["EmptyFist","MentalFortress"],"picked":"BowlingBash","floor":8.0},{"not_picked":["EmptyMind","CutThroughFate"],"picked":"Devotion","floor":10.0},{"not_picked":["FollowUp","BowlingBash"],"picked":"Wallop","floor":11},{"not_picked":["Sanctity","MentalFortress"],"picked":"BowlingBash","floor":14},{"not_picked":["Scrawl","Judgement"],"picked":"DevaForm","floor":16},{"not_picked":["ReachHeaven","FollowUp"],"picked":"SandsOfTime","floor":17},{"not_picked":["WaveOfTheHand","Consecrate","CarveReality"],"picked":"SKIP","floor":18},{"not_picked":["JustLucky+1","Consecrate"],"picked":"Protect","floor":21},{"not_picked":["EmptyFist","SignatureMove","CutThroughFate"],"picked":"SKIP","floor":22},{"not_picked":["Wallop+1","ClearTheMind+1"],"picked":"CrushJoints","floor":24},{"not_picked":["EmptyBody+1","Indignation"],"picked":"LikeWater","floor":27},{"not_picked":["Crescendo","EmptyFist"],"picked":"Prostrate","floor":28}],"player_experience":399041,"relics_obtained":[{"floor":9.0,"key":"White Beast Statue"},{"floor":10.0,"key":"Smiling Mask"}],"event_choices":[{"damage_healed":0.0,"max_hp_gain":0.0,"max_hp_loss":0.0,"gold_gain":75.0,"event_name":"betterThird:BetterGoop","player_choice":"Gold","floor":3.0,"gold_loss":0.0,"damage_taken":11.0},{"damage_healed":0,"gold_gain":0,"player_choice":"Lose Max HP","damage_taken":0,"relics_obtained":["Golden Idol"],"max_hp_gain":0,"max_hp_loss":5,"event_name":"Golden Idol","floor":12,"gold_loss":0},{"damage_healed":0,"gold_gain":71,"player_choice":"Gained Gold","damage_taken":0,"max_hp_gain":0,"max_hp_loss":0,"event_name":"Golden Wing","floor":13,"gold_loss":0},{"damage_healed":0,"gold_gain":0,"player_choice":"Got Potions","damage_taken":0,"max_hp_gain":0,"max_hp_loss":0,"event_name":"Lab","floor":19,"gold_loss":0}],"is_beta":false,"boss_relics":[{"not_picked":["SacredBark","Coffee Dripper"],"picked":"Tiny House"}],"items_purged_floors":[20],"is_endless":false,"potions_floor_spawned":[1,8,10,11,14,16,18,21,22,24,27,28],"killed_by":"Snake Plant","ascension_level":0}}