{"host":"nwd160me4iqdtr8u","time":1611395943,"event":{"mods":["AchievementEnabler","Act Like it!","BaseMod","Colored Map","DeckTracker","Minty Spire (QoL Compilation)","Rare Cards Sparkle","StSLib","SuperFastMode","everything is the same but u backflip on backflip"],"gold_per_floor":[119,139,69,83,83,111,39,39,39,72,72,72,72,85,85,186,186,203,23,23,42,69,69,102,113,113,131,146,146,146,146,146,248,248,259,278,278,327,327,327,338,365,416,416,416,340,352,365,365,365],"floor_reached":51,"language":"KOR","playtime":2556,"items_purged":[],"score":908,"play_id":"750eb219-d537-46e7-a497-62c61876cfdc","local_time":"20210123185903","is_ascension_mode":true,"campfire_choices":[{"data":"Calculated Gamble","floor":8.0,"key":"SMITH"},{"floor":13.0,"key":"REST"},{"data":"Neutralize","floor":15.0,"key":"SMITH"},{"data":"A Thousand Cuts","floor":23.0,"key":"SMITH"},{"data":"Ghostly","floor":32.0,"key":"SMITH"},{"floor":40,"key":"REST"},{"floor":45,"key":"REST"},{"data":"After Image","floor":49,"key":"SMITH"}],"circlet_count":0,"master_deck":["Strike_G","Strike_G","Strike_G","Strike_G","Defend_G","Defend_G","Defend_G","Defend_G","Defend_G","Survivor","Neutralize","Dash","Blade Dance","Calculated Gamble+1","Quick Slash","Bane","Dagger Spray","Burst","Blade Dance","Neutralize+1","Backflip","Adrenaline","A Thousand Cuts+1","Acrobatics","J.A.X.","Expertise+1","Tactician","Backstab+1","Backflip+1","Die Die Die","Ghostly+1","Ghostly","Ghostly","Ghostly","After Image+1","Outmaneuver+1","Accuracy+1","Panache","Footwork+1","Blur","Flying Knee+1","Slice+1"],"relics":["Ring of the Snake","Ninja Scroll","Juzu Bracelet","Happy Flower","WristBlade","Blood Vial","Snake Skull","Kunai","HoveringKite","Dead Branch","Tough Bandages","Bag of Preparation"],"acts_visited":["Exordium","TheCity","TheBeyond"],"potions_floor_usage":[50],"damage_taken":[{"damage":10.0,"enemies":"Cultist","floor":1.0,"turns":6.0},{"damage":3.0,"enemies":"Jaw Worm","floor":2.0,"turns":5.0},{"damage":4.0,"enemies":"Small Slimes","floor":4.0,"turns":3.0},{"damage":25.0,"enemies":"Lagavulin","floor":6.0,"turns":11.0},{"damage":22.0,"enemies":"3 Sentries","floor":10.0,"turns":6.0},{"damage":0.0,"enemies":"Looter","floor":14.0,"turns":2.0},{"damage":37.0,"enemies":"Hexaghost","floor":16.0,"turns":14.0},{"damage":0.0,"enemies":"Spheric Guardian","floor":18.0,"turns":1.0},{"damage":12.0,"enemies":"2 Thieves","floor":21.0,"turns":2.0},{"damage":15.0,"enemies":"Book of Stabbing","floor":24.0,"turns":4.0},{"damage":11.0,"enemies":"Snake Plant","floor":25.0,"turns":3.0},{"damage":0.0,"enemies":"Snecko","floor":27.0,"turns":2.0},{"damage":3.0,"enemies":"Cultist and Chosen","floor":28.0,"turns":3.0},{"damage":13.0,"enemies":"Collector","floor":33.0,"turns":8.0},{"damage":16.0,"enemies":"3 Darklings","floor":35.0,"turns":4.0},{"damage":0.0,"enemies":"Orb Walker","floor":36.0,"turns":3.0},{"damage":5,"enemies":"2 Orb Walkers","floor":38,"turns":4},{"damage":17,"enemies":"4 Shapes","floor":41,"turns":3},{"damage":3,"enemies":"Nemesis","floor":42,"turns":3},{"damage":0,"enemies":"Sphere and 2 Shapes","floor":47,"turns":4},{"damage":0,"enemies":"Spire Growth","floor":48,"turns":3},{"damage":8,"enemies":"Awakened One","floor":50,"turns":9}],"seed_played":"-6260470520110775497","potions_obtained":[{"floor":1.0,"key":"Dexterity Potion"},{"floor":6.0,"key":"SmokeBomb"},{"floor":10.0,"key":"Poison Potion"},{"floor":18.0,"key":"DistilledChaos"},{"floor":21.0,"key":"SkillPotion"},{"floor":38,"key":"Explosive Potion"},{"floor":47,"key":"AttackPotion"},{"floor":48,"key":"PowerPotion"}],"is_trial":false,"path_per_floor":["M","M","$","M","?","E","$","R","T","E","?","?","R","M","R","B",null,"M","$","?","M","T","R","E","M","T","M","M","?","?","?","R","B",null,"M","M","?","?","?","R","M","E","T","?","R","$","M","M","R","B",null],"character_chosen":"THE_SILENT","items_purchased":["Calculated Gamble","Burst","A Thousand Cuts","Acrobatics","Blur"],"campfire_rested":3,"item_purchase_floors":[3,7,19,19,46],"current_hp_per_floor":[67,64,64,60,60,35,35,35,35,13,18,18,42,42,42,5,82,82,82,82,70,70,70,57,48,48,50,49,49,41,36,36,25,46,30,32,32,29,24,37,22,21,21,21,34,34,36,38,38,32],"gold":365,"neow_bonus":"TEN_PERCENT_HP_BONUS","is_daily":false,"chose_seed":false,"campfire_upgraded":5,"win_rate":0.0,"timestamp":1611395943,"path_taken":["M","M","?","M","?","E","$","R","T","E","?","?","R","M","R","BOSS","M","?","?","M","?","R","E","M","T","M","M","?","?","?","R","BOSS","M","M","?","?","?","R","M","E","T","?","R","$","M","M","R","BOSS"],"items_purchased_type":["Card","Card","Card","Card","Card"],"build_version":"2020-12-22","purchased_purges":0,"victory":true,"max_hp_per_floor":[77,77,77,77,77,77,77,77,77,77,82,82,82,82,82,82,82,82,82,82,82,82,82,82,82,82,82,82,82,41,46,46,46,46,46,46,46,46,46,46,46,46,46,44,44,44,44,44,44,44],"card_choices":[{"not_picked":["Eviscerate","Finisher"],"picked":"Dash","floor":1.0},{"not_picked":["Bane","Deflect"],"picked":"Blade Dance","floor":2.0},{"not_picked":["Setup","Calculated Gamble"],"picked":"Quick Slash","floor":4.0},{"not_picked":["Riddle With Holes","Escape Plan"],"picked":"Dagger Spray","floor":6.0},{"not_picked":["Caltrops","Calculated Gamble"],"picked":"Blade Dance","floor":10.0},{"not_picked":["Bane","Eviscerate","Deadly Poison"],"picked":"SKIP","floor":14.0},{"not_picked":["Grand Finale","Die Die Die"],"picked":"Adrenaline","floor":16.0},{"not_picked":["Flying Knee","Caltrops","Underhanded Strike"],"picked":"SKIP","floor":18.0},{"not_picked":["Slice","Quick Slash","Dagger Throw"],"picked":"SKIP","floor":21.0},{"not_picked":["Dagger Spray+1","Slice"],"picked":"Expertise+1","floor":24.0},{"not_picked":["Expertise+1","Sucker Punch+1"],"picked":"Tactician","floor":25.0},{"not_picked":["Quick Slash","Cloak And Dagger"],"picked":"Backstab+1","floor":27.0},{"not_picked":["Slice","Caltrops"],"picked":"Backflip+1","floor":28.0},{"not_picked":["Corpse Explosion","Grand Finale"],"picked":"After Image","floor":33.0},{"not_picked":["Acrobatics","Slice","Dagger Spray"],"picked":"SKIP","floor":35.0},{"not_picked":["Eviscerate+1","Dagger Throw"],"picked":"Outmaneuver+1","floor":36},{"not_picked":["Sucker Punch+1","Blade Dance+1"],"picked":"Accuracy+1","floor":38},{"not_picked":["Flash of Steel","Violence"],"picked":"Panache","floor":39},{"not_picked":["Bouncing Flask+1","Flying Knee+1","Terror+1"],"picked":"SKIP","floor":41},{"not_picked":["Dagger Throw+1","Prepared"],"picked":"Footwork+1","floor":42},{"not_picked":["Dash","Expertise+1"],"picked":"Flying Knee+1","floor":47},{"not_picked":["Escape Plan+1","Backflip+1"],"picked":"Slice+1","floor":48}],"player_experience":218173,"relics_obtained":[{"floor":6.0,"key":"Ninja Scroll"},{"floor":9.0,"key":"Juzu Bracelet"},{"floor":10.0,"key":"Happy Flower"},{"floor":22.0,"key":"Blood Vial"},{"floor":24.0,"key":"Snake Skull"},{"floor":26.0,"key":"Kunai"},{"floor":38,"key":"Dead Branch"},{"floor":42,"key":"Tough Bandages"},{"floor":43,"key":"Bag of Preparation"}],"event_choices":[{"damage_healed":0.0,"max_hp_gain":0.0,"max_hp_loss":0.0,"gold_gain":0.0,"cards_transformed":["Strike_G"],"event_name":"Transmorgrifier","player_choice":"Transformed","floor":5.0,"gold_loss":0.0,"damage_taken":0.0,"cards_obtained":["Bane"]},{"damage_healed":0.0,"max_hp_gain":5.0,"max_hp_loss":0.0,"gold_gain":0.0,"event_name":"Big Fish","player_choice":"Donut","floor":11.0,"gold_loss":0.0,"damage_taken":0.0},{"damage_healed":0.0,"max_hp_gain":0.0,"max_hp_loss":0.0,"gold_gain":0.0,"event_name":"Match and Keep!","player_choice":"2 cards matched","floor":12.0,"gold_loss":0.0,"damage_taken":0.0,"cards_obtained":["Neutralize","Backflip"]},{"damage_healed":0.0,"max_hp_gain":0.0,"max_hp_loss":0.0,"gold_gain":0.0,"event_name":"Drug Dealer","player_choice":"Obtain J.A.X.","floor":20.0,"gold_loss":0.0,"damage_taken":0.0,"cards_obtained":["J.A.X."]},{"damage_healed":0.0,"max_hp_gain":0.0,"max_hp_loss":0.0,"gold_gain":0.0,"event_name":"The Library","player_choice":"Read","floor":29.0,"gold_loss":0.0,"damage_taken":0.0,"cards_obtained":["Die Die Die"]},{"damage_healed":0.0,"max_hp_gain":0.0,"max_hp_loss":41.0,"gold_gain":0.0,"event_name":"Ghosts","player_choice":"Became a Ghost","floor":30.0,"gold_loss":0.0,"damage_taken":0.0,"cards_obtained":["Ghostly","Ghostly","Ghostly","Ghostly","Ghostly"]},{"damage_healed":0.0,"max_hp_gain":5.0,"max_hp_loss":0.0,"gold_gain":0.0,"event_name":"Forgotten Altar","player_choice":"Shed Blood","floor":31.0,"gold_loss":0.0,"damage_taken":10.0},{"cards_removed":["Ghostly"],"damage_healed":0,"gold_gain":0,"player_choice":"Removed Skill","damage_taken":0,"max_hp_gain":0,"max_hp_loss":0,"event_name":"Falling","floor":37,"gold_loss":0},{"damage_healed":0,"gold_gain":0,"player_choice":"Fight","damage_taken":0,"max_hp_gain":0,"max_hp_loss":0,"event_name":"Mysterious Sphere","floor":38,"gold_loss":0},{"damage_healed":0,"gold_gain":0,"player_choice":"Memory 2","damage_taken":5,"max_hp_gain":0,"max_hp_loss":0,"event_name":"SensoryStone","floor":39,"gold_loss":0},{"damage_healed":0,"gold_gain":0,"player_choice":"Max HP","damage_taken":0,"max_hp_gain":0,"max_hp_loss":2,"event_name":"Winding Halls","floor":44,"gold_loss":0}],"is_beta":false,"boss_relics":[{"not_picked":["Runic Dome","Ectoplasm"],"picked":"WristBlade"},{"not_picked":["Ring of the Serpent","Snecko Eye"],"picked":"HoveringKite"}],"items_purged_floors":[],"is_endless":false,"potions_floor_spawned":[1,6,10,18,21,24,38,47,48],"ascension_level":3}}