{"host":"qhn6g0owdgjb77rz","time":1611389195,"event":{"mods":["BaseMod","BetterRewards","Colored Map","Infinite Spire","Minty Spire (QoL Compilation)","Relic Sorter","Replay The Spire","StSLib"],"gold_per_floor":[109,127,127,145,18,49,49,68,68,102,121,33,53,78,78,150,150,169,187,187,202,202,202,229,247,247,281,164,164,164,197,197,274,274,291,216,229,2,20,49,49,68,68,101,116,135,160,187,187,187,187,187,25,52,52],"floor_reached":56,"language":"ENG","playtime":3689,"items_purged":["Strike_R"],"score":2317,"play_id":"43a84a97-a24b-46b3-b9de-7695e4ea790c","local_time":"20210123170635","is_ascension_mode":true,"campfire_choices":[{"data":"Apotheosis","floor":7.0,"key":"SMITH"},{"floor":15,"key":"DIG"},{"data":"1","floor":23,"key":"LIFT"},{"data":"2","floor":29,"key":"LIFT"},{"data":"3","floor":32,"key":"LIFT"},{"floor":41,"key":"RECALL"},{"floor":49,"key":"REST"}],"circlet_count":0,"master_deck":["AscendersBane","Strike_R","Strike_R","Strike_R","Strike_R","Defend_R","Defend_R","Defend_R","Bash","Dark Embrace","True Grit+1","ReplayUltimateDefense","Havoc","Wild Strike","Deep Breath","True Grit","Clumsy","Apotheosis+1","Evolve","Sentinel","Abandon","Feed","Exhume","Shockwave+1","Rampage","Fire Breathing","Battle Trance","AbeCurse","Twin Strike+1","Fire Breathing","Warcry","Shrug It Off+1","Parasite","Feel No Pain"],"relics":["Burning Blood","Singing Bowl","CaptainsWheel","Art of War","Replay:Lucky Slots","ReplayTheSpireMod:CursedCoin","Chameleon Ring","Magic Flower","Charon\u0027s Ashes","Odd Mushroom","infinitespire:BottledMercury","Girya","Mark of Pain","ReplayTheSpireMod:Ninjato","Torii","Bottled Lightning","Tiny Chest","Abe\u0027s Treasure","Oddly Smooth Stone","Happy Flower","Akabeko","Bird Faced Urn","Paper Frog","Bottled Tornado"],"acts_visited":["Exordium","TheCity","TheBeyond","TheEnding"],"potions_floor_usage":[19,24,27,50,50,55,55],"damage_taken":[{"damage":5.0,"enemies":"Small Slimes","floor":1.0,"turns":4.0},{"damage":0.0,"enemies":"Cultist","floor":2.0,"turns":2.0},{"damage":9.0,"enemies":"2 Louse","floor":4.0,"turns":2.0},{"damage":12.0,"enemies":"3 Sentries","floor":6.0,"turns":8.0},{"damage":11.0,"enemies":"Large Slime","floor":8.0,"turns":6.0},{"damage":12.0,"enemies":"Replay:BlueRogue","floor":10.0,"turns":7.0},{"damage":8.0,"enemies":"2 Fungi Beasts","floor":11.0,"turns":3.0},{"damage":1.0,"enemies":"The Mushroom Lair","floor":13.0,"turns":5.0},{"damage":0,"enemies":"Lagavulin","floor":14,"turns":8},{"damage":33,"enemies":"The Guardian","floor":16,"turns":9},{"damage":0,"enemies":"Chosen","floor":18,"turns":4},{"damage":18,"enemies":"Shell Parasite","floor":19,"turns":7},{"damage":9,"enemies":"Snecko","floor":21,"turns":5},{"damage":18,"enemies":"Book of Stabbing","floor":24,"turns":6},{"damage":11,"enemies":"Sentry and Sphere","floor":25,"turns":7},{"damage":12,"enemies":"Slavers","floor":27,"turns":3},{"damage":1,"enemies":"Replay:Snechameleon","floor":31,"turns":5},{"damage":0,"enemies":"Collector","floor":33,"turns":5},{"damage":1,"enemies":"3 Darklings","floor":35,"turns":3},{"damage":0,"enemies":"Orb Walker","floor":37,"turns":3},{"damage":0,"enemies":"Sphere and 2 Shapes","floor":39,"turns":4},{"damage":22,"enemies":"R_Hoarder","floor":40,"turns":6},{"damage":42,"enemies":"Maw","floor":42,"turns":7},{"damage":0,"enemies":"Giant Head","floor":44,"turns":5},{"damage":9,"enemies":"Writhing Mass","floor":45,"turns":4},{"damage":7,"enemies":"Jaw Worm Horde","floor":46,"turns":3},{"damage":0,"enemies":"Mind Bloom Boss Battle","floor":47,"turns":4},{"damage":24,"enemies":"Reptomancer","floor":48,"turns":4},{"damage":24,"enemies":"Replay:Hell Engine","floor":50,"turns":7},{"damage":21,"enemies":"Shield and Spear","floor":54,"turns":4},{"damage":30,"enemies":"The Heart","floor":55,"turns":6}],"seed_played":"-1217274192483768596","potions_obtained":[{"floor":2.0,"key":"Adrenaline Potion"},{"floor":11.0,"key":"Fire Potion"},{"floor":14,"key":"LiquidBronze"},{"floor":18,"key":"Dexterity Potion"},{"floor":24,"key":"CultistPotion"},{"floor":25,"key":"SkillPotion"},{"floor":33,"key":"Reflective Coating"},{"floor":37,"key":"ColorlessPotion"},{"floor":52,"key":"LiquidMemories"},{"floor":52,"key":"SteroidPotion"}],"is_trial":false,"path_per_floor":["M","M","?","M","$","E","R","M","T","E","M","$","?","E","R_BF","B",null,"M","M","?","M","?","R","E","M","T","E","$","R","?","E","R_BF","B",null,"M","?","M","$","M","E","R","M","T","E","M","M","?","E","R","B",null,"R","$","E","B",null],"character_chosen":"IRONCLAD","items_purchased":["Singing Bowl","Dark Embrace","True Grit","ReplayUltimateDefense","Art of War","Replay:Lucky Slots","Havoc","Wild Strike","Deep Breath","ReplayTheSpireMod:CursedCoin","Apotheosis","Evolve","Abandon","Rampage","Fire Breathing","Oddly Smooth Stone","Warcry","Feel No Pain"],"campfire_rested":1,"item_purchase_floors":[0,0,0,0,0,0,0,0,0,5,5,5,12,28,28,38,38,53],"current_hp_per_floor":[69,77,77,76,76,72,72,69,69,68,69,69,79,87,87,69,86,97,94,94,102,96,96,95,101,101,106,106,106,67,81,81,92,125,133,133,140,140,146,135,135,102,102,113,121,131,148,150,170,161,168,168,168,172,158],"gold":52,"neow_bonus":"","is_daily":false,"chose_seed":false,"campfire_upgraded":1,"win_rate":0.0,"timestamp":1611389195,"path_taken":["M","M","?","M","?","E","R","M","T","E","M","$","?","E","R_BF","BOSS","M","M","?","M","?","R","E","?","T","E","?","R","?","E","R_BF","BOSS","M","?","M","$","M","E","R","?","T","E","M","M","?","E","R","BOSS","R","$","E","BOSS"],"items_purchased_type":["Relic","Card","Card","Card","Relic","Relic","Card","Card","Card","Relic","Card","Card","Card","Card","Card","Relic","Card","Card"],"build_version":"2020-12-22","purchased_purges":1,"victory":true,"max_hp_per_floor":[75,77,77,79,79,81,81,83,83,85,85,85,87,87,87,91,91,97,101,101,107,107,107,113,119,119,125,125,125,130,134,134,136,136,136,136,140,140,146,148,148,148,148,150,156,162,168,170,170,170,170,170,170,172,172],"card_choices":[{"not_picked":["Replay:Undeath\u0027s Touch","Uppercut"],"picked":"True Grit","floor":1.0},{"not_picked":["Uppercut","Heavy Blade","Twin Strike"],"picked":"Singing Bowl","floor":2.0},{"not_picked":["Flex","Combust","Blood for Blood"],"picked":"Singing Bowl","floor":4.0},{"not_picked":["Clothesline","Heavy Blade","Entrench"],"picked":"Singing Bowl","floor":6.0},{"not_picked":["Entrench","Run Through","Havoc"],"picked":"Singing Bowl","floor":8.0},{"not_picked":["Rage","Clothesline","Evolve"],"picked":"Singing Bowl","floor":10.0},{"not_picked":["Clothesline","Infernal Blade"],"picked":"Sentinel","floor":11.0},{"not_picked":["Perfected Strike","Clash","Thunderclap"],"picked":"Singing Bowl","floor":13.0},{"not_picked":["Shrug It Off","Armaments"],"picked":"Feed","floor":14},{"not_picked":["Impervious","Barricade"],"picked":"Exhume","floor":16},{"not_picked":["Armaments","Flex","Anger"],"picked":"Singing Bowl","floor":18},{"not_picked":["Cleave+1","Abandon+1"],"picked":"Shockwave+1","floor":19},{"not_picked":["Abandon","Perfected Strike","Seeing Red"],"picked":"Singing Bowl","floor":21},{"not_picked":["Flex","Intimidate","Shockwave"],"picked":"Singing Bowl","floor":24},{"not_picked":["ReplayTheSpireMod:Muscle Training","Clothesline","Bloodletting+1"],"picked":"Singing Bowl","floor":25},{"not_picked":["Anger","Headbutt+1","Wild Strike"],"picked":"Singing Bowl","floor":27},{"not_picked":["Dual Wield+1","Brutality"],"picked":"Battle Trance","floor":31},{"not_picked":["Brutality","Reaper","Corruption"],"picked":"Singing Bowl","floor":33},{"not_picked":["Dropkick","Seeing Red"],"picked":"Twin Strike+1","floor":35},{"not_picked":["Replay:Undeath\u0027s Touch","Evolve"],"picked":"Fire Breathing","floor":37},{"not_picked":["Sword Boomerang","Anger","Cleave"],"picked":"Singing Bowl","floor":39},{"not_picked":["Sword Boomerang","Iron Wave","Berserk"],"picked":"Singing Bowl","floor":40},{"not_picked":["Massacre","Sentinel"],"picked":"Shrug It Off+1","floor":42},{"not_picked":["Replay:Undeath\u0027s Touch","Dual Wield","Flame Barrier"],"picked":"Singing Bowl","floor":44},{"not_picked":["Clothesline","ReplayTheSpireMod:LeadingStrike","Reckless Charge+1"],"picked":"Singing Bowl","floor":45},{"not_picked":["Sword Boomerang","Shrug It Off","Battle Trance"],"picked":"Singing Bowl","floor":46},{"not_picked":["Flex","True Grit","Perfected Strike+1"],"picked":"Singing Bowl","floor":47},{"not_picked":["Fiend Fire","Ghostly Armor","Pommel Strike"],"picked":"Singing Bowl","floor":48},{"not_picked":["Perfected Strike","Flex+1","Evolve"],"picked":"Singing Bowl","floor":54}],"player_experience":472843,"relics_obtained":[{"floor":6.0,"key":"Chameleon Ring"},{"floor":9.0,"key":"Magic Flower"},{"floor":10.0,"key":"Charon\u0027s Ashes"},{"floor":13.0,"key":"Odd Mushroom"},{"floor":14,"key":"infinitespire:BottledMercury"},{"floor":15,"key":"Girya"},{"floor":24,"key":"ReplayTheSpireMod:Ninjato"},{"floor":26,"key":"Torii"},{"floor":27,"key":"Bottled Lightning"},{"floor":31,"key":"Tiny Chest"},{"floor":40,"key":"Happy Flower"},{"floor":44,"key":"Akabeko"},{"floor":47,"key":"Bird Faced Urn"},{"floor":48,"key":"Paper Frog"},{"floor":54,"key":"Bottled Tornado"}],"event_choices":[{"damage_healed":0.0,"max_hp_gain":0.0,"max_hp_loss":0.0,"gold_gain":0.0,"event_name":"Living Wall","player_choice":"Grow","floor":3.0,"gold_loss":0.0,"damage_taken":0.0,"cards_upgraded":["True Grit"]},{"damage_healed":0.0,"max_hp_gain":0.0,"max_hp_loss":0.0,"gold_gain":0.0,"event_name":"Mushrooms","player_choice":"Fought Mushrooms","floor":13.0,"gold_loss":0.0,"damage_taken":0.0},{"damage_healed":0,"gold_gain":0,"player_choice":"Bought 0 Potions","damage_taken":0,"max_hp_gain":0,"max_hp_loss":0,"event_name":"The Woman in Blue","floor":22,"gold_loss":0},{"damage_healed":0,"gold_gain":0,"player_choice":"Shed Blood","damage_taken":44,"max_hp_gain":5,"max_hp_loss":0,"event_name":"Forgotten Altar","floor":30,"gold_loss":0},{"cards_removed":["Defend_R"],"damage_healed":0,"gold_gain":0,"player_choice":"Single Remove","damage_taken":0,"max_hp_gain":0,"max_hp_loss":0,"event_name":"Designer","floor":36,"gold_loss":75},{"damage_healed":0,"gold_gain":0,"player_choice":"Fight","damage_taken":0,"max_hp_gain":0,"max_hp_loss":0,"event_name":"MindBloom","floor":47,"gold_loss":0}],"is_beta":false,"boss_relics":[{"not_picked":["ChewingGum","Ectoplasm"],"picked":"Mark of Pain"},{"not_picked":["Runic Dome","Replay:Wanted Poster"],"picked":"Abe\u0027s Treasure"}],"items_purged_floors":[53],"is_endless":false,"potions_floor_spawned":[2,11,14,18,24,25,33,37,39,42,48],"ascension_level":17}}