{"host":"2hlhnd4tei6r1t0s","time":1611365612,"event":{"mods":["100% Spire Juice","ATMod(阿瑾Mod)","Act Like it!","Arknights The Spire","Aspiration","Astrologer","Bard","BaseMod","Conspire","Dota2Spire","Downfall","Energized Spire","Evolution","Gensokyo","Gremlin Mod","Hallownest","HololiveMod","HumanHunterMod(怪物杀人mod)","Jedi Mod","Jorbs\u0027s Wanderer Trilogy","KinomotoSakuraMod(木之本樱)","Koishi","Lobotomy","LobotomyExtend","Luminous","Mari Mod (Legacy)","Mari\u0027s V1 Patch","Minty Spire (QoL Compilation)","MostiFishMod","Pale of the Ancients","Potionbrewer","Prisma Mod","Quick Restart","Reimu（博丽灵梦）","Replay The Spire","Robot Space Explorer","RumiaBox-露米娅的神秘盒子","Spicy Shops","StSLib","TestMod","The Administrix","The Alterego","The Animator","The Blackbeard","The Construct","The Cursed","The Forsaken","The Gatherer","The Hayseed","The Marked","The Mystic","The Runesmith","The Saiyan","The Senshi","The Showman","TheHeartMod","TheWitcher","Uncapped","WarShipGirlsR/战舰少女R mod","Yakumo Yukari mod","Yuyuko","[GremlinLeader]The Maniac","[IsaacMod]以撒尖塔","noobMod","vexMod","【功能Mod】混沌之环修复补丁","【功能Mod】聪明的最终Boss","【遗物卡牌】REMEMod","残留之物"],"gold_per_floor":[99,1000015,998728,998744,998744,998744,998744,998792,998592,998619,998631,995816,995816,995832,995851,995945,995945,995945,995957,994462,994462,994462,994474,994497,994562,994571,994571,994571,994600,994613,994513,994529,993174,993184,993286,993286,993286,993300,991618,991618,990405,990415,990415,990415,990484,990502,990521,990521,990552,990570,990604,989092,989111,989111,989111,989111,989143,987735,987735,987735,987735],"floor_reached":62,"language":"ZHS","playtime":3732,"items_purged":["Slimebound:Defend_Slimebound","Slimebound:Defend_Slimebound","Apotheosis"],"score":1509,"play_id":"a631ae5b-6590-4f32-bd06-abdfa38fe2e0","local_time":"20210123093332","is_ascension_mode":false,"campfire_choices":[{"floor":1,"key":"RECALL"},{"data":"MostiFishMod:Mottled","floor":6,"key":"SMITH"},{"data":"AT_ChampionKick","floor":9,"key":"SMITH"},{"data":"testmod-AutoReboundSystem","floor":37,"key":"SMITH"},{"data":"Slimebound:SplitAcid","floor":59,"key":"SMITH"}],"circlet_count":0,"master_deck":["AT_ChampionKick+1","potionbrewer:AnotherRound+1","Slimebound:DisruptingSlam+1","MostiFishMod:Mottled+2","Slimebound:RollThrough+1","Slimebound:Prepare+1","Slimebound:GoopSpray+1","Slimebound:SlimeSpikes+1","Slimebound:FormOfPuddle+1","Slimebound:Chomp+1","Slimebound:SlimeSlap+1","Slimebound:ProtectTheBoss+1","Slimebound:LeechingTouch+1","Slimebound:ComboTackle+1","Slimebound:SplitBruiser+1","Slimebound:MinionMaster+1","Slimebound:SlimeSlap+1","Slimebound:SlimeSlap+1","Slimebound:SlimeSlap+1","Slimebound:DouseInSlime+1","Slimebound:SlimeSlap+1","Slimebound:PrepareCrush+1","theSenshi:LunasBite+1","testmod-Mystery+1","Slimebound:PressTheAttack+1","Slimebound:OozeBath+1","Slimebound:LeechEnergy+1","Slimebound:LeechEnergy+1","Slimebound:AcidTongue+1","Slimebound:GoopTackle+1","Sword Boomerang+1","Reaper+1","Slimebound:ComboTackle+1","TheCursedMod:DemonSword+1","AT_EmpoweredMortalDraw+1","expansioncontent:PrepareCrush+1","Slimebound:LivingWall+1","Slimebound:Chomp+1","Slimebound:RejuvenatingLick+1","Slimebound:GrowthPunch+1","testmod-Mystery+1","Phantom Gift+1","Bite+1","Bite+1","Bite+1","Bite+1","Bite+1","Slimebound:HauntingLick+1","Slimebound:FlameTackle+1","Slimebound:SelfFormingGoo+1","Slimebound:GoopTackle+1","Slimebound:SplitBruiser+1","theHeart:BloodShots+1","hexamod:SwordOfDarkness+1","testmod-AutoReboundSystem+1","Slimebound:ItLooksTasty+1","Slimebound:Chomp+1","Slimebound:SplitLeeching+1","Slimebound:LevelUp+1","Slimebound:SplitAcid+1","Slimebound:DuplicatedForm+1","Slimebound:LeadByExample+1","MostiFishMod:CullingBlade+1","sneckomod:WideSting+1","ats:Closed Bolt Burst Fire+1","Slimebound:Equalize+1","expansioncontent:DashGenerateEvil+1","Slimebound:SlimeBarrage+1","Slimebound:SlimeBrawl+1","Slimebound:RejuvenatingLick+1","Slimebound:RejuvenatingLick+1","Slimebound:SlimeBarrage","Meteor Strike","expansioncontent:LastStand","Slimebound:MassFeed","Slimebound:MassFeed","Slimebound:LeechEnergy","Slimebound:Chomp+1","theShowman:OneUp","Slimebound:Gluttony+1","Slimebound:Chomp+1","Gash","Slimebound:DisruptingSlam+1","Slimebound:LeechingTouch+1","Slimebound:FlameTackle","Backstab","Slimebound:SlimeBarrage","expansioncontent:Chronoboost","Slimebound:SplitBruiser","Slimebound:LeechingTouch+1","REME_BuildACard","theSenshi:LunasBite","Slimebound:Chomp","Koishi:TraumaticStroke","Slimebound:SplitAcid","ats:Overload","Slimebound:SlimeSlap","Slimebound:ItLooksTasty","Slimebound:ItLooksTasty","Slimebound:SplitAcid+1"],"relics":["EVO:Axolotl","ice","testmod-TestBox","DaveBox","REME_ComplimentaryCards","HushsDoor","AT_ATBox","TuHaoJin","CombinedTypeHook","testmod-EnergyCheck","StrikeDummy","BookofShadows","potionbrewer:BoosterPack","testmod-Charity","aspiration:ChemicalBlood","TungstenRod","m_BurningSludge","aspiration:HiddenCompartment","testmod-HeartOfDaVinci","downfall:HeartBlessingRed","downfall:HeartBlessingBlue","Ccalipers","Frozen Eye","aspiration:ArtOfWarUpgrade","Void","SumBook","MetatronsCube","theSenshi:CosmicHeartCompactRelic","energizedSpire:SpiderWeb","Mirror","potionbrewer:Torch","TheCursedMod:DemonicMark","Replay:Bottled Steam","Guardian:BottledStasis","Ghost Lamp","Happy Flower","Chameleon Ring","downfall:HeartBlessingGreen","testmod-LifeArmor","Onion Ring","aspiration:Lifesprig","Bronze Scales","theHeart:GiantHand","hexamod:JarOfFuel","testmod-Nine","Brimstone","Blood Vial","Replay:Towering Pillar of Hats","Akabeko","sneckomod:SneckoSoul","ats:Attack","Strange Spoon","testmod-Antiphasic","vexMod:FocusSash","TheBean","testmod-ConstraintPeriapt","Runic Capacitor","theShowman:Millstone","Carrot","ChiLing","Chi","Ling","testmod-BalancedPeriapt","Tough Bandages","KSMOD_TomoyosHeart","PreservedInsect","jedi:fakemustache","Koishi:BloodstainedWhiteRose","LetterFromLob","TheEssenceOfRealm","ReplayTheSpireMod:Shallot","construct:BoolHorns","Iron Hammer","ats:Cure"],"acts_visited":["Exordium","TheCity","TheBeyond","TheEnding"],"potions_floor_usage":[15,26,54,54,54,54,60,60],"damage_taken":[{"damage":16,"enemies":"Small Slimes","floor":2,"turns":4},{"damage":3,"enemies":"downfall:FleeingMerchant","floor":3,"turns":2},{"damage":2,"enemies":"2 Louse","floor":4,"turns":2},{"damage":35,"enemies":"Hiden Room Battle","floor":8,"turns":2},{"damage":2,"enemies":"Lagavulin","floor":10,"turns":2},{"damage":0,"enemies":"Jaw Worm","floor":11,"turns":2},{"damage":0,"enemies":"Red Slaver","floor":14,"turns":2},{"damage":10,"enemies":"3 Louse","floor":15,"turns":2},{"damage":5,"enemies":"IC_STATUS_ARCHETYPE","floor":16,"turns":1},{"damage":0,"enemies":"3 Byrds","floor":19,"turns":2},{"damage":0,"enemies":"conspire:FuzzyDice","floor":23,"turns":2},{"damage":18,"enemies":"Shelled Parasite and Fungi","floor":26,"turns":2},{"damage":0,"enemies":"conspire:Head Lice","floor":29,"turns":2},{"damage":0,"enemies":"Snake Plant","floor":30,"turns":2},{"damage":8,"enemies":"Cultist and Chosen","floor":32,"turns":2},{"damage":0,"enemies":"Snecko","floor":34,"turns":2},{"damage":15,"enemies":"SI_MIRROR_ARCHETYPE","floor":35,"turns":1},{"damage":8,"enemies":"3 Shapes","floor":38,"turns":2},{"damage":0,"enemies":"3 Shapes","floor":40,"turns":2},{"damage":11,"enemies":"3 Darklings","floor":42,"turns":2},{"damage":0,"enemies":"Transient","floor":46,"turns":2},{"damage":16,"enemies":"4 Shapes","floor":47,"turns":3},{"damage":0,"enemies":"R_Hoarder","floor":49,"turns":2},{"damage":37,"enemies":"Spire Growth","floor":50,"turns":3},{"damage":12,"enemies":"Nemesis","floor":51,"turns":2},{"damage":36,"enemies":"Sphere and 2 Shapes","floor":53,"turns":4},{"damage":572,"enemies":"Delirium","floor":54,"turns":11},{"damage":6,"enemies":"downfall:CharBossMerchant","floor":57,"turns":3},{"damage":288,"enemies":"Delirium","floor":60,"turns":6},{"damage":3165,"enemies":"Delirium","floor":61,"turns":5}],"seed_played":"3727590578842749424","potions_obtained":[{"floor":4,"key":"jedi:tentaclejuice"},{"floor":10,"key":"Elixir"},{"floor":14,"key":"Venom Potion"},{"floor":15,"key":"Adrenaline Potion"},{"floor":23,"key":"Elixir"},{"floor":26,"key":"Milkshake"},{"floor":38,"key":"potionbrewer:FireTonic"},{"floor":54,"key":"potionbrewer:AcidPotion"},{"floor":54,"key":"potionbrewer:NoxiousPotion"},{"floor":60,"key":"BlessingOfTheForge"}],"is_trial":false,"path_per_floor":["R","M","$","M","?","R","T","?","R","E","M","$","R","M","M","B",null,"R","M","$","?","?","M","T","?","M","PTL","PTL","E","M","R","M","$","M","B",null,"R","M","$","?","$","M","PTL","PTL","T","M","M","?","E","M","E","$","M","B",null,null,"E","$","R","B","B",null],"character_chosen":"SLIMEBOUND","items_purchased":["MostiFishMod:Mottled","Slimebound:RollThrough","StrikeDummy","BookofShadows","potionbrewer:BoosterPack","testmod-Charity","aspiration:ChemicalBlood","TungstenRod","Frozen Eye","Apotheosis","Art of War","Void","SumBook","MetatronsCube","theSenshi:CosmicHeartCompactRelic","testmod-Mystery","Slimebound:PressTheAttack","Slimebound:OozeBath","Slimebound:LeechEnergy","Slimebound:AcidTongue","Mirror","potionbrewer:Torch","TheCursedMod:DemonicMark","Replay:Bottled Steam","Guardian:BottledStasis","AT_EmpoweredMortalDraw","expansioncontent:PrepareCrush","Slimebound:LivingWall+1","Slimebound:Chomp","Slimebound:RejuvenatingLick","Slimebound:GrowthPunch","testmod-LifeArmor","Onion Ring","aspiration:Lifesprig","Bronze Scales","theHeart:GiantHand","hexamod:JarOfFuel","testmod-AutoReboundSystem","Slimebound:ItLooksTasty","Slimebound:Chomp","Slimebound:SplitLeeching","Slimebound:LevelUp","Brimstone","Blood Vial","Replay:Towering Pillar of Hats","Akabeko","sneckomod:SneckoSoul","ats:Attack","Slimebound:Equalize","expansioncontent:DashGenerateEvil","Slimebound:SlimeBarrage","Slimebound:SlimeBrawl","Slimebound:RejuvenatingLick","Strange Spoon","testmod-Antiphasic","vexMod:FocusSash","TheBean","testmod-ConstraintPeriapt","Runic Capacitor","expansioncontent:LastStand","Slimebound:MassFeed","Slimebound:LeechEnergy","ChiLing","testmod-BalancedPeriapt","Tough Bandages","KSMOD_TomoyosHeart","PreservedInsect","jedi:fakemustache","Slimebound:SlimeBarrage","expansioncontent:Chronoboost","Slimebound:SplitBruiser","Slimebound:LeechingTouch+1","REME_BuildACard","TheEssenceOfRealm","ReplayTheSpireMod:Shallot","construct:BoolHorns","Iron Hammer","ats:Cure","Slimebound:SlimeSlap","Slimebound:ItLooksTasty","Slimebound:SplitAcid"],"campfire_rested":0,"item_purchase_floors":[3,3,3,3,3,3,3,3,12,12,12,12,12,12,12,12,12,12,12,12,20,20,20,20,20,20,20,20,20,20,20,33,33,33,33,33,33,33,33,33,33,33,39,39,39,39,39,39,39,39,39,39,39,41,41,41,41,41,41,41,41,41,52,52,52,52,52,52,52,52,52,52,52,58,58,58,58,58,58,58,58],"current_hp_per_floor":[71,55,52,51,51,51,51,74,84,83,84,84,84,85,76,72,95,95,96,96,96,74,75,76,63,46,46,46,47,48,48,41,41,44,30,96,96,89,89,99,99,89,89,89,90,93,87,87,91,63,55,90,73,1999,1999,3477,3481,3481,3481,5131,7434],"gold":987735,"neow_bonus":"TEN_PERCENT_HP_BONUS","is_daily":false,"chose_seed":false,"campfire_upgraded":4,"win_rate":0.0,"timestamp":1611365612,"path_taken":["R","M","$","M","?","R","T","?","R","E","M","$","R","M","M","BOSS","R","M","$","?","?","?","T","?","M","PTL","PTL","E","M","R","M","?","M","BOSS","R","M","$","?","$","M","PTL","PTL","T","M","?","?","E","?","E","$","M","BOSS","E","$","R","BOSS","BOSS"],"items_purchased_type":["Card","Card","Relic","Relic","Relic","Relic","Relic","Relic","Relic","Card","Relic","Card","Relic","Relic","Relic","Card","Card","Card","Card","Card","Relic","Relic","Relic","Relic","Relic","Card","Card","Card","Card","Card","Card","Relic","Relic","Relic","Relic","Relic","Relic","Card","Card","Card","Card","Card","Relic","Relic","Relic","Relic","Relic","Relic","Card","Card","Card","Card","Card","Relic","Relic","Relic","Relic","Relic","Relic","Card","Card","Card","Relic","Relic","Relic","Relic","Relic","Relic","Card","Card","Card","Card","Card","Relic","Relic","Relic","Relic","Relic","Card","Card","Card"],"build_version":"2020-12-22","purchased_purges":3,"victory":true,"max_hp_per_floor":[71,71,71,72,72,72,72,74,84,85,87,87,87,89,93,95,95,95,106,106,106,74,76,77,78,82,82,82,83,87,87,93,93,94,96,96,96,99,99,99,99,101,101,101,102,104,108,108,109,125,129,129,133,3477,3477,3477,3481,3481,3481,5597,7434],"card_choices":[{"not_picked":[],"picked":"Bomb","floor":0},{"not_picked":["Bomb","Slimebound:SpikyOuterGoop"],"picked":"Slimebound:ComboTackle","floor":2},{"not_picked":["Slimebound:Replication","Slimebound:LivingWall"],"picked":"Slimebound:DisruptingSlam","floor":3},{"not_picked":["Slimebound:BestDefense","Slimebound:SplitLeeching"],"picked":"Slimebound:ProtectTheBoss","floor":4},{"not_picked":["Slimebound:LeechEnergy","Slimebound:HauntingLick"],"picked":"Slimebound:LeechingTouch","floor":8},{"not_picked":["Slimebound:Chomp","Slimebound:HauntingLick"],"picked":"Slimebound:ComboTackle","floor":10},{"not_picked":["Slimebound:LeechingTouch","Slimebound:WasteNot"],"picked":"Slimebound:SplitBruiser","floor":11},{"not_picked":["Slimebound:Prepare","Slimebound:SlimeSpikes"],"picked":"Slimebound:GoopTackle","floor":14},{"not_picked":["Slimebound:DisruptingSlam","Slimebound:RainOfGoop"],"picked":"Sword Boomerang","floor":15},{"not_picked":["Slimebound:Teamwork","Slimebound:MassRepurpose"],"picked":"Reaper","floor":16},{"not_picked":["Slimebound:LeadByExample","Slimebound:Gluttony"],"picked":"Slimebound:ComboTackle","floor":19},{"not_picked":["Slimebound:SlimeSpikes","Slimebound:SplitAcid"],"picked":"Slimebound:HauntingLick","floor":23},{"not_picked":["Slimebound:LivingWall","Slimebound:FinishingTackle"],"picked":"Slimebound:FlameTackle","floor":26},{"not_picked":["Slimebound:MegaLick","Slimebound:LeadByExample+1"],"picked":"Slimebound:SelfFormingGoo","floor":29},{"not_picked":["Slimebound:SlimeSpikes","Slimebound:FinishingTackle"],"picked":"Slimebound:GoopTackle+1","floor":30},{"not_picked":["Slimebound:Schlurp","Slimebound:ProtectTheBoss"],"picked":"Slimebound:SplitBruiser","floor":32},{"not_picked":["Slimebound:GoopSpray","Slimebound:LivingWall+1"],"picked":"Slimebound:SplitAcid","floor":34},{"not_picked":["Slimebound:MinionMaster","Slimebound:OneTwoCombo"],"picked":"Slimebound:DuplicatedForm","floor":35},{"not_picked":["Slimebound:SamplingLick+1","Slimebound:LeechingTouch"],"picked":"Slimebound:LeadByExample+1","floor":38},{"not_picked":["Slimebound:PressTheAttack+1","Slimebound:LevelUp+1"],"picked":"Slimebound:SlimeBarrage","floor":40},{"not_picked":["Slimebound:SlimeSpikes+1","Slimebound:SplitMire+1"],"picked":"Slimebound:Chomp+1","floor":42},{"not_picked":["Slimebound:FormOfPuddle","Slimebound:SlimeSpikes+1"],"picked":"Slimebound:Gluttony+1","floor":46},{"not_picked":["Slimebound:BestDefense","Slimebound:DisruptingSlam"],"picked":"Slimebound:Chomp+1","floor":47},{"not_picked":["Slimebound:LeadByExample","Slimebound:OozeBath"],"picked":"Slimebound:DisruptingSlam+1","floor":49},{"not_picked":["Slimebound:BestDefense","Slimebound:Prepare+1"],"picked":"Slimebound:LeechingTouch+1","floor":50},{"not_picked":["Slimebound:RollThrough","Slimebound:OozeBath"],"picked":"Slimebound:FlameTackle","floor":51},{"not_picked":["Slimebound:Dissolve","Slimebound:Gluttony"],"picked":"Slimebound:Chomp","floor":53},{"not_picked":["Slimebound:MegaLick","Slimebound:Schlurp"],"picked":"Slimebound:SplitAcid","floor":57}],"player_experience":133800,"relics_obtained":[{"floor":8,"key":"aspiration:HiddenCompartment"},{"floor":8,"key":"testmod-HeartOfDaVinci"},{"floor":10,"key":"Ccalipers"},{"floor":24,"key":"Happy Flower"},{"floor":29,"key":"Chameleon Ring"},{"floor":45,"key":"theShowman:Millstone"},{"floor":49,"key":"Carrot"},{"floor":57,"key":"Koishi:BloodstainedWhiteRose"},{"floor":57,"key":"LetterFromLob"}],"event_choices":[{"damage_healed":0,"gold_gain":0,"player_choice":"Fight","damage_taken":0,"max_hp_gain":0,"max_hp_loss":0,"event_name":"HidenRoomEvent","floor":8,"gold_loss":0},{"damage_healed":0,"gold_gain":0,"player_choice":"Ignored","damage_taken":0,"max_hp_gain":0,"max_hp_loss":0,"event_name":"Ghosts","floor":18,"gold_loss":0},{"damage_healed":0,"gold_gain":0,"player_choice":"Stole Relic","damage_taken":0,"relics_obtained":["Ghost Lamp"],"max_hp_gain":0,"max_hp_loss":0,"event_name":"Addict","floor":21,"gold_loss":0,"cards_obtained":["Pride"]},{"damage_healed":0,"gold_gain":0,"player_choice":"Became a vampire","damage_taken":0,"max_hp_gain":0,"max_hp_loss":32,"event_name":"Vampires","floor":22,"gold_loss":0,"cards_obtained":["Bite","Bite","Bite","Bite","Bite"]}],"is_beta":false,"boss_relics":[{"not_picked":["vexMod:RockOfEvil","REME_DuelDisc"],"picked":"energizedSpire:SpiderWeb"},{"not_picked":[]},{"not_picked":["EE1DDrone","SacredBark"],"picked":"testmod-Nine"},{"not_picked":[]}],"items_purged_floors":[3,3,12],"is_endless":false,"potions_floor_spawned":[4,10,14,23,26,32,34,38,40,46,49,51],"ascension_level":0}}