{"host":"640uue19m79c7wbt","time":1611373308,"event":{"mods":["BaseMod","Colored Map","Googly Eyes","Highlight Path","Minty Spire (QoL Compilation)","Quick Restart","StSLib"],"gold_per_floor":[114,114,114,126,142,167,167,181,233,246,259,310,310,342,342,413,413,433,452,8,8,25,25,25,25,25,39,39,39],"floor_reached":28,"language":"ENG","playtime":751,"items_purged":[],"score":414,"play_id":"96fbf7c0-b9e5-4218-bf35-c43f289b8621","local_time":"20210122224148","is_ascension_mode":true,"campfire_choices":[{"data":"Catalyst","floor":7.0,"key":"SMITH"},{"floor":15.0,"key":"REST"},{"floor":23,"key":"REST"},{"data":"Envenom","floor":25,"key":"SMITH"}],"circlet_count":0,"master_deck":["AscendersBane","Strike_G","Defend_G","Defend_G","Defend_G","Defend_G","Survivor","Neutralize","Catalyst+1","Phantasmal Killer","Noxious Fumes","Poisoned Stab","Crippling Poison","Die Die Die+1","Noxious Fumes","Sucker Punch+1","Heel Hook+1","Footwork","Corpse Explosion","Dagger Spray+1","Poisoned Stab+1","Sadistic Nature","Envenom+1","Bane+1","Bane+1","Heel Hook+1","Writhe","Poisoned Stab+1"],"relics":["Ring of the Snake","NeowsBlessing","Molten Egg 2","Dream Catcher","PreservedInsect","Empty Cage","Bronze Scales","Bottled Lightning"],"acts_visited":["Exordium","TheCity"],"potions_floor_usage":[22],"damage_taken":[{"damage":0.0,"enemies":"Small Slimes","floor":1.0,"turns":1.0},{"damage":0.0,"enemies":"2 Louse","floor":4.0,"turns":1.0},{"damage":0.0,"enemies":"Cultist","floor":5.0,"turns":1.0},{"damage":20.0,"enemies":"Lagavulin","floor":6.0,"turns":5.0},{"damage":0.0,"enemies":"Looter","floor":8.0,"turns":4.0},{"damage":0.0,"enemies":"2 Fungi Beasts","floor":10.0,"turns":2.0},{"damage":6.0,"enemies":"Red Slaver","floor":11.0,"turns":3.0},{"damage":15.0,"enemies":"3 Sentries","floor":14.0,"turns":4.0},{"damage":33.0,"enemies":"The Guardian","floor":16.0,"turns":7.0},{"damage":14.0,"enemies":"3 Byrds","floor":18.0,"turns":3.0},{"damage":10.0,"enemies":"Chosen","floor":19.0,"turns":6.0},{"damage":0,"enemies":"Centurion and Healer","floor":22,"turns":4},{"damage":27,"enemies":"Cultist and Chosen","floor":27,"turns":5},{"damage":19,"enemies":"Snake Plant","floor":28,"turns":1}],"seed_played":"-3321274975962874349","potions_obtained":[{"floor":1.0,"key":"LiquidMemories"},{"floor":3.0,"key":"DuplicationPotion"},{"floor":10.0,"key":"AttackPotion"},{"floor":19.0,"key":"GhostInAJar"}],"is_trial":false,"path_per_floor":["M","?","?","M","M","E","R","M","T","M","M","?","?","E","R","B",null,"M","M","$","?","M","R","?","R","T","M","M"],"character_chosen":"THE_SILENT","items_purchased":["Sadistic Nature","Envenom","Bane+1"],"campfire_rested":2,"item_purchase_floors":[20,20,20],"current_hp_per_floor":[59,59,59,59,59,39,39,39,39,39,33,33,33,18,37,4,51,37,27,27,27,27,46,46,46,46,19,0,0],"gold":39,"neow_bonus":"THREE_ENEMY_KILL","is_daily":false,"chose_seed":false,"campfire_upgraded":2,"win_rate":0.0,"timestamp":1611373308,"path_taken":["M","?","?","M","?","E","R","M","T","M","M","?","?","E","R","BOSS","M","M","$","?","M","R","?","R","T","M","M"],"items_purchased_type":["Card","Card","Card"],"build_version":"2020-12-22","purchased_purges":0,"victory":false,"max_hp_per_floor":[66,66,66,66,66,66,66,66,66,66,66,66,66,66,66,66,66,66,66,66,66,66,66,66,66,66,66,66,66],"card_choices":[{"not_picked":["Prepared","Slice"],"picked":"Catalyst","floor":1.0},{"not_picked":["Quick Slash","Terror"],"picked":"Noxious Fumes","floor":4.0},{"not_picked":["Cloak And Dagger","Dagger Throw"],"picked":"Poisoned Stab","floor":5.0},{"not_picked":["Dagger Throw+1","Heel Hook+1"],"picked":"Crippling Poison","floor":6.0},{"not_picked":["Sucker Punch+1","Outmaneuver"],"picked":"Die Die Die+1","floor":8.0},{"not_picked":["Infinite Blades","Deadly Poison","Dagger Throw+1"],"picked":"SKIP","floor":10.0},{"not_picked":["Eviscerate+1","Footwork"],"picked":"Noxious Fumes","floor":11.0},{"not_picked":["Prepared","Dagger Throw+1"],"picked":"Heel Hook+1","floor":14.0},{"not_picked":["Backflip","Outmaneuver"],"picked":"Footwork","floor":15.0},{"not_picked":["Phantasmal Killer","Grand Finale+1"],"picked":"Corpse Explosion","floor":16.0},{"not_picked":["Flechettes+1","Deflect"],"picked":"Dagger Spray+1","floor":18.0},{"not_picked":["Choke+1","Underhanded Strike+1"],"picked":"Poisoned Stab+1","floor":19.0},{"not_picked":["Prepared","Dagger Throw+1"],"picked":"Bane+1","floor":22},{"not_picked":["Poisoned Stab+1","Dagger Throw+1"],"picked":"Heel Hook+1","floor":23},{"not_picked":["Skewer+1","Outmaneuver"],"picked":"Poisoned Stab+1","floor":27}],"player_experience":627392,"relics_obtained":[{"floor":6.0,"key":"Molten Egg 2"},{"floor":9.0,"key":"Dream Catcher"},{"floor":14.0,"key":"PreservedInsect"},{"floor":26,"key":"Bottled Lightning"}],"event_choices":[{"damage_healed":0.0,"max_hp_gain":0.0,"max_hp_loss":0.0,"gold_gain":0.0,"cards_transformed":["Strike_G"],"event_name":"Living Wall","player_choice":"Change","floor":2.0,"gold_loss":0.0,"damage_taken":0.0,"cards_obtained":["Phantasmal Killer"]},{"damage_healed":0.0,"max_hp_gain":0.0,"max_hp_loss":0.0,"gold_gain":0.0,"event_name":"Lab","player_choice":"Got Potions","floor":3.0,"gold_loss":0.0,"damage_taken":0.0},{"damage_healed":0.0,"max_hp_gain":0.0,"max_hp_loss":0.0,"gold_gain":51.0,"event_name":"Golden Wing","player_choice":"Gained Gold","floor":12.0,"gold_loss":0.0,"damage_taken":0.0},{"damage_healed":0.0,"max_hp_gain":0.0,"max_hp_loss":0.0,"gold_gain":0.0,"cards_transformed":["Strike_G"],"event_name":"Transmorgrifier","player_choice":"Transformed","floor":13.0,"gold_loss":0.0,"damage_taken":0.0,"cards_obtained":["Sucker Punch"]},{"cards_removed":["Defend_G"],"damage_healed":0,"gold_gain":0,"player_choice":"Elegance","damage_taken":0,"max_hp_gain":0,"max_hp_loss":0,"event_name":"Back to Basics","floor":21,"gold_loss":0},{"damage_healed":0,"gold_gain":0,"player_choice":"Opened","damage_taken":0,"relics_obtained":["Bronze Scales"],"max_hp_gain":0,"max_hp_loss":0,"event_name":"The Mausoleum","floor":24,"gold_loss":0,"cards_obtained":["Writhe"]}],"is_beta":false,"boss_relics":[{"not_picked":["Ring of the Serpent","Calling Bell"],"picked":"Empty Cage"}],"items_purged_floors":[],"is_endless":false,"potions_floor_spawned":[1,4,10,19],"killed_by":"Snake Plant","ascension_level":16}}