{"host":"7gewg82ormp6yt4e","time":1611406016,"event":{"mods":["BaseMod","Block Reminder","Colored Map","DeckTracker","Highlight Path","Minty Spire (QoL Compilation)","Relic Stats","StSLib","ojb\u0027s Info Mod"],"gold_per_floor":[115,131,131,0,14,49,49,83,110,127,156,166,166,1,1,74,74,87,87,97,97,114,114,143,143,143,158,188,188,201,227,227,301,301,321,301,311,311,39,39,66,66,66,96,96,109,136,136,136,136,136,136,136,42,42,42],"floor_reached":55,"language":"JPN","playtime":3840,"items_purged":["Pain","Strike_B"],"score":2337,"play_id":"b61e01a5-fa39-4ac2-9e1f-aae5eb47298c","local_time":"20210123214656","is_ascension_mode":true,"campfire_choices":[{"floor":7.0,"key":"REST"},{"data":"Hyperbeam","floor":13.0,"key":"SMITH"},{"floor":15.0,"key":"REST"},{"data":"Meteor Strike","floor":23.0,"key":"SMITH"},{"data":"Sunder","floor":25.0,"key":"SMITH"},{"data":"The Bomb","floor":29.0,"key":"SMITH"},{"data":"Hologram","floor":32.0,"key":"SMITH"},{"floor":40.0,"key":"RECALL"},{"floor":42.0,"key":"REST"},{"floor":45.0,"key":"REST"},{"floor":49.0,"key":"REST"},{"floor":53.0,"key":"REST"}],"circlet_count":0,"master_deck":["AscendersBane","Strike_B","Strike_B","Strike_B","Defend_B","Defend_B","Defend_B","Defend_B","Zap","Dualcast","The Bomb+1","FTL+1","Rebound","Coolheaded","Echo Form","Doom and Gloom+1","Hyperbeam+1","Turbo","Turbo","Hologram+1","Meteor Strike+1","FTL","All For One","Undo","Fusion","Sunder+1","Hologram+1","Undo","Skim+1","Recycle","Rainbow","Reprogram","Undo","Loop+1","Hologram+1","Scrape","Blind"],"relics":["Cracked Core","WarpedTongs","Orichalcum","Akabeko","Ancient Tea Set","Tiny Chest","Orrery","Snecko Eye","Question Card","MealTicket","White Beast Statue","Strawberry","Whetstone","Fusion Hammer","Bottled Flame","Toolbox","Symbiotic Virus","Blood Vial","Gremlin Horn"],"acts_visited":["Exordium","TheCity","TheBeyond","TheEnding"],"potions_floor_usage":[55],"damage_taken":[{"damage":2.0,"enemies":"Cultist","floor":1.0,"turns":4.0},{"damage":9.0,"enemies":"2 Louse","floor":2.0,"turns":3.0},{"damage":2.0,"enemies":"Jaw Worm","floor":5.0,"turns":3.0},{"damage":30.0,"enemies":"3 Sentries","floor":6.0,"turns":5.0},{"damage":2.0,"enemies":"Gremlin Nob","floor":8.0,"turns":3.0},{"damage":10.0,"enemies":"Blue Slaver","floor":10.0,"turns":4.0},{"damage":7.0,"enemies":"3 Sentries","floor":11.0,"turns":5.0},{"damage":10.0,"enemies":"Lots of Slimes","floor":12.0,"turns":4.0},{"damage":0.0,"enemies":"Slime Boss","floor":16.0,"turns":4.0},{"damage":0.0,"enemies":"Chosen","floor":18.0,"turns":2.0},{"damage":14.0,"enemies":"Shell Parasite","floor":20.0,"turns":3.0},{"damage":0.0,"enemies":"Snecko","floor":22.0,"turns":2.0},{"damage":9.0,"enemies":"Book of Stabbing","floor":24.0,"turns":3.0},{"damage":6.0,"enemies":"Centurion and Healer","floor":27.0,"turns":3.0},{"damage":0.0,"enemies":"Slavers","floor":28.0,"turns":3.0},{"damage":27.0,"enemies":"Shelled Parasite and Fungi","floor":30.0,"turns":3.0},{"damage":12.0,"enemies":"Gremlin Leader","floor":31.0,"turns":4.0},{"damage":12.0,"enemies":"Automaton","floor":33.0,"turns":5.0},{"damage":0.0,"enemies":"Orb Walker","floor":35.0,"turns":2.0},{"damage":20.0,"enemies":"3 Shapes","floor":37.0,"turns":4.0},{"damage":0.0,"enemies":"Giant Head","floor":41.0,"turns":5.0},{"damage":9.0,"enemies":"Nemesis","floor":44.0,"turns":3.0},{"damage":0.0,"enemies":"Jaw Worm Horde","floor":46.0,"turns":2.0},{"damage":30.0,"enemies":"Giant Head","floor":47.0,"turns":7.0},{"damage":0.0,"enemies":"Awakened One","floor":50.0,"turns":11.0},{"damage":21.0,"enemies":"Donu and Deca","floor":51.0,"turns":6.0},{"damage":77,"enemies":"Shield and Spear","floor":55,"turns":3}],"seed_played":"6548103526730161101","potions_obtained":[{"floor":6.0,"key":"Strength Potion"},{"floor":11.0,"key":"SteroidPotion"},{"floor":16.0,"key":"DistilledChaos"},{"floor":18.0,"key":"Ancient Potion"},{"floor":22.0,"key":"Swift Potion"},{"floor":27.0,"key":"Swift Potion"},{"floor":28.0,"key":"BlessingOfTheForge"},{"floor":30.0,"key":"SpeedPotion"},{"floor":31.0,"key":"LiquidMemories"},{"floor":33.0,"key":"Fruit Juice"},{"floor":35.0,"key":"Weak Potion"},{"floor":41.0,"key":"DistilledChaos"},{"floor":44.0,"key":"Ancient Potion"},{"floor":46.0,"key":"BlessingOfTheForge"},{"floor":47.0,"key":"Swift Potion"}],"is_trial":false,"path_per_floor":["M","M","?","$","M","E","R","E","T","M","E","M","R","$","R","B",null,"M","?","M","T","M","R","E","R","T","M","E","R","M","E","R","B",null,"M","?","M","T","$","R","E","R","T","E","R","M","E","?","R","B","B",null,"R","$","E"],"character_chosen":"DEFECT","items_purchased":["BlessingOfTheForge","Orrery","Toolbox","Blind"],"campfire_rested":6,"item_purchase_floors":[4,14,39,54],"current_hp_per_floor":[62,53,53,53,51,21,40,38,38,28,28,25,25,25,44,58,63,63,63,49,49,56,56,54,54,54,64,71,71,51,46,46,46,69,69,69,56,56,71,71,76,76,76,74,76,76,56,56,76,76,55,71,76,76,0,0],"gold":42,"neow_bonus":"RANDOM_COLORLESS_2","is_daily":false,"chose_seed":false,"campfire_upgraded":5,"win_rate":0.0,"timestamp":1611406016,"path_taken":["M","?","?","$","M","E","R","E","T","M","E","?","R","?","R","BOSS","M","?","M","?","M","R","E","R","T","?","E","R","M","E","R","BOSS","M","?","?","?","$","R","E","R","T","E","R","M","E","?","R","BOSS","BOSS","R","$","E"],"items_purchased_type":["Potion","Relic","Relic","Card"],"build_version":"2020-12-22","purchased_purges":2,"victory":false,"max_hp_per_floor":[64,64,64,64,64,64,64,64,64,64,64,64,64,64,64,64,64,64,64,64,64,64,64,64,64,64,64,71,71,71,71,71,76,76,76,76,76,76,76,76,76,76,76,76,76,76,76,76,76,76,76,76,76,76,76,76],"relic_stats":{"Blood Vial":0,"Gremlin Horn":[4,4],"counters":[27,106],"Snecko Eye":[140,135,138,125],"Tiny Chest":2,"MealTicket":15,"Whetstone":["FTL","Doom and Gloom"],"Orichalcum":[120],"Question Card":13,"obtain_stats":[{"Gremlin Horn":47,"Whetstone":31,"Orichalcum":6,"Ancient Tea Set":9,"Question Card":21,"Akabeko":8,"White Beast Statue":26,"WarpedTongs":3,"Blood Vial":44,"Bottled Flame":38,"Strawberry":28,"Orrery":14,"Snecko Eye":17,"Toolbox":39,"Tiny Chest":11,"MealTicket":24,"Fusion Hammer":34,"Cracked Core":0,"Symbiotic Virus":41},{"Gremlin Horn":24,"Whetstone":17,"Orichalcum":4,"Ancient Tea Set":5,"Question Card":11,"Akabeko":5,"White Beast Statue":13,"WarpedTongs":2,"Blood Vial":22,"Bottled Flame":20,"Strawberry":15,"Orrery":8,"Snecko Eye":9,"Toolbox":20,"Tiny Chest":7,"MealTicket":13,"Fusion Hammer":18,"Cracked Core":0,"Symbiotic Virus":21},{"Gremlin Horn":86,"Whetstone":58,"Orichalcum":15,"Ancient Tea Set":18,"Question Card":40,"Akabeko":18,"White Beast Statue":45,"WarpedTongs":7,"Blood Vial":77,"Bottled Flame":69,"Strawberry":51,"Orrery":31,"Snecko Eye":35,"Toolbox":69,"Tiny Chest":27,"MealTicket":45,"Fusion Hammer":63,"Cracked Core":0,"Symbiotic Virus":74}],"WarpedTongs":[98]},"card_choices":[{"not_picked":["Thinking Ahead","Chrysalis"],"picked":"The Bomb","floor":0.0},{"not_picked":["Cold Snap","Capacitor"],"picked":"FTL","floor":1.0},{"not_picked":["Redo","Hologram"],"picked":"Rebound","floor":2.0},{"not_picked":["Go for the Eyes","Loop"],"picked":"Coolheaded","floor":5.0},{"not_picked":["Cold Snap","Blizzard"],"picked":"Echo Form","floor":6.0},{"not_picked":["Streamline","Static Discharge"],"picked":"Doom and Gloom","floor":8.0},{"not_picked":["Ball Lightning","Hologram"],"picked":"Self Repair","floor":10.0},{"not_picked":["Compile Driver","Stack","Barrage"],"picked":"SKIP","floor":11.0},{"not_picked":["Compile Driver","Rebound"],"picked":"Hyperbeam","floor":12.0},{"not_picked":["Conserve Battery","Barrage"],"picked":"Turbo","floor":14.0},{"not_picked":["Defragment","Melter"],"picked":"Turbo","floor":14.0},{"not_picked":["Compile Driver","Blizzard"],"picked":"Hologram","floor":14.0},{"not_picked":["Chill","Beam Cell"],"picked":"Meteor Strike","floor":14.0},{"not_picked":["Beam Cell","Sunder"],"picked":"FTL","floor":14.0},{"not_picked":["Multi-Cast","Thunder Strike"],"picked":"All For One","floor":16.0},{"not_picked":["Streamline","Melter+1","Hello World+1"],"picked":"SKIP","floor":18.0},{"not_picked":["Force Field","Steam"],"picked":"Fusion","floor":20.0},{"not_picked":["Conserve Battery","Gash","Go for the Eyes"],"picked":"Sunder","floor":22.0},{"not_picked":["Ball Lightning","Redo","Go for the Eyes"],"picked":"Hologram+1","floor":24.0},{"not_picked":["Steam","Ball Lightning","Coolheaded+1"],"picked":"Undo","floor":27.0},{"not_picked":["Amplify","Ball Lightning","Fusion"],"picked":"Skim+1","floor":28.0},{"not_picked":["Storm","FTL","Ball Lightning","Chill"],"picked":"SKIP","floor":30.0},{"not_picked":["Barrage","Compile Driver","Go for the Eyes"],"picked":"Recycle","floor":31.0},{"not_picked":["Electrodynamics","Amplify","Reboot"],"picked":"Rainbow","floor":33.0},{"not_picked":["Steam","Conserve Battery","Genetic Algorithm"],"picked":"Reprogram","floor":35.0},{"not_picked":["Leap","Darkness","Steam+1","Double Energy+1"],"picked":"SKIP","floor":37.0},{"not_picked":["Reboot","Chaos","Scrape"],"picked":"Undo","floor":41.0},{"not_picked":["Sweeping Beam","Rebound","Recycle"],"picked":"Loop+1","floor":44.0},{"not_picked":["Chaos+1","Chill","Rip and Tear+1"],"picked":"Hologram+1","floor":46.0},{"not_picked":["Machine Learning","Sweeping Beam","Storm"],"picked":"Scrape","floor":47.0}],"player_experience":2666076,"relics_obtained":[{"floor":6.0,"key":"Orichalcum"},{"floor":8.0,"key":"Akabeko"},{"floor":9.0,"key":"Ancient Tea Set"},{"floor":11.0,"key":"Tiny Chest"},{"floor":21.0,"key":"Question Card"},{"floor":24.0,"key":"MealTicket"},{"floor":26.0,"key":"White Beast Statue"},{"floor":28.0,"key":"Strawberry"},{"floor":31.0,"key":"Whetstone"},{"floor":38.0,"key":"Bottled Flame"},{"floor":41.0,"key":"Symbiotic Virus"},{"floor":44.0,"key":"Blood Vial"},{"floor":47.0,"key":"Gremlin Horn"}],"event_choices":[{"damage_healed":0.0,"max_hp_gain":0.0,"max_hp_loss":0.0,"gold_gain":0.0,"event_name":"Accursed Blacksmith","player_choice":"Rummage","floor":3.0,"gold_loss":0.0,"damage_taken":0.0,"relics_obtained":["WarpedTongs"],"cards_obtained":["Pain"]},{"damage_healed":0.0,"max_hp_gain":0.0,"max_hp_loss":0.0,"gold_gain":0.0,"event_name":"The Library","player_choice":"Read","floor":19.0,"gold_loss":0.0,"damage_taken":0.0,"cards_obtained":["Undo"]},{"damage_healed":0.0,"max_hp_gain":0.0,"max_hp_loss":0.0,"gold_gain":0.0,"event_name":"The Woman in Blue","player_choice":"Bought 1 Potion","floor":36.0,"gold_loss":0.0,"damage_taken":0.0},{"cards_removed":["Self Repair"],"damage_healed":0.0,"max_hp_gain":0.0,"max_hp_loss":0.0,"gold_gain":0.0,"event_name":"Falling","player_choice":"Removed Power","floor":48.0,"gold_loss":0.0,"damage_taken":0.0}],"is_beta":false,"boss_relics":[{"not_picked":["FrozenCore","Astrolabe"],"picked":"Snecko Eye"},{"not_picked":["Empty Cage","Philosopher\u0027s Stone"],"picked":"Fusion Hammer"}],"items_purged_floors":[4,39],"is_endless":false,"potions_floor_spawned":[6,11,16,18,22,27,28,30,31,33,35,37,41,44,46,47],"killed_by":"Shield and Spear","ascension_level":20}}