{"host":"6i1e8tv3jhx3lrt3","time":1611401204,"event":{"mods":["Act Like it!","BaseMod","Colored Map","Custom Start","Downfall","Energized Spire","Gensokyo","Minty Spire (QoL Compilation)","Red Circlet Mod","Relic Stats","Replay The Spire","RumiaBox-露米娅的神秘盒子","StSLib","[IsaacMod]以撒尖塔","noobMod","【功能Mod】混沌之环修复补丁","【遗物卡牌】REMEMod"],"gold_per_floor":[99,118,131,131,150,176,254,272,272,272,33,33,33,33,33,33],"floor_reached":14,"language":"ZHS","playtime":1120,"items_purged":["downfall:Malfunctioning"],"score":88,"play_id":"ef3bb459-e3dd-4ec0-98d2-985a0757d1fb","local_time":"20210123192644","is_ascension_mode":false,"campfire_choices":[{"data":"Brutality","floor":1,"key":"SMITH"},{"data":"champ:Taunt","floor":10,"key":"SMITH"},{"data":"champ:BerserkersShout","floor":13,"key":"SMITH"}],"circlet_count":0,"master_deck":["champ:Strike","champ:Strike","champ:Strike","champ:Strike","champ:Defend","champ:Defend","champ:Defend+1","champ:Defend","champ:Execute","champ:Taunt+1","Brutality+1","champ:AdrenalArmor+1","champ:GutPunch+1","champ:EnGarde+1","champ:UltimateStance+1","champ:BerserkersShout+1","champ:HoldFirm+1"],"relics":["champ:ChampionCrown","HushsDoor","ice","REME_ComplimentaryCards","MaYiHuaBei","Bronze Scales","Question Card","Guide Book"],"acts_visited":["Exordium"],"potions_floor_usage":[],"damage_taken":[{"damage":21,"enemies":"2 Louse","floor":2,"turns":3},{"damage":23,"enemies":"Cultist","floor":3,"turns":4},{"damage":19,"enemies":"Small Slimes","floor":5,"turns":5},{"damage":73,"enemies":"Lagavulin","floor":6,"turns":10},{"damage":28,"enemies":"2 Fungi Beasts","floor":8,"turns":4},{"damage":33,"enemies":"downfall:FleeingMerchant","floor":11,"turns":4},{"damage":32,"enemies":"3 Sentries","floor":14,"turns":4}],"seed_played":"-564599088667196036","potions_obtained":[{"floor":3,"key":"Doom Potion"},{"floor":6,"key":"Toxic Potion"},{"floor":8,"key":"Block Potion"}],"is_trial":false,"path_per_floor":["R","M","M","?","M","E","T","M","?","R","$","?","R","E"],"character_chosen":"THE_CHAMP","items_purchased":["Guide Book"],"campfire_rested":0,"item_purchase_floors":[11],"current_hp_per_floor":[99,88,85,70,66,38,38,35,35,35,32,32,32,0,0,0],"gold":33,"neow_bonus":"TEN_PERCENT_HP_BONUS","is_daily":false,"chose_seed":false,"campfire_upgraded":3,"win_rate":0.0,"timestamp":1611401204,"path_taken":["R","M","M","?","M","E","T","?","?","R","$","?","R","E"],"items_purchased_type":["Relic"],"build_version":"2020-12-22","purchased_purges":1,"victory":false,"max_hp_per_floor":[99,99,99,99,99,99,99,99,99,99,99,99,99,99,99,99],"relic_stats":{"counters":[7,33],"Bronze Scales":[18],"Question Card":2,"obtain_stats":[{"KeepersGift":0,"MaYiHuaBei":0,"Bronze Scales":6,"Guide Book":11,"champ:ChampionCrown":0,"ice":0,"HushsDoor":0,"Question Card":7,"REME_ComplimentaryCards":0},{"KeepersGift":0,"MaYiHuaBei":0,"Bronze Scales":4,"Guide Book":6,"champ:ChampionCrown":0,"ice":0,"HushsDoor":0,"Question Card":4,"REME_ComplimentaryCards":0},{"KeepersGift":0,"MaYiHuaBei":0,"Bronze Scales":22,"Guide Book":30,"champ:ChampionCrown":0,"ice":0,"HushsDoor":0,"Question Card":22,"REME_ComplimentaryCards":0}]},"card_choices":[{"not_picked":["champ:FancyFootwork","champ:DefensiveShout"],"picked":"champ:AdrenalArmor","floor":2},{"not_picked":["champ:Haymaker","champ:Shatter"],"picked":"champ:GutPunch","floor":3},{"not_picked":["champ:CrownThrow","champ:Backstep"],"picked":"champ:EnGarde","floor":5},{"not_picked":["champ:Backstep","champ:DeathBlow"],"picked":"champ:UltimateStance","floor":6},{"not_picked":["champ:FalseCounter","champ:Haymaker","champ:FlashCut"],"picked":"champ:BerserkersShout","floor":8},{"not_picked":["champ:EnGarde","champ:TornadoPunch","champ:HoldFirm"],"picked":"champ:BringItOn","floor":11}],"player_experience":146995,"relics_obtained":[{"floor":6,"key":"Bronze Scales"},{"floor":7,"key":"Question Card"}],"event_choices":[],"is_beta":false,"boss_relics":[],"items_purged_floors":[11],"is_endless":false,"potions_floor_spawned":[3,6,8],"killed_by":"3 Sentries","ascension_level":0}}