{"host":"vrsxkkch9ccrec7k","time":1611377635,"event":{"mods":["Act Like it!","BaseMod","Bestiary","Better Altar","Better Match","Better Note","Better Sensory Stone","Better Skull","Better Third Choice","Better Vampires","Downfall","Minty Spire (QoL Compilation)","Permanent Neow","Relic Stats","Spicy Shops","StSLib"],"gold_per_floor":[349,362,362,382,13,31,57,68,97,97,97,107,107,118,134,134,134,134],"floor_reached":16,"language":"ENG","playtime":1625,"items_purged":["champ:Strike","champ:Strike"],"score":151,"play_id":"c93ea66c-7417-42b1-b978-b988b0d8c36e","local_time":"20210122235355","is_ascension_mode":true,"campfire_choices":[{"data":"champ:Execute","floor":1.0,"key":"SMITH"},{"floor":10,"key":"REST"},{"data":"DevaForm","floor":13,"key":"SMITH"}],"circlet_count":0,"master_deck":["champ:Strike","champ:Defend+1","champ:Defend","champ:Defend","champ:Defend","champ:Execute+1","champ:Taunt","champ:TornadoPunch","champ:FocusedBerserking","champ:GladiatorStyle","champ:BringItOn","champ:Backstep","champ:StanceDance","champ:IgnorePain+1","DevaForm+1","LessonLearned+1","champ:ShieldSigil","champ:Backstep","champ:FanOfKnives"],"relics":["champ:ChampionCrown","champ:Barbells","MealTicket","champ:DuelingGlove"],"acts_visited":["Exordium"],"potions_floor_usage":[16,16],"damage_taken":[{"damage":10.0,"enemies":"Small Slimes","floor":2.0,"turns":3.0},{"damage":20.0,"enemies":"Cultist","floor":4.0,"turns":3.0},{"damage":55.0,"enemies":"downfall:FleeingMerchant","floor":5.0,"turns":4.0},{"damage":11.0,"enemies":"Jaw Worm","floor":6.0,"turns":4.0},{"damage":25.0,"enemies":"Exordium Thugs","floor":8.0,"turns":7.0},{"damage":42,"enemies":"Gremlin Nob","floor":9,"turns":5},{"damage":25,"enemies":"Large Slime","floor":12,"turns":9},{"damage":10,"enemies":"2 Fungi Beasts","floor":14,"turns":4},{"damage":30,"enemies":"Exordium Wildlife","floor":15,"turns":8},{"damage":63,"enemies":"WA_ARCHETYPE_RETAIN","floor":16,"turns":13}],"seed_played":"-6375456621711664459","potions_obtained":[{"floor":2.0,"key":"Slimebound:ThreeZeroPotion"},{"floor":4.0,"key":"GamblersBrew"},{"floor":9,"key":"Strength Potion"},{"floor":14,"key":"AttackPotion"}],"is_trial":false,"path_per_floor":["R","M","?","M","$","M","T","M","E","R","?","M","R","M","M","B"],"character_chosen":"THE_CHAMP","items_purchased":["champ:Barbells","champ:BringItOn"],"campfire_rested":1,"item_purchase_floors":[5,5],"current_hp_per_floor":[57,57,57,57,52,51,51,51,29,56,48,48,48,48,38,0,0,0],"gold":134,"neow_bonus":"TWO_FIFTY_GOLD","is_daily":false,"chose_seed":false,"campfire_upgraded":2,"win_rate":0.0,"timestamp":1611377635,"path_taken":["R","M","?","?","$","M","T","M","E","R","?","M","R","M","M","BOSS"],"items_purchased_type":["Relic","Card"],"build_version":"2020-12-22","purchased_purges":2,"victory":false,"max_hp_per_floor":[90,90,90,90,90,90,90,90,90,90,90,90,90,90,90,90,90,90],"relic_stats":{"counters":[10,60],"MealTicket":0,"obtain_stats":[{"champ:Barbells":5,"champ:DuelingGlove":9,"champ:ChampionCrown":0,"MealTicket":7},{"champ:Barbells":3,"champ:DuelingGlove":6,"champ:ChampionCrown":0,"MealTicket":4},{"champ:Barbells":10,"champ:DuelingGlove":26,"champ:ChampionCrown":0,"MealTicket":14}]},"card_choices":[{"not_picked":["champ:Haymaker","champ:ShieldSigil"],"picked":"champ:TornadoPunch","floor":2.0},{"not_picked":["champ:EnGarde","champ:SkillfulDodge"],"picked":"champ:FocusedBerserking","floor":4.0},{"not_picked":["champ:Haymaker","champ:DefensiveShout"],"picked":"champ:GladiatorStyle","floor":5.0},{"not_picked":["champ:DefensiveShout","champ:EnGarde"],"picked":"champ:Backstep","floor":6.0},{"not_picked":["champ:BringItOn","champ:DefensiveShout"],"picked":"champ:StanceDance","floor":8.0},{"not_picked":["champ:PerfectedStrike","champ:BladeFlurry"],"picked":"champ:IgnorePain","floor":9},{"not_picked":["champ:Parry","champ:PerfectedStrike"],"picked":"champ:ShieldSigil","floor":12},{"not_picked":["champ:ShieldSigil","champ:PerfectedStrike"],"picked":"champ:Backstep","floor":14},{"not_picked":["champ:BringItOn","champ:PreemptiveStrike"],"picked":"champ:FanOfKnives","floor":15}],"player_experience":1697899,"relics_obtained":[{"floor":7.0,"key":"MealTicket"},{"floor":9,"key":"champ:DuelingGlove"}],"event_choices":[{"cards_removed":["champ:Strike"],"damage_healed":0.0,"max_hp_gain":0.0,"max_hp_loss":0.0,"gold_gain":0.0,"event_name":"Bonfire Elementals","player_choice":"Offered Basic","floor":3.0,"gold_loss":0.0,"damage_taken":0.0},{"damage_healed":0,"gold_gain":1,"player_choice":"Card Card ","damage_taken":8,"max_hp_gain":0,"max_hp_loss":0,"event_name":"betterThird:BetterScrap","floor":11,"gold_loss":0,"cards_obtained":["DevaForm","LessonLearned"]}],"is_beta":false,"boss_relics":[],"items_purged_floors":[5,5],"is_endless":false,"potions_floor_spawned":[2,4,9,14],"killed_by":"WA_ARCHETYPE_RETAIN","ascension_level":9}}