{"host":"snn1c4qsf0fj7fzf","time":1611427280,"event":{"mods":["AchievementEnabler","Aspiration","Astrologer","BaseMod","Colored Powertips","Downfall","Hermit","Hubris","Infinite Spire","Lobotomy","LobotomyExtend","Marisa????????","Minty Spire (QoL Compilation)","Random Character Button","Rare Cards Sparkle","Reimu??????","Replay The Spire","Shop Mod","Spire Arcade","StSLib","The Administrix","The Animator","The Cursed","The Gatherer","The Hierophant","The Marked","The Poker Player","The Runesmith"],"gold_per_floor":[99,112,126,36,36,71,71,85,85,85,85,205,216,9,25,129,129,129,141,155,155,169,195,245,245,130,130,141,159,159,159,159,159,159],"floor_reached":32,"language":"ENG","playtime":3230,"items_purged":["Guardian:Defend_Guardian","Guardian:Strike_Guardian"],"score":260,"play_id":"67bbd9d6-a629-42bf-bb1b-4b80f625e35a","local_time":"20210124024120","is_ascension_mode":false,"campfire_choices":[{"floor":1,"key":"DIG"},{"data":"Guardian:Suspension","floor":9,"key":"SMITH"},{"data":"Guardian:CurlUp","floor":11,"key":"SMITH"},{"floor":18,"key":"DIG"},{"data":"Guardian:SpikerProtocol","floor":27,"key":"SMITH"},{"data":"downfall:Icky","floor":30,"key":"PURGE"}],"circlet_count":0,"master_deck":["Guardian:Strike_Guardian","Guardian:Strike_Guardian","Guardian:Strike_Guardian","Guardian:Defend_Guardian","Guardian:Defend_Guardian","Guardian:Defend_Guardian","Guardian:CurlUp+1","Guardian:TwinSlam","Guardian:Suspension+1","Guardian:RollAttack","CurseOfTheBell","CurseOfTheBell","Guardian:StasisStrike","Guardian:Reroute","Guardian:Incinerate","Guardian:Incinerate","Adrenaline","Guardian:ShieldCharger+1","Guardian:PiercingHide+1","Guardian:StasisStrike","Pot Of Greed","Pot Of Greed","Guardian:SpikerProtocol+1","Pot Of Greed","Guardian:Planning"],"relics":["Guardian:ModeShifter","CrazyTorch:ReiMu","LetterFromLob","downfall:ExtraCursedBell","infinitespire:Beetle Shell","aspiration:SeaSaltIceCream","aspiration:Nostalgia","m_SnakeBloodCore","Replay:Towering Pillar of Hats","Replay:Wax Seal","Replay:Accelerometer","aspiration:HiddenCompartment","Replay:Baseball","Lantern","Philosopher\u0027s Stone","Replay:Multitool","ReplayTheSpireMod:Ring of Exchange","Calipers","Grinning Jar","MutagenicStrength","aspiration:RitualStick"],"acts_visited":["Exordium","TheCity"],"potions_floor_usage":[8,16,16,16,26,26,32],"damage_taken":[{"damage":20,"enemies":"infinitespire:Voidling","floor":2,"turns":4},{"damage":5,"enemies":"Cultist","floor":3,"turns":5},{"damage":0,"enemies":"downfall:FleeingMerchant","floor":4,"turns":4},{"damage":12,"enemies":"3 Sentries","floor":6,"turns":8},{"damage":0,"enemies":"2 Louse","floor":8,"turns":2},{"damage":0,"enemies":"Blue Slaver","floor":13,"turns":2},{"damage":10,"enemies":"downfall:FleeingMerchant","floor":14,"turns":4},{"damage":7,"enemies":"2 Fungi Beasts","floor":15,"turns":3},{"damage":36,"enemies":"SI_SHIV_ARCHETYPE","floor":16,"turns":7},{"damage":6,"enemies":"Spheric Guardian","floor":19,"turns":3},{"damage":24,"enemies":"3 Byrds","floor":20,"turns":4},{"damage":5,"enemies":"3 Cultists","floor":22,"turns":5},{"damage":9,"enemies":"Nightmare","floor":23,"turns":9},{"damage":14,"enemies":"downfall:FleeingMerchant","floor":26,"turns":4},{"damage":11,"enemies":"Shelled Parasite and Fungi","floor":28,"turns":5},{"damage":6,"enemies":"Centurion and Healer","floor":29,"turns":4},{"damage":23,"enemies":"Snake Plant","floor":32,"turns":2}],"seed_played":"2434391047585659753","potions_obtained":[{"floor":3,"key":"AttackPotion"},{"floor":8,"key":"sneckomod:MuddlingPotion"},{"floor":12,"key":"SkillPotion"},{"floor":13,"key":"hexamod:SoulburnPotion"},{"floor":16,"key":"Explosive Potion"},{"floor":20,"key":"sneckomod:MuddlingPotion"},{"floor":23,"key":"Fire Potion"},{"floor":28,"key":"Block Potion"}],"is_trial":false,"path_per_floor":["R","M","M","$","?","E","T","M","R","?","R","?","M","$","M","B",null,"R","M","M","?","M","NM","T","?","$","R","M","M","R","?","M"],"character_chosen":"GUARDIAN","items_purchased":["Lantern","Guardian:Incinerate"],"campfire_rested":0,"item_purchase_floors":[14,14],"current_hp_per_floor":[88,75,70,70,70,61,61,64,64,64,64,64,67,60,56,23,88,88,85,64,64,62,56,56,56,45,45,37,34,34,16,0,0,0],"gold":159,"neow_bonus":"TEN_PERCENT_HP_BONUS","is_daily":false,"chose_seed":false,"campfire_upgraded":3,"win_rate":0.0,"timestamp":1611427280,"path_taken":["R","M","?","?","?","E","T","M","R","?","R","?","?","$","M","BOSS","R","M","M","?","M","NM","T","?","$","R","M","M","R","?","M"],"items_purchased_type":["Card","Card"],"build_version":"2020-12-22","purchased_purges":2,"victory":false,"max_hp_per_floor":[88,88,88,88,88,88,88,88,88,88,88,88,88,88,88,88,88,88,88,88,88,88,88,88,88,88,88,88,88,88,88,88,88,88],"card_choices":[{"not_picked":["Guardian:Reroute","Guardian:TemporalShield"],"picked":"Guardian:Suspension","floor":2},{"not_picked":["Guardian:Emergency","Guardian:ArmoredProtocol"],"picked":"Guardian:Gem_Red","floor":3},{"not_picked":["Guardian:Reroute","Guardian:ShieldCharger"],"picked":"Guardian:RollAttack","floor":4},{"not_picked":["Havoc","Guardian:Suspension"],"picked":"Guardian:Reroute","floor":6},{"not_picked":["Guardian:Gem_Cyan","Guardian:VentSteam"],"picked":"Guardian:Gem_Synthetic","floor":8},{"not_picked":["Guardian:VentSteam","Guardian:PiercingHide","Guardian:PrimingBeam"],"picked":"SKIP","floor":13},{"not_picked":["Guardian:Gem_Cyan","Guardian:ShieldCharger"],"picked":"Guardian:Gem_Crimson","floor":14},{"not_picked":["Eclipse","Guardian:Suspension","Distraction"],"picked":"SKIP","floor":15},{"not_picked":["Seek","Guardian:Gem_Synthetic"],"picked":"Adrenaline","floor":16},{"not_picked":["Guardian:TemporalShield","Guardian:VentSteam"],"picked":"Guardian:ShieldCharger+1","floor":19},{"not_picked":["Guardian:BodySlam","Guardian:Gem_Red"],"picked":"Guardian:PiercingHide+1","floor":20},{"not_picked":["Guardian:RefractedBeam","Guardian:BronzeOrb"],"picked":"Guardian:Gem_Cyan","floor":22},{"not_picked":["Guardian:Gem_Cyan","Guardian:BronzeOrb"],"picked":"Guardian:StasisStrike","floor":23},{"not_picked":["Guardian:TemporalStrike","Guardian:ChargeCore"],"picked":"Guardian:SpikerProtocol","floor":26},{"not_picked":["Guardian:ChargeCore","Guardian:ArmoredProtocol","Guardian:TimeBomb+1"],"picked":"SKIP","floor":28},{"not_picked":["Guardian:Reroute","Guardian:BronzeOrb"],"picked":"Guardian:Planning","floor":29}],"player_experience":246363,"relics_obtained":[{"floor":1,"key":"CrazyTorch:ReiMu"},{"floor":2,"key":"LetterFromLob"},{"floor":5,"key":"infinitespire:Beetle Shell"},{"floor":5,"key":"aspiration:SeaSaltIceCream"},{"floor":5,"key":"Replay:Towering Pillar of Hats"},{"floor":6,"key":"Replay:Wax Seal"},{"floor":7,"key":"Replay:Accelerometer"},{"floor":10,"key":"aspiration:HiddenCompartment"},{"floor":12,"key":"Replay:Baseball"},{"floor":18,"key":"Replay:Multitool"},{"floor":21,"key":"ReplayTheSpireMod:Ring of Exchange"},{"floor":23,"key":"Calipers"},{"floor":24,"key":"Grinning Jar"}],"event_choices":[{"damage_healed":0,"gold_gain":0,"player_choice":"Inject Mutagens","damage_taken":0,"relics_obtained":["MutagenicStrength"],"max_hp_gain":0,"max_hp_loss":0,"event_name":"Drug Dealer","floor":25,"gold_loss":0}],"is_beta":false,"boss_relics":[{"not_picked":["Runic Dome","Cursed Key"],"picked":"Philosopher\u0027s Stone"}],"items_purged_floors":[4,26],"is_endless":false,"potions_floor_spawned":[3,8,13,16,20,23,28],"killed_by":"Snake Plant","ascension_level":0}}