{"host":"3zmssa4s99zhxek5","time":1611363639,"event":{"mods":["AchievementEnabler","BaseMod","Minty Spire (QoL Compilation)","Permanent Neow","Relic Stats"],"gold_per_floor":[109,109,122,132,148,148,161,192,267,282,73,73,85,110,110,110,110],"floor_reached":16,"language":"KOR","playtime":1142,"items_purged":["Strike_B"],"score":228,"play_id":"13d02eee-c011-4f7b-bfb3-9c534e1a1f3f","local_time":"20210123100039","is_ascension_mode":true,"campfire_choices":[{"data":"Gash","floor":6,"key":"SMITH"},{"data":"Sunder","floor":12,"key":"SMITH"},{"floor":15,"key":"REST"}],"circlet_count":0,"master_deck":["AscendersBane","Strike_B","Strike_B","Strike_B","Defend_B","Defend_B","Defend_B","Defend_B","Zap","Dualcast","Coolheaded","Hologram+1","Gash+1","FTL","Melter","Electrodynamics","Sunder+1","Steam","Go for the Eyes","Streamline","Hologram","Echo Form"],"relics":["Cracked Core","Bronze Scales","Darkstone Periapt","Ginger"],"acts_visited":["Exordium"],"potions_floor_usage":[8,14,16],"damage_taken":[{"damage":0,"enemies":"2 Louse","floor":1,"turns":4},{"damage":1,"enemies":"Cultist","floor":3,"turns":3},{"damage":5,"enemies":"Small Slimes","floor":4,"turns":3},{"damage":4,"enemies":"Looter","floor":5,"turns":3},{"damage":0,"enemies":"2 Fungi Beasts","floor":7,"turns":3},{"damage":5,"enemies":"3 Sentries","floor":8,"turns":3},{"damage":16,"enemies":"Exordium Thugs","floor":10,"turns":4},{"damage":8,"enemies":"Large Slime","floor":13,"turns":3},{"damage":15,"enemies":"Lagavulin","floor":14,"turns":7},{"damage":31,"enemies":"The Guardian","floor":16,"turns":9}],"seed_played":"644967444638750962","potions_obtained":[{"floor":1,"key":"FocusPotion"},{"floor":4,"key":"SteroidPotion"},{"floor":14,"key":"DistilledChaos"}],"is_trial":false,"path_per_floor":["M","?","M","M","M","R","M","E","T","M","$","R","M","E","R","B"],"character_chosen":"DEFECT","items_purchased":["Steam","Go for the Eyes","Streamline"],"campfire_rested":1,"item_purchase_floors":[11,11,11],"current_hp_per_floor":[64,64,63,58,54,54,54,49,49,33,33,33,25,10,31,0,0],"gold":110,"neow_bonus":"THREE_CARDS","is_daily":false,"chose_seed":false,"campfire_upgraded":2,"win_rate":0.0,"timestamp":1611363639,"path_taken":["M","?","M","M","?","R","M","E","T","M","$","R","M","E","R","BOSS"],"items_purchased_type":["Card","Card","Card"],"build_version":"2020-12-22","purchased_purges":1,"victory":false,"max_hp_per_floor":[71,71,71,71,71,71,71,71,71,71,71,71,71,71,71,71,71],"relic_stats":{"Darkstone Periapt":0,"counters":[10,42],"Bronze Scales":[57],"Ginger":[0],"obtain_stats":[{"Darkstone Periapt":9,"Bronze Scales":8,"Ginger":14,"Cracked Core":0},{"Darkstone Periapt":6,"Bronze Scales":6,"Ginger":9,"Cracked Core":0},{"Darkstone Periapt":19,"Bronze Scales":19,"Ginger":33,"Cracked Core":0}]},"card_choices":[{"not_picked":["Rebound","Stack"],"picked":"Coolheaded","floor":0},{"not_picked":["White Noise","Reprogram"],"picked":"Hologram","floor":1},{"not_picked":["Coolheaded","Turbo"],"picked":"Gash","floor":3},{"not_picked":["Rebound","Stack"],"picked":"FTL","floor":4},{"not_picked":["Redo","Conserve Battery"],"picked":"Melter","floor":5},{"not_picked":["Fusion","Beam Cell"],"picked":"Electrodynamics","floor":7},{"not_picked":["Doom and Gloom","Compile Driver"],"picked":"Sunder","floor":8},{"not_picked":["Redo","Melter","Chaos"],"picked":"SKIP","floor":10},{"not_picked":["Beam Cell","Conserve Battery"],"picked":"Hologram","floor":13},{"not_picked":["Turbo","Force Field"],"picked":"Echo Form","floor":14}],"player_experience":1564433,"relics_obtained":[{"floor":8,"key":"Bronze Scales"},{"floor":9,"key":"Darkstone Periapt"},{"floor":14,"key":"Ginger"}],"event_choices":[{"damage_healed":0,"gold_gain":0,"player_choice":"Forge","damage_taken":0,"max_hp_gain":0,"max_hp_loss":0,"event_name":"Accursed Blacksmith","floor":2,"gold_loss":0,"cards_upgraded":["Hologram"]}],"is_beta":false,"boss_relics":[],"items_purged_floors":[11],"is_endless":false,"potions_floor_spawned":[1,4,7,14],"killed_by":"The Guardian","ascension_level":20}}