{"host":"fmb9x04chdot191d","time":1611370727,"event":{"mods":["2.2 Compatiblity","AchievementEnabler","BaseMod","BetterRewards","Colored Map","Downfall","Hermit","Highlight Path","Marisa（霧雨　魔理沙）","Minty Spire (QoL Compilation)","Permanent Neow","Quick Restart","Rare Cards Sparkle","StSLib","The Servant 0.9.4","[IsaacMod]以撒尖塔"],"gold_per_floor":[10,60,82,109,109,144,151,41,67,67,97,97,110,60,60,216,216,250,250,230,248,19,19,96,96],"floor_reached":24,"language":"ENG","playtime":1169,"items_purged":[],"score":217,"play_id":"00f606ec-edea-4618-85b9-f1060dd1a46d","local_time":"20210123155847","is_ascension_mode":false,"campfire_choices":[{"data":"1","floor":10.0,"key":"LIFT"},{"floor":12.0,"key":"REST"},{"data":"FanOfKnives","floor":15.0,"key":"SMITH"},{"data":"2","floor":23,"key":"LIFT"}],"circlet_count":0,"master_deck":["Strike_S","Defend_S","Defend_S","KidneyShot","Exchange","DoctorFetus","BottledTime","Reset","FanOfKnives+1","SilverBlades","Snipe","Initiator","SurpressingFire","Barrier","Flash of Steel","Snipe"],"relics":["Uniform","HushsDoor","HowToJump","Girya","SalivaCoin","D6","Regal Pillow","Empty Cage","DollysMirror"],"acts_visited":["Exordium","TheCity"],"potions_floor_usage":[24,24],"damage_taken":[{"damage":1.0,"enemies":"Cultist","floor":1.0,"turns":4.0},{"damage":3.0,"enemies":"Jaw Worm","floor":3.0,"turns":4.0},{"damage":7.0,"enemies":"Small Slimes","floor":4.0,"turns":4.0},{"damage":0.0,"enemies":"3 Sentries","floor":6.0,"turns":1.0},{"damage":0.0,"enemies":"2 Fungi Beasts","floor":13.0,"turns":1.0},{"damage":23.0,"enemies":"The Guardian","floor":16.0,"turns":11.0},{"damage":21,"enemies":"Chosen","floor":18,"turns":5},{"damage":0,"enemies":"Spheric Guardian","floor":21,"turns":3},{"damage":59,"enemies":"Gremlin Leader","floor":24,"turns":4}],"seed_played":"7636804352432298614","potions_obtained":[{"floor":1.0,"key":"Regen Potion"},{"floor":3.0,"key":"SpeedPotion"},{"floor":6.0,"key":"SteroidPotion"},{"floor":20,"key":"SteroidPotion"}],"is_trial":false,"path_per_floor":["M","T","M","M","?","E","?","$","T","R","?","R","M","?","R","B",null,"M","?","?","M","$","R","E"],"character_chosen":"THE_SERVANT","items_purchased":["FanOfKnives","SilverBlades","Flash of Steel","DollysMirror"],"campfire_rested":1,"item_purchase_floors":[8,8,22,22],"current_hp_per_floor":[64,64,61,54,54,54,47,47,47,47,47,65,65,65,65,42,65,44,44,44,44,44,44,0,0],"gold":96,"neow_bonus":"ONE_RARE_RELIC","is_daily":false,"chose_seed":false,"campfire_upgraded":1,"win_rate":0.0,"timestamp":1611370727,"path_taken":["M","?","M","M","?","E","?","$","T","R","?","R","?","?","R","BOSS","M","?","?","M","$","R","E"],"items_purchased_type":["Card","Card","Card","Relic"],"build_version":"2020-12-22","purchased_purges":0,"victory":false,"max_hp_per_floor":[65,65,65,65,65,65,65,65,65,65,65,65,65,65,65,65,65,65,65,65,65,65,65,65,65],"card_choices":[{"not_picked":[],"picked":"DoctorFetus","floor":0.0},{"not_picked":["Collapse","Unruled"],"picked":"BottledTime","floor":1.0},{"not_picked":["Spin","Sabotage"],"picked":"Bomb","floor":3.0},{"not_picked":["Starlight","Rewind","Alleviate"],"picked":"SKIP","floor":4.0},{"not_picked":["Starlight","Ricochet"],"picked":"Reset","floor":6.0},{"not_picked":["Defy","DualDimension"],"picked":"Snipe","floor":13.0},{"not_picked":["Solidify","FloweringNight"],"picked":"Initiator","floor":16.0},{"not_picked":["Starlight","Potential"],"picked":"SurpressingFire","floor":18},{"not_picked":["Rewind","Comet"],"picked":"Barrier","floor":21}],"player_experience":34279,"relics_obtained":[{"floor":2.0,"key":"SalivaCoin"},{"floor":6.0,"key":"D6"},{"floor":9.0,"key":"Regal Pillow"}],"event_choices":[{"damage_healed":0.0,"max_hp_gain":0.0,"max_hp_loss":0.0,"gold_gain":0.0,"event_name":"Shining Light","player_choice":"Ignored","floor":5.0,"gold_loss":0.0,"damage_taken":0.0},{"cards_removed":["Strike_S"],"damage_healed":0.0,"max_hp_gain":0.0,"max_hp_loss":0.0,"gold_gain":0.0,"event_name":"Golden Wing","player_choice":"Card Removal","floor":7.0,"gold_loss":0.0,"damage_taken":7.0},{"damage_healed":0.0,"max_hp_gain":0.0,"max_hp_loss":0.0,"gold_gain":30.0,"event_name":"Dead Adventurer","player_choice":"Searched \u00271\u0027 times","floor":11.0,"gold_loss":0.0,"damage_taken":0.0},{"cards_removed":["Defend_S"],"damage_healed":0.0,"max_hp_gain":0.0,"max_hp_loss":0.0,"gold_gain":0.0,"event_name":"The Cleric","player_choice":"Card Removal","floor":14.0,"gold_loss":50.0,"damage_taken":0.0},{"cards_removed":["Defend_S"],"damage_healed":0,"gold_gain":0,"player_choice":"Elegance","damage_taken":0,"max_hp_gain":0,"max_hp_loss":0,"event_name":"Back to Basics","floor":19,"gold_loss":0},{"damage_healed":0,"gold_gain":0,"player_choice":"Bought 1 Potion","damage_taken":0,"max_hp_gain":0,"max_hp_loss":0,"event_name":"The Woman in Blue","floor":20,"gold_loss":0}],"is_beta":false,"boss_relics":[{"not_picked":["Ectoplasm","Coffee Dripper"],"picked":"Empty Cage"},{"not_picked":[]}],"items_purged_floors":[],"is_endless":false,"potions_floor_spawned":[1,3,6],"killed_by":"Gremlin Leader","ascension_level":0}}