{"host":"41y51qpuw3tri6uv","time":1611372999,"event":{"mods":["AchievementEnabler","BaseMod","Bestiary","Better Altar","Better Match","Better Note","Better Sensory Stone","Better Skull","Better Third Choice","Better Vampires","Colored Map","Colored Powertips","DeckTracker","Minty Spire (QoL Compilation)","Permanent Neow","Quick Restart","Random Character Button","StSLib","SuperFastMode","Synergy Search","Thieving Mod"],"gold_per_floor":[110,124,124,124,74,74,94,94,121,147,157,157,169,181,181,285,285,303,353,97,112,112,112,144,144,170,198,210,225,150,184,184,184,184],"floor_reached":33,"language":"ENG","playtime":1165,"items_purged":["Strike_R"],"score":381,"play_id":"22266711-544f-4789-8578-0a688e89a500","local_time":"20210122223639","is_ascension_mode":true,"campfire_choices":[{"data":"Evolve","floor":6.0,"key":"SMITH"},{"data":"Strike_R","floor":8.0,"key":"PURGE"},{"floor":12.0,"key":"REST"},{"data":"Uppercut","floor":15.0,"key":"SMITH"},{"data":"Demon Form","floor":23.0,"key":"SMITH"},{"floor":25.0,"key":"REST"},{"data":"True Grit","floor":32,"key":"SMITH"}],"circlet_count":0,"master_deck":["Strike_R","Defend_R","Defend_R","Defend_R","Defend_R","Bash","Evolve+1","Sword Boomerang","True Grit+1","Sword Boomerang","Uppercut+1","Cleave","Demon Form+1","Heavy Blade+1","Flame Barrier","Reaper","Wild Strike+1","Headbutt+1","Thunderclap+1","Pommel Strike","Whirlwind","Armaments","Disarm"],"relics":["Burning Blood","Peace Pipe","Bag of Marbles","Paper Frog","Sozu","Vajra","Centennial Puzzle","MealTicket","Juzu Bracelet","Regal Pillow"],"acts_visited":["Exordium","TheCity"],"potions_floor_usage":[],"damage_taken":[{"damage":3.0,"enemies":"Small Slimes","floor":1.0,"turns":5.0},{"damage":14.0,"enemies":"2 Louse","floor":2.0,"turns":4.0},{"damage":3.0,"enemies":"Jaw Worm","floor":7.0,"turns":4.0},{"damage":32.0,"enemies":"Gremlin Nob","floor":10.0,"turns":4.0},{"damage":5.0,"enemies":"Blue Slaver","floor":11.0,"turns":5.0},{"damage":10.0,"enemies":"2 Fungi Beasts","floor":13.0,"turns":3.0},{"damage":1.0,"enemies":"Looter","floor":14.0,"turns":2.0},{"damage":18.0,"enemies":"Slime Boss","floor":16.0,"turns":6.0},{"damage":9.0,"enemies":"Shell Parasite","floor":18.0,"turns":5.0},{"damage":13.0,"enemies":"Spheric Guardian","floor":21.0,"turns":4.0},{"damage":50.0,"enemies":"Gremlin Leader","floor":24.0,"turns":5.0},{"damage":32.0,"enemies":"Slavers","floor":27.0,"turns":5.0},{"damage":7.0,"enemies":"Snecko","floor":28.0,"turns":3.0},{"damage":12.0,"enemies":"Chosen and Byrds","floor":29.0,"turns":4.0},{"damage":12,"enemies":"Book of Stabbing","floor":31,"turns":3},{"damage":69,"enemies":"Automaton","floor":33,"turns":6}],"seed_played":"2817782221675931943","potions_obtained":[{"floor":2.0,"key":"Swift Potion"},{"floor":7.0,"key":"LiquidMemories"},{"floor":10.0,"key":"Block Potion"},{"floor":11.0,"key":"BlessingOfTheForge"}],"is_trial":false,"path_per_floor":["M","M","?","?","?","R","M","R","T","E","M","R","M","M","R","B",null,"M","?","$","M","?","R","E","R","T","E","M","M","?","E","R","B"],"character_chosen":"IRONCLAD","items_purchased":["Flame Barrier","Vajra"],"campfire_rested":2,"item_purchase_floors":[20,20],"current_hp_per_floor":[59,51,44,44,44,44,47,47,47,21,22,46,42,47,47,35,69,66,66,66,59,59,59,15,39,39,23,30,45,45,39,39,0,0],"gold":184,"neow_bonus":"ONE_RARE_RELIC","is_daily":false,"chose_seed":false,"campfire_upgraded":4,"win_rate":0.0,"timestamp":1611372999,"path_taken":["M","M","?","?","?","R","M","R","T","E","M","R","M","M","R","BOSS","M","?","$","M","?","R","E","R","T","E","M","M","?","E","R","BOSS"],"items_purchased_type":["Card","Relic"],"build_version":"2020-12-22","purchased_purges":1,"victory":false,"max_hp_per_floor":[80,80,80,80,80,80,80,80,80,80,80,80,80,80,80,80,80,80,80,80,80,80,80,80,80,80,80,80,80,80,80,80,80,80],"card_choices":[{"not_picked":["Anger","Seeing Red"],"picked":"Evolve","floor":1.0},{"not_picked":["Rage","Clothesline"],"picked":"Sword Boomerang","floor":2.0},{"not_picked":["Infernal Blade","Evolve"],"picked":"True Grit","floor":7.0},{"not_picked":["Perfected Strike","Blood for Blood","Bloodletting"],"picked":"SKIP","floor":10.0},{"not_picked":["Warcry","Hemokinesis"],"picked":"Sword Boomerang","floor":11.0},{"not_picked":["Dual Wield","Clash"],"picked":"Uppercut","floor":13.0},{"not_picked":["Clothesline","Dropkick"],"picked":"Cleave","floor":14.0},{"not_picked":["Immolate","Feed"],"picked":"Demon Form","floor":16.0},{"not_picked":["Headbutt","Flex"],"picked":"Heavy Blade","floor":18.0},{"not_picked":["Carnage","Headbutt"],"picked":"Reaper","floor":21.0},{"not_picked":["Warcry","Clash"],"picked":"Wild Strike+1","floor":24.0},{"not_picked":["Anger","Armaments"],"picked":"Headbutt+1","floor":27.0},{"not_picked":["Demon Form","Anger"],"picked":"Thunderclap+1","floor":28.0},{"not_picked":["Flex","Dropkick"],"picked":"Pommel Strike","floor":29.0},{"not_picked":["Sentinel","Uppercut"],"picked":"Whirlwind","floor":30.0},{"not_picked":["Thunderclap","Flex"],"picked":"Armaments","floor":30.0},{"not_picked":["Anger","Havoc"],"picked":"Disarm","floor":31}],"player_experience":134287,"relics_obtained":[{"floor":9.0,"key":"Bag of Marbles"},{"floor":10.0,"key":"Paper Frog"},{"floor":24.0,"key":"Centennial Puzzle"},{"floor":26.0,"key":"MealTicket"},{"floor":27.0,"key":"Juzu Bracelet"},{"floor":31,"key":"Regal Pillow"}],"event_choices":[{"cards_removed":["Strike_R"],"damage_healed":0.0,"max_hp_gain":0.0,"max_hp_loss":0.0,"gold_gain":0.0,"event_name":"Golden Wing","player_choice":"Card Removal","floor":3.0,"gold_loss":0.0,"damage_taken":7.0},{"damage_healed":44.0,"max_hp_gain":0.0,"max_hp_loss":80.0,"gold_gain":0.0,"event_name":"betterThird:BetterShining","player_choice":"Leave","floor":4.0,"gold_loss":0.0,"damage_taken":0.0},{"cards_removed":["Strike_R"],"damage_healed":0.0,"max_hp_gain":0.0,"max_hp_loss":0.0,"gold_gain":0.0,"event_name":"The Cleric","player_choice":"Card Removal","floor":5.0,"gold_loss":50.0,"damage_taken":0.0},{"damage_healed":0.0,"max_hp_gain":0.0,"max_hp_loss":0.0,"gold_gain":100.0,"event_name":"The Joust","player_choice":"Bet on Murderer","floor":19.0,"gold_loss":50.0,"damage_taken":0.0},{"damage_healed":0.0,"max_hp_gain":0.0,"max_hp_loss":0.0,"gold_gain":0.0,"event_name":"Upgrade Shrine","player_choice":"Upgraded","floor":22.0,"gold_loss":0.0,"damage_taken":0.0,"cards_upgraded":["Heavy Blade"]},{"damage_healed":0.0,"max_hp_gain":0.0,"max_hp_loss":0.0,"gold_gain":0.0,"event_name":"betterMatch:BetterMatch","player_choice":"1","floor":30.0,"gold_loss":0.0,"damage_taken":0.0,"cards_obtained":["betterMatch:ColorlessRareCard","betterMatch:UncommonCard","betterMatch:CommonCard"]}],"is_beta":false,"boss_relics":[{"not_picked":["Runic Pyramid","Cursed Key"],"picked":"Sozu"}],"items_purged_floors":[20],"is_endless":false,"potions_floor_spawned":[2,7,10,11,18,27,29,31],"killed_by":"Automaton","ascension_level":5}}