{"host":"4ag909k4xupnj24b","time":1611369460,"event":{"mods":["BaseMod","Minty Spire (QoL Compilation)","StSLib"],"gold_per_floor":[119,137,149,160,178,211,211,237,283,283,339,13,13,24,24,102,102,120,132,149,49,60,60,60,60,60,78,128,128,142,155,155,155,155],"floor_reached":33,"language":"ENG","playtime":1591,"items_purged":["Strike_B","Strike_B"],"score":501,"play_id":"9491c682-1cb4-4f8b-a7fc-823e04489b85","local_time":"20210122183740","is_ascension_mode":true,"campfire_choices":[{"floor":7,"key":"REST"},{"floor":10,"key":"REST"},{"floor":13,"key":"REST"},{"floor":15,"key":"REST"},{"floor":23,"key":"REST"},{"floor":24,"key":"REST"},{"floor":29,"key":"REST"},{"floor":32,"key":"REST"}],"circlet_count":0,"master_deck":["AscendersBane","Strike_B","Strike_B","Defend_B","Defend_B","Defend_B","Defend_B","Zap","Dualcast","Sweeping Beam","Darkness","Steam","Rebound","Hyperbeam","Barrage","Go for the Eyes+1","Capacitor","Recycle","Doom and Gloom+1","Echo Form","Loop+1","Conserve Battery","Melter+1","Defragment+1"],"relics":["Philosopher\u0027s Stone","Omamori","WingedGreaves","Bag of Marbles","Molten Egg 2","Anchor","Snecko Eye","Mercury Hourglass"],"acts_visited":["Exordium","TheCity"],"potions_floor_usage":[6,6,8,16,22,30,33,33],"damage_taken":[{"damage":8,"enemies":"Small Slimes","floor":1,"turns":3},{"damage":2,"enemies":"Cultist","floor":2,"turns":3},{"damage":6,"enemies":"Jaw Worm","floor":3,"turns":4},{"damage":8,"enemies":"Blue Slaver","floor":4,"turns":3},{"damage":11,"enemies":"3 Louse","floor":5,"turns":4},{"damage":7,"enemies":"3 Sentries","floor":6,"turns":4},{"damage":40,"enemies":"Lagavulin","floor":8,"turns":6},{"damage":9,"enemies":"Gremlin Nob","floor":11,"turns":3},{"damage":6,"enemies":"Red Slaver","floor":14,"turns":4},{"damage":48,"enemies":"Hexaghost","floor":16,"turns":9},{"damage":10,"enemies":"Chosen","floor":18,"turns":5},{"damage":1,"enemies":"Spheric Guardian","floor":19,"turns":3},{"damage":19,"enemies":"Shelled Parasite and Fungi","floor":20,"turns":4},{"damage":23,"enemies":"Cultist and Chosen","floor":22,"turns":6},{"damage":20,"enemies":"Snecko","floor":27,"turns":4},{"damage":14,"enemies":"Shelled Parasite and Fungi","floor":30,"turns":2},{"damage":19,"enemies":"Centurion and Healer","floor":31,"turns":5},{"damage":35,"enemies":"Automaton","floor":33,"turns":4}],"seed_played":"2327919904647017625","potions_obtained":[{"floor":1,"key":"Strength Potion"},{"floor":5,"key":"AttackPotion"},{"floor":6,"key":"AttackPotion"},{"floor":14,"key":"DuplicationPotion"},{"floor":16,"key":"Swift Potion"},{"floor":19,"key":"FocusPotion"},{"floor":25,"key":"LiquidMemories"},{"floor":30,"key":"CultistPotion"}],"is_trial":false,"path_per_floor":["M","M","M","M","M","E","R","E","T","R","?","$","R","M","R","B",null,"M","M","M","$","M","R","R","?","T","M","?","R","M","M","R","B"],"character_chosen":"DEFECT","items_purchased":["Capacitor","Anchor","Recycle"],"campfire_rested":8,"item_purchase_floors":[12,12,12],"current_hp_per_floor":[56,54,48,40,29,22,43,3,3,24,15,15,36,30,51,3,54,44,43,24,24,1,22,43,43,43,23,23,44,30,11,32,0,0],"gold":155,"neow_bonus":"BOSS_RELIC","is_daily":false,"chose_seed":false,"campfire_upgraded":0,"win_rate":0.0,"timestamp":1611369460,"path_taken":["M","M","M","M","M","E","R","E","T","R","?","$","R","M","R","BOSS","M","M","M","$","M","R","R","?","T","?","?","R","M","M","R","BOSS"],"items_purchased_type":["Card","Relic","Card"],"build_version":"2020-12-22","purchased_purges":2,"victory":false,"max_hp_per_floor":[71,71,71,71,71,71,71,71,71,71,71,71,71,71,71,71,71,71,71,71,71,71,71,71,71,71,71,71,71,71,71,71,71,71],"card_choices":[{"not_picked":["Chaos","Storm"],"picked":"Sweeping Beam","floor":1},{"not_picked":["Blizzard","Steam Power","Reprogram"],"picked":"SKIP","floor":2},{"not_picked":["Beam Cell","Go for the Eyes"],"picked":"Darkness","floor":3},{"not_picked":["Steam Power","Stack"],"picked":"Steam","floor":4},{"not_picked":["Hello World","Blizzard"],"picked":"Rebound","floor":5},{"not_picked":["All For One","Rebound"],"picked":"Hyperbeam","floor":6},{"not_picked":["Fission","Turbo"],"picked":"Barrage","floor":8},{"not_picked":["Aggregate","Rebound+1"],"picked":"Go for the Eyes+1","floor":11},{"not_picked":["Steam","Stack"],"picked":"Doom and Gloom+1","floor":14},{"not_picked":["Amplify","Meteor Strike+1"],"picked":"Echo Form","floor":16},{"not_picked":["Double Energy","Turbo","Compile Driver+1"],"picked":"SKIP","floor":18},{"not_picked":["Redo","Ball Lightning+1"],"picked":"Loop+1","floor":19},{"not_picked":["Turbo","Ball Lightning+1"],"picked":"Conserve Battery","floor":20},{"not_picked":["Steam","Conserve Battery","Stack"],"picked":"SKIP","floor":22},{"not_picked":["Sweeping Beam+1","Hyperbeam+1"],"picked":"Melter+1","floor":27},{"not_picked":["Hologram","Coolheaded"],"picked":"Defragment+1","floor":30},{"not_picked":["Steam","Barrage+1","Beam Cell+1"],"picked":"SKIP","floor":31}],"player_experience":867374,"relics_obtained":[{"floor":6,"key":"Omamori"},{"floor":8,"key":"WingedGreaves"},{"floor":9,"key":"Bag of Marbles"},{"floor":11,"key":"Molten Egg 2"},{"floor":26,"key":"Mercury Hourglass"}],"event_choices":[{"damage_healed":0,"gold_gain":0,"player_choice":"Searched \u00271\u0027 times","damage_taken":0,"max_hp_gain":0,"max_hp_loss":0,"event_name":"Dead Adventurer","floor":11,"gold_loss":0},{"damage_healed":0,"gold_gain":0,"player_choice":"Got Potions","damage_taken":0,"max_hp_gain":0,"max_hp_loss":0,"event_name":"Lab","floor":25,"gold_loss":0},{"damage_healed":0,"gold_gain":50,"player_choice":"Stole From Cult","damage_taken":0,"max_hp_gain":0,"max_hp_loss":0,"event_name":"Nest","floor":28,"gold_loss":0}],"is_beta":false,"boss_relics":[{"not_picked":["Sozu","Ectoplasm"],"picked":"Snecko Eye"}],"items_purged_floors":[12,21],"is_endless":false,"potions_floor_spawned":[1,5,6,14,16,19,30],"killed_by":"Automaton","ascension_level":15}}