{"host":"zutuzvv732cf59m3","time":1611414977,"event":{"mods":["BaseMod","Downfall","Marisa????????","Minty Spire (QoL Compilation)","Prisma Mod","Quick Restart","READ ME - Guardian Mod","Shop Mod","StSLib","The Construct","The Cursed","The Disciple","The Senshi","The Servant 0.9.4"],"gold_per_floor":[115,115,132,132,57,86,86,86,113,124,149,175,190,210,210,284,334,346,271,289,302,319,319,330,330,330],"floor_reached":25,"language":"ENG","playtime":10373,"items_purged":["Defend_G"],"score":408,"play_id":"88ef7a5e-0ad0-43d6-ad5f-5bd78da467fd","local_time":"20210123221617","is_ascension_mode":true,"campfire_choices":[{"data":"Corpse Explosion","floor":7.0,"key":"SMITH"},{"floor":15.0,"key":"REST"},{"floor":23.0,"key":"REST"}],"circlet_count":0,"master_deck":["AscendersBane","Strike_G","Strike_G","Strike_G+1","Defend_G","Defend_G","Defend_G","Defend_G","Survivor","Neutralize","Corpse Explosion+1","Blur","Die Die Die","Dodge and Roll","Backflip","Deadly Poison+1","Escape Plan","Dodge and Roll+1"],"relics":["Ring of the Snake","NeowsBlessing","Torii","Shuriken","Bag of Marbles","Letter Opener","Strawberry","Tiny House"],"acts_visited":["Exordium","TheCity"],"potions_floor_usage":[25],"damage_taken":[{"damage":0.0,"enemies":"2 Louse","floor":1.0,"turns":1.0},{"damage":0.0,"enemies":"Jaw Worm","floor":3.0,"turns":1.0},{"damage":0.0,"enemies":"Lagavulin","floor":6.0,"turns":1.0},{"damage":0.0,"enemies":"Small Slimes","floor":10.0,"turns":3.0},{"damage":1.0,"enemies":"3 Sentries","floor":11.0,"turns":3.0},{"damage":0.0,"enemies":"2 Fungi Beasts","floor":13.0,"turns":2.0},{"damage":15.0,"enemies":"Exordium Thugs","floor":14.0,"turns":3.0},{"damage":32.0,"enemies":"Hexaghost","floor":16.0,"turns":14.0},{"damage":12.0,"enemies":"Chosen","floor":18.0,"turns":6.0},{"damage":20.0,"enemies":"Spheric Guardian","floor":20.0,"turns":5.0},{"damage":26.0,"enemies":"Snake Plant","floor":21.0,"turns":4.0},{"damage":2.0,"enemies":"Chosen and Byrds","floor":22.0,"turns":4.0},{"damage":12.0,"enemies":"Snecko","floor":24.0,"turns":6.0},{"damage":18,"enemies":"Gremlin Leader","floor":25,"turns":1}],"seed_played":"7534450504858188062","potions_obtained":[{"floor":10.0,"key":"Poison Potion"},{"floor":11.0,"key":"hexamod:SoulburnPotion"},{"floor":17.0,"key":"DuplicationPotion"},{"floor":18.0,"key":"Swift Potion"},{"floor":22.0,"key":"SneckoOil"},{"floor":24.0,"key":"BlessingOfTheForge"}],"is_trial":false,"path_per_floor":["M","?","M","?","$","E","R","?","T","M","E","T","M","M","R","B",null,"M","?","M","M","M","R","M","E"],"character_chosen":"THE_SILENT","items_purchased":[],"campfire_rested":2,"item_purchase_floors":[],"current_hp_per_floor":[59,41,41,34,34,34,34,34,34,34,33,40,40,25,46,14,63,51,51,31,5,3,26,14,0,0],"gold":330,"neow_bonus":"THREE_ENEMY_KILL","is_daily":false,"chose_seed":false,"campfire_upgraded":1,"win_rate":0.0,"timestamp":1611414977,"path_taken":["M","?","M","?","$","E","R","?","T","M","E","?","M","M","R","BOSS","M","?","M","M","M","R","M","E"],"items_purchased_type":[],"build_version":"2020-12-22","purchased_purges":1,"victory":false,"max_hp_per_floor":[66,66,66,66,66,66,66,66,66,66,66,73,73,73,73,73,78,78,78,78,78,78,78,78,78,78],"card_choices":[{"not_picked":["Flying Knee","Backflip","Setup"],"picked":"SKIP","floor":1.0},{"not_picked":["Tactician","Deflect"],"picked":"Corpse Explosion","floor":3.0},{"not_picked":["Wraith Form v2","Endless Agony"],"picked":"Blur","floor":6.0},{"not_picked":["PiercingWail","Masterful Stab","Poisoned Stab"],"picked":"SKIP","floor":10.0},{"not_picked":["Flying Knee","Glass Knife"],"picked":"Die Die Die","floor":11.0},{"not_picked":["PiercingWail","Dagger Spray","Accuracy"],"picked":"SKIP","floor":13.0},{"not_picked":["Backstab","Poisoned Stab"],"picked":"Dodge and Roll","floor":14.0},{"not_picked":["Sucker Punch","Cloak And Dagger"],"picked":"Backflip","floor":17.0},{"not_picked":["Distraction","All Out Attack"],"picked":"Deadly Poison+1","floor":18.0},{"not_picked":["Terror","Sucker Punch"],"picked":"Escape Plan","floor":20.0},{"not_picked":["Underhanded Strike","Deadly Poison","Deflect"],"picked":"SKIP","floor":21.0},{"not_picked":["Expertise","Sucker Punch+1","Infinite Blades"],"picked":"SKIP","floor":22.0},{"not_picked":["Predator","Deadly Poison"],"picked":"Dodge and Roll+1","floor":24.0}],"player_experience":1796768,"relics_obtained":[{"floor":6.0,"key":"Shuriken"},{"floor":9.0,"key":"Bag of Marbles"},{"floor":11.0,"key":"Letter Opener"},{"floor":12.0,"key":"Strawberry"}],"event_choices":[{"damage_healed":0.0,"max_hp_gain":0.0,"max_hp_loss":0.0,"gold_gain":0.0,"event_name":"Scrap Ooze","player_choice":"Success","floor":2.0,"gold_loss":0.0,"damage_taken":18.0,"relics_obtained":["Torii"]},{"cards_removed":["Strike_G"],"damage_healed":0.0,"max_hp_gain":0.0,"max_hp_loss":0.0,"gold_gain":0.0,"event_name":"Golden Wing","player_choice":"Card Removal","floor":4.0,"gold_loss":0.0,"damage_taken":7.0},{"damage_healed":0.0,"max_hp_gain":0.0,"max_hp_loss":0.0,"gold_gain":0.0,"event_name":"Liars Game","player_choice":"Ignored","floor":8.0,"gold_loss":0.0,"damage_taken":0.0},{"cards_removed":["Strike_G"],"damage_healed":0.0,"max_hp_gain":0.0,"max_hp_loss":0.0,"gold_gain":0.0,"event_name":"Beggar","player_choice":"Gave Gold","floor":19.0,"gold_loss":75.0,"damage_taken":0.0}],"is_beta":false,"boss_relics":[{"not_picked":["bronze:MakeshiftBattery","Runic Dome"],"picked":"Tiny House"}],"items_purged_floors":[5],"is_endless":false,"potions_floor_spawned":[10,11,18,20,22,24],"killed_by":"Gremlin Leader","ascension_level":14}}