{"host":"sr8h12zimc8zi8zs","time":1611375912,"event":{"mods":["2.2 Compatiblity","AchievementEnabler","BaseMod","CapriCore","GifTheSpireLib","Minty Spire (QoL Compilation)","Permanent Neow","Replay The Spire","StSLib"],"gold_per_floor":[116,116,133,148,108,135,135,153,180,196,226,226,226,238,238,338,338,351,351,351,369,384,384,411,411,438,438,214,238,238,250,250,346,346,360,340,352,368,378,378,391,391,417,435,435,451,60,72,72,72,72,72,21,49,49,49],"floor_reached":55,"language":"KOR","playtime":4408,"items_purged":[],"score":651,"play_id":"c86e9ec6-48cd-47ad-a626-fea49074503a","local_time":"20210123132512","is_ascension_mode":false,"campfire_choices":[{"data":"Replay:Many Hands","floor":7,"key":"SMITH"},{"floor":13,"key":"RECALL"},{"floor":15,"key":"REST"},{"data":"Shockwave","floor":23,"key":"SMITH"},{"data":"Pommel Strike","floor":25,"key":"SMITH"},{"data":"Bludgeon","floor":30,"key":"SMITH"},{"data":"Feel No Pain","floor":32,"key":"SMITH"},{"data":"Demon Form","floor":40,"key":"SMITH"},{"data":"Life Link","floor":45,"key":"SMITH"},{"data":"Iron Wave","floor":49,"key":"SMITH"},{"data":"Bash","floor":52,"key":"SMITH"}],"circlet_count":0,"master_deck":["Strike_R+1","Strike_R+1","Strike_R+1","Strike_R+1","Defend_R+1","Defend_R+1","Defend_R+1","Defend_R+1","Bash+1","Perfected Strike","Shrug It Off","Feel No Pain+1","Replay:Many Hands+1","Cleave+1","Shockwave+1","Pummel+1","Inflame","Iron Wave+1","Bludgeon+1","Exhume","Pommel Strike+1","Havoc+1","Corruption","Life Link+1","Ghostly Armor","Demon Form+1","Anger+1","Pommel Strike+1","Flex","Parasite","Body Slam+1","Inflame+1","Metallicize+1","Iron Wave+1"],"relics":["Burning Blood","Happy Flower","Lantern","Oddly Smooth Stone","Ring of Chaos","Pantograph","Red Skull","Nloth\u0027s Gift","MealTicket","Ancient Tea Set","Runic Pyramid","Whetstone","Bag of Marbles","Pear","ReplayTheSpireMod:Spearhead"],"acts_visited":["Exordium","TheCity","TheBeyond","TheEnding"],"potions_floor_usage":[6,11,18,22,24,37,38,39,41,50,54,55,55,55],"damage_taken":[{"damage":3,"enemies":"2 Louse","floor":1,"turns":3},{"damage":0,"enemies":"Cultist","floor":3,"turns":4},{"damage":0,"enemies":"Small Slimes","floor":4,"turns":4},{"damage":19,"enemies":"Lagavulin","floor":6,"turns":8},{"damage":1,"enemies":"3 Louse","floor":8,"turns":4},{"damage":8,"enemies":"Exordium Thugs","floor":10,"turns":5},{"damage":19,"enemies":"3 Sentries","floor":11,"turns":5},{"damage":0,"enemies":"Exordium Wildlife","floor":14,"turns":4},{"damage":50,"enemies":"The Guardian","floor":16,"turns":9},{"damage":9,"enemies":"Spheric Guardian","floor":18,"turns":6},{"damage":10,"enemies":"3 Byrds","floor":21,"turns":5},{"damage":17,"enemies":"Sentry and Sphere","floor":22,"turns":7},{"damage":10,"enemies":"Slavers","floor":24,"turns":6},{"damage":18,"enemies":"3 Cultists","floor":31,"turns":5},{"damage":40,"enemies":"Automaton","floor":33,"turns":9},{"damage":19,"enemies":"3 Darklings","floor":35,"turns":5},{"damage":5,"enemies":"Orb Walker","floor":37,"turns":4},{"damage":14,"enemies":"Jaw Worm Horde","floor":38,"turns":5},{"damage":4,"enemies":"Maw","floor":39,"turns":9},{"damage":11,"enemies":"Writhing Mass","floor":41,"turns":6},{"damage":2,"enemies":"Spire Growth","floor":44,"turns":4},{"damage":0,"enemies":"Transient","floor":46,"turns":5},{"damage":31,"enemies":"4 Shapes","floor":48,"turns":4},{"damage":51,"enemies":"Time Eater","floor":50,"turns":7},{"damage":30,"enemies":"Shield and Spear","floor":54,"turns":5},{"damage":93,"enemies":"The Heart","floor":55,"turns":8}],"seed_played":"2147770857366203430","potions_obtained":[{"floor":1,"key":"LiquidMemories"},{"floor":6,"key":"Adrenaline Potion"},{"floor":10,"key":"SteroidPotion"},{"floor":11,"key":"Fire Potion"},{"floor":16,"key":"LifebloodPotion"},{"floor":18,"key":"Weak Potion"},{"floor":33,"key":"Cursed Concoction"},{"floor":36,"key":"Cursed Concoction"},{"floor":37,"key":"Languid Potion"},{"floor":38,"key":"BloodPotion"},{"floor":39,"key":"Swift Potion"},{"floor":41,"key":"Weak Potion"},{"floor":54,"key":"EssenceOfSteel"}],"is_trial":false,"path_per_floor":["M","?","M","M","?","E","R","M","T","M","E","?","R","M","R","B",null,"M","?","?","M","M","R","E","R","T","?","$","T","R","M","R","B",null,"M","?","M","M","M","R","M","?","T","M","R","M","$","M","R","B",null,"R","$","E","B"],"character_chosen":"IRONCLAD","items_purchased":["Life Link","MealTicket","Bag of Marbles","Pear","Dexterity Potion"],"campfire_rested":1,"item_purchase_floors":[28,28,47,47,53],"current_hp_per_floor":[80,55,61,67,67,54,54,59,59,57,44,44,44,50,74,30,80,77,77,77,73,62,62,58,58,58,58,58,58,58,46,46,37,80,67,67,68,60,78,78,73,73,73,77,77,80,90,65,65,45,90,90,90,66,0,0],"gold":49,"neow_bonus":"RANDOM_COMMON_RELIC","is_daily":false,"chose_seed":false,"campfire_upgraded":9,"win_rate":0.0,"timestamp":1611375912,"path_taken":["M","?","M","M","?","E","R","M","T","M","E","?","R","?","R","BOSS","M","?","?","M","?","R","E","R","T","?","$","?","R","M","R","BOSS","M","?","M","?","M","R","M","?","T","M","R","?","$","M","R","BOSS","R","$","E","BOSS"],"items_purchased_type":["Card","Relic","Relic","Relic","Potion"],"build_version":"2020-12-22","purchased_purges":0,"victory":false,"max_hp_per_floor":[80,80,80,80,80,80,80,80,80,80,80,80,80,80,80,80,80,80,80,80,80,80,80,80,80,80,80,80,80,80,80,80,80,80,80,80,80,80,80,80,80,80,80,80,80,80,90,90,90,90,90,90,90,90,90,90],"card_choices":[{"not_picked":["ReplayTheSpireMod:LeadingStrike","Dark Embrace"],"picked":"Perfected Strike","floor":1},{"not_picked":["Heavy Blade","Disarm"],"picked":"Shrug It Off","floor":3},{"not_picked":["Havoc","Sword Boomerang"],"picked":"Feel No Pain","floor":4},{"not_picked":["Limit Break","Disarm"],"picked":"Replay:Many Hands","floor":6},{"not_picked":["Replay:Undeath\u0027s Touch","Havoc"],"picked":"Cleave","floor":8},{"not_picked":["Warcry","Evolve"],"picked":"Shockwave","floor":10},{"not_picked":["True Grit","Anger"],"picked":"Pummel","floor":11},{"not_picked":["Shrug It Off","Sword Boomerang"],"picked":"Inflame","floor":14},{"not_picked":["Bloodletting","Sword Boomerang"],"picked":"Iron Wave","floor":15},{"not_picked":["Double Tap","Impervious"],"picked":"Bludgeon","floor":16},{"not_picked":["Combust","Iron Wave+1","Bloodletting"],"picked":"SKIP","floor":18},{"not_picked":["Twin Strike","Power Through+1"],"picked":"Pommel Strike","floor":21},{"not_picked":["Rupture","Clothesline"],"picked":"Havoc+1","floor":22},{"not_picked":["True Grit","Twin Strike+1"],"picked":"Corruption","floor":24},{"not_picked":["Thunderclap+1","Sentinel"],"picked":"Ghostly Armor","floor":31},{"not_picked":["Replay:Many Hands","Bludgeon"],"picked":"Demon Form","floor":33},{"not_picked":["Replay:Undeath\u0027s Touch","Blood for Blood+1"],"picked":"Anger+1","floor":35},{"not_picked":["Headbutt","Iron Wave"],"picked":"Pommel Strike+1","floor":37},{"not_picked":["Clothesline+1","Replay:Undeath\u0027s Touch","Brutality"],"picked":"SKIP","floor":38},{"not_picked":["Sword Boomerang+1","Fire Breathing"],"picked":"Flex","floor":39},{"not_picked":["Flex+1","Sever Soul"],"picked":"Body Slam","floor":41},{"not_picked":["Whirlwind","Cleave"],"picked":"Inflame+1","floor":44},{"not_picked":["Fire Breathing+1","Twin Strike"],"picked":"Metallicize+1","floor":46},{"not_picked":["Entrench","Fiend Fire","Exhume"],"picked":"SKIP","floor":48},{"not_picked":["ReplayTheSpireMod:Strike From Hell","Reaper"],"picked":"Iron Wave+1","floor":54}],"player_experience":129239,"relics_obtained":[{"floor":6,"key":"Lantern"},{"floor":11,"key":"Oddly Smooth Stone"},{"floor":24,"key":"Pantograph"},{"floor":26,"key":"Red Skull"},{"floor":29,"key":"Ancient Tea Set"},{"floor":43,"key":"Whetstone"},{"floor":54,"key":"ReplayTheSpireMod:Spearhead"}],"event_choices":[{"damage_healed":0,"gold_gain":0,"player_choice":"Success","damage_taken":25,"relics_obtained":["Dream Catcher"],"max_hp_gain":0,"max_hp_loss":0,"event_name":"Scrap Ooze","floor":2,"gold_loss":0},{"damage_healed":0,"gold_gain":0,"player_choice":"Left Gold","damage_taken":0,"max_hp_gain":0,"max_hp_loss":0,"event_name":"World of Goop","floor":5,"gold_loss":40},{"damage_healed":0,"gold_gain":0,"player_choice":"Leave","damage_taken":0,"max_hp_gain":0,"max_hp_loss":0,"event_name":"FaceTrader","floor":12,"gold_loss":0},{"damage_healed":0,"gold_gain":0,"player_choice":"Simplicity","damage_taken":0,"max_hp_gain":0,"max_hp_loss":0,"event_name":"Back to Basics","floor":19,"gold_loss":0,"cards_upgraded":["Strike_R","Strike_R","Strike_R","Strike_R","Strike_R","Defend_R","Defend_R","Defend_R","Defend_R"]},{"damage_healed":0,"gold_gain":0,"cards_transformed":["Strike_R"],"player_choice":"Transformed","damage_taken":0,"max_hp_gain":0,"max_hp_loss":0,"event_name":"Transmorgrifier","floor":20,"gold_loss":0,"cards_obtained":["Exhume"]},{"damage_healed":0,"gold_gain":0,"player_choice":"Traded Relic","damage_taken":0,"relics_obtained":["Nloth\u0027s Gift"],"max_hp_gain":0,"max_hp_loss":0,"event_name":"N\u0027loth","floor":27,"relics_lost":["Dream Catcher"],"gold_loss":0},{"damage_healed":0,"gold_gain":0,"player_choice":"Bought 1 Potion","damage_taken":0,"max_hp_gain":0,"max_hp_loss":0,"event_name":"The Woman in Blue","floor":36,"gold_loss":0},{"damage_healed":0,"gold_gain":0,"player_choice":"Upgraded","damage_taken":0,"max_hp_gain":0,"max_hp_loss":0,"event_name":"Upgrade Shrine","floor":42,"gold_loss":0,"cards_upgraded":["Body Slam"]}],"is_beta":false,"boss_relics":[{"not_picked":["Tiny House","Mark of Pain"],"picked":"Ring of Chaos"},{"not_picked":["Philosopher\u0027s Stone","Busted Crown"],"picked":"Runic Pyramid"}],"items_purged_floors":[],"is_endless":false,"potions_floor_spawned":[1,6,10,11,16,18,21,33,37,38,39,41,46,54],"killed_by":"The Heart","ascension_level":0}}