{"host":"1tl36azeqm6yhdgj","time":1611401607,"event":{"mods":["AchievementEnabler","BaseMod","Minty Spire (QoL Compilation)","StSLib","The IronCluck","everything is the same but u backflip on backflip"],"gold_per_floor":[112,112,112,127,277,277,348,361,435,12,42,54,68,81,81,152,152,170,170,170,6,25,25,25,25],"floor_reached":24,"language":"ENG","playtime":587,"items_purged":["Strike_R"],"score":392,"play_id":"d7424aee-0020-459e-8c40-f42899b60afc","local_time":"20210123063327","is_ascension_mode":true,"campfire_choices":[{"data":"Bash","floor":6.0,"key":"SMITH"},{"data":"Fire Breathing","floor":15.0,"key":"SMITH"},{"floor":23.0,"key":"REST"}],"circlet_count":0,"master_deck":["AscendersBane","Bash+1","Clothesline","Fire Breathing+1","Clash+1","Thunderclap+1","Body Slam+1","Rampage+1","Demon Form","Sword Boomerang+1","Pummel+1","Cleave+1","Hemokinesis+1","Heavy Blade+1","Rampage+1","Iron Wave+1","Second Wind","Anger+1","Flame Barrier"],"relics":["Burning Blood","Omamori","Kunai","FossilizedHelix","Mummified Hand","Molten Egg 2","Boot","Pandora\u0027s Box","Enchiridion","Juzu Bracelet"],"acts_visited":["Exordium","TheCity"],"potions_floor_usage":[24],"damage_taken":[{"damage":16.0,"enemies":"Jaw Worm","floor":1.0,"turns":4.0},{"damage":1.0,"enemies":"Cultist","floor":4.0,"turns":4.0},{"damage":0.0,"enemies":"2 Louse","floor":8.0,"turns":3.0},{"damage":19.0,"enemies":"3 Sentries","floor":11.0,"turns":4.0},{"damage":0.0,"enemies":"Blue Slaver","floor":12.0,"turns":3.0},{"damage":0.0,"enemies":"3 Louse","floor":13.0,"turns":2.0},{"damage":0.0,"enemies":"Looter","floor":14.0,"turns":3.0},{"damage":39.0,"enemies":"The Guardian","floor":16.0,"turns":13.0},{"damage":19.0,"enemies":"2 Thieves","floor":18.0,"turns":3.0},{"damage":0.0,"enemies":"Spheric Guardian","floor":22.0,"turns":3.0},{"damage":54,"enemies":"Book of Stabbing","floor":24,"turns":4}],"seed_played":"4485134344540755570","potions_obtained":[{"floor":1.0,"key":"DistilledChaos"},{"floor":8.0,"key":"SteroidPotion"},{"floor":12.0,"key":"Block Potion"},{"floor":14.0,"key":"SteroidPotion"},{"floor":22.0,"key":"SpeedPotion"}],"is_trial":false,"path_per_floor":["M","?","?","M","?","R","?","M","T","$","E","M","M","M","R","B",null,"M","?","?","$","M","R","E"],"character_chosen":"IRONCLAD","items_purchased":["Fire Breathing","Molten Egg 2","Juzu Bracelet"],"campfire_rested":1,"item_purchase_floors":[10,10,21],"current_hp_per_floor":[58,32,32,37,37,37,37,43,43,43,30,36,42,48,48,15,60,47,47,26,26,32,54,0,0],"gold":25,"neow_bonus":"RANDOM_COMMON_RELIC","is_daily":false,"chose_seed":false,"campfire_upgraded":2,"win_rate":0.0,"timestamp":1611401607,"path_taken":["M","?","?","?","?","R","?","M","T","?","E","M","M","M","R","BOSS","M","?","?","$","M","R","E"],"items_purchased_type":["Card","Relic","Relic"],"build_version":"2020-12-22","purchased_purges":1,"victory":false,"max_hp_per_floor":[75,75,75,75,75,75,75,75,75,75,75,75,75,75,75,75,75,75,75,75,75,75,75,75,75],"card_choices":[{"not_picked":["Ghostly Armor","Perfected Strike"],"picked":"Infernal Blade","floor":1.0},{"not_picked":["Perfected Strike","Combust","Havoc"],"picked":"SKIP","floor":4.0},{"not_picked":["Pommel Strike","Heavy Blade"],"picked":"Clothesline","floor":8.0},{"not_picked":["Sentinel","Wild Strike+1"],"picked":"Clash+1","floor":11.0},{"not_picked":["Havoc","Warcry"],"picked":"Thunderclap+1","floor":12.0},{"not_picked":["Pommel Strike+1","Heavy Blade+1"],"picked":"Body Slam+1","floor":13.0},{"not_picked":["Intimidate","Headbutt+1"],"picked":"Rampage+1","floor":14.0},{"not_picked":["Fiend Fire+1","Barricade"],"picked":"Demon Form","floor":16.0},{"not_picked":["Pommel Strike+1","Armaments","Second Wind"],"picked":"SKIP","floor":18.0},{"not_picked":["Anger+1","True Grit"],"picked":"Flame Barrier","floor":22.0}],"player_experience":2023183,"relics_obtained":[{"floor":9.0,"key":"Mummified Hand"},{"floor":11.0,"key":"Boot"},{"floor":20.0,"key":"Enchiridion"}],"event_choices":[{"damage_healed":0.0,"max_hp_gain":0.0,"max_hp_loss":0.0,"gold_gain":0.0,"event_name":"Scrap Ooze","player_choice":"Success","floor":2.0,"gold_loss":0.0,"damage_taken":26.0,"relics_obtained":["Kunai"]},{"cards_removed":["Infernal Blade"],"damage_healed":0.0,"max_hp_gain":0.0,"max_hp_loss":0.0,"gold_gain":0.0,"event_name":"WeMeetAgain","player_choice":"Gave Card","floor":3.0,"gold_loss":0.0,"damage_taken":0.0,"relics_obtained":["FossilizedHelix"]},{"damage_healed":0.0,"max_hp_gain":0.0,"max_hp_loss":0.0,"gold_gain":150.0,"event_name":"Liars Game","player_choice":"AGREE","floor":5.0,"gold_loss":0.0,"damage_taken":0.0,"cards_obtained":["Doubt"]},{"damage_healed":0.0,"max_hp_gain":0.0,"max_hp_loss":0.0,"gold_gain":71.0,"event_name":"Golden Wing","player_choice":"Gained Gold","floor":7.0,"gold_loss":0.0,"damage_taken":0.0},{"damage_healed":0.0,"max_hp_gain":0.0,"max_hp_loss":0.0,"gold_gain":0.0,"event_name":"The Library","player_choice":"Read","floor":19.0,"gold_loss":0.0,"damage_taken":0.0,"cards_obtained":["Anger"]},{"damage_healed":0.0,"max_hp_gain":0.0,"max_hp_loss":0.0,"gold_gain":0.0,"event_name":"Cursed Tome","player_choice":"Obtained Book","floor":20.0,"gold_loss":0.0,"damage_taken":21.0}],"is_beta":false,"boss_relics":[{"not_picked":["Mark of Pain","Runic Cube"],"picked":"Pandora\u0027s Box"}],"items_purged_floors":[10],"is_endless":false,"potions_floor_spawned":[1,8,12,13,14,22],"killed_by":"Book of Stabbing","ascension_level":20}}