{"host":"y8wac9ql2zokztpr","time":1611378364,"event":{"mods":["Bartender","BaseMod","Curses Come First","Downfall","Gremlin Mod","Minty Spire (QoL Compilation)","Replay The Spire","Spicy Shops","StSLib","The Hierophant","TheHero"],"gold_per_floor":[112,212,224,241,258,292,292,311,311,311,323,351,371,384,384,483,483,497,515,12,12,28,28,38,38,38,38,117,135,151,161,193,213,213,310,310,328,11,25,44,17,17,37,48,48,48,80,80,96,116,116,116,116,116,0,27,67],"floor_reached":58,"language":"ENG","playtime":4267,"items_purged":[],"score":1203,"play_id":"81306eef-289d-4a20-856d-26c6c6d73d4e","local_time":"20210123000604","is_ascension_mode":false,"campfire_choices":[{"data":"Dramatic Entrance","floor":7.0,"key":"SMITH"},{"data":"Beat_Rush","floor":7.0,"key":"SMITH"},{"data":"Vortex","floor":10.0,"key":"SMITH"},{"data":"Dragonkick","floor":10.0,"key":"SMITH"},{"data":"Center_Self","floor":15.0,"key":"SMITH"},{"data":"Fading_Blow","floor":15.0,"key":"SMITH"},{"data":"Vortex","floor":23.0,"key":"SMITH"},{"data":"Momentum","floor":23.0,"key":"SMITH"},{"floor":25.0,"key":"RECALL"},{"floor":34.0,"key":"REST"},{"data":"Mayhem","floor":42.0,"key":"SMITH"},{"data":"Spirits_Within","floor":42.0,"key":"SMITH"},{"data":"Rising_Crane","floor":46.0,"key":"SMITH"},{"data":"With_A_Twist","floor":46.0,"key":"SMITH"},{"floor":48.0,"key":"REST"},{"data":"Free_Pour","floor":51.0,"key":"SMITH"},{"data":"With_A_Twist","floor":51.0,"key":"SMITH"},{"data":"Ball_Of_Ice","floor":54.0,"key":"SMITH"},{"data":"Greased_Lightning","floor":54.0,"key":"SMITH"}],"circlet_count":0,"master_deck":["Strike_Bartender","Strike_Bartender","Strike_Bartender","Strike_Bartender","Defend_Bartender","Defend_Bartender","Defend_Bartender","Defend_Bartender","Somersault","Dramatic Entrance+1","Dragonkick+1","Fading_Blow+1","Vortex","Fading_Blow","Beat_Rush+1","Vortex","Coeurl_Form","Center_Self+1","Sucker_Punch","Tornado_Kick","Liquid_Armor+1","Momentum+1","Step_Of_The_Wind+1","Feint+1","With_A_Twist+1","Fight_Dirty+1","Wall_of_Ice+1","Greased_Lightning+1","Cross+1","With_A_Twist+1","Pony_Shot","Spirits_Within+1","With_A_Twist+1","Mayhem+1","Dancing_Jab+1","Ball_Of_Ice+1","Free_Pour+1","Parasite","Ball_Of_Ice+1","Rising_Crane+1","Normality","Dart+1","Ripple+1","Bitters+1","Alacrity","Fading_Blow+1"],"relics":["Sneakers","Replay:Arrowhead","Divine Protection","Replay:Accelerometer","Painkiller Herb","Shuriken","Toolbox","OrangePellets","Letter Opener","Cursed Key","Membership Card","Lee\u0027s Waffle","Ginger","White Beast Statue","Du-Vu Doll","Sling","Replay:Bandana"],"acts_visited":["Exordium","TheCity","TheBeyond","TheEnding"],"potions_floor_usage":[56,57],"damage_taken":[{"damage":0.0,"enemies":"2 Louse","floor":1.0,"turns":2.0},{"damage":1.0,"enemies":"Cultist","floor":3.0,"turns":3.0},{"damage":0.0,"enemies":"Jaw Worm","floor":4.0,"turns":4.0},{"damage":0.0,"enemies":"Exordium Wildlife","floor":5.0,"turns":3.0},{"damage":3.0,"enemies":"3 Sentries","floor":6.0,"turns":8.0},{"damage":0.0,"enemies":"Large Slime","floor":8.0,"turns":2.0},{"damage":0.0,"enemies":"Blue Slaver","floor":11.0,"turns":3.0},{"damage":10.0,"enemies":"Lagavulin","floor":12.0,"turns":5.0},{"damage":0.0,"enemies":"Looter","floor":13.0,"turns":3.0},{"damage":0.0,"enemies":"Gremlin Gang","floor":14.0,"turns":1.0},{"damage":1.0,"enemies":"Slime Boss","floor":16.0,"turns":8.0},{"damage":2.0,"enemies":"Shell Parasite","floor":18.0,"turns":2.0},{"damage":2.0,"enemies":"2 Thieves","floor":19.0,"turns":3.0},{"damage":2.0,"enemies":"Chosen and Byrds","floor":22.0,"turns":4.0},{"damage":15.0,"enemies":"Snake Plant","floor":24.0,"turns":4.0},{"damage":0.0,"enemies":"Centurion and Healer","floor":29.0,"turns":4.0},{"damage":0.0,"enemies":"Snecko","floor":30.0,"turns":5.0},{"damage":0.0,"enemies":"Cultist and Chosen","floor":31.0,"turns":4.0},{"damage":5.0,"enemies":"Replay:Snechameleon","floor":32.0,"turns":4.0},{"damage":0.0,"enemies":"Centurion and Healer","floor":33.0,"turns":4.0},{"damage":2.0,"enemies":"Champ","floor":35.0,"turns":6.0},{"damage":21.0,"enemies":"3 Shapes","floor":37.0,"turns":3.0},{"damage":0.0,"enemies":"Orb Walker","floor":39.0,"turns":3.0},{"damage":18.0,"enemies":"Jaw Worm Horde","floor":40.0,"turns":3.0},{"damage":0.0,"enemies":"Writhing Mass","floor":43.0,"turns":4.0},{"damage":1.0,"enemies":"Maw","floor":44.0,"turns":5.0},{"damage":10.0,"enemies":"4 Shapes","floor":47.0,"turns":5.0},{"damage":0.0,"enemies":"Spire Growth","floor":49.0,"turns":3.0},{"damage":2.0,"enemies":"3 Darklings","floor":50.0,"turns":4.0},{"damage":26.0,"enemies":"Donu and Deca","floor":52.0,"turns":7.0},{"damage":0,"enemies":"Shield and Spear","floor":56,"turns":5},{"damage":80,"enemies":"The Heart","floor":57,"turns":9}],"seed_played":"2751077682810133841","potions_obtained":[{"floor":1.0,"key":"SneckoOil"},{"floor":4.0,"key":"Dexterity Potion"},{"floor":11.0,"key":"BlessingOfTheForge"},{"floor":12.0,"key":"Dexterity Potion"},{"floor":13.0,"key":"LiquidBronze"},{"floor":16.0,"key":"Strength Potion"},{"floor":19.0,"key":"Venom Potion"},{"floor":22.0,"key":"hexamod:SoulburnPotion"},{"floor":30.0,"key":"Fire Potion"},{"floor":32.0,"key":"hexamod:SoulburnPotion"},{"floor":33.0,"key":"Languid Potion"},{"floor":35.0,"key":"Ancient Potion"},{"floor":37.0,"key":"AttackPotion"},{"floor":39.0,"key":"Dexterity Potion"},{"floor":47.0,"key":"sneckomod:MuddlingPotion"},{"floor":49.0,"key":"Fruit Juice"},{"floor":50.0,"key":"ColorlessPotion"},{"floor":56,"key":"LifebloodPotion"}],"is_trial":false,"path_per_floor":["M","?","M","M","M","E","R","M","T","R","M","E","M","M","R","B",null,"?","?","T","?","?","T","?","T","PTL","PTL","T","?","?","?","E","?","T","B",null,"?","T","?","?","T","T","?","?","T","T","?","T","?","?","T","B",null,"T","T","E","B",null],"character_chosen":"BARTENDER","items_purchased":["Shuriken","Toolbox","OrangePellets","Feint+1","Membership Card","Mayhem","Lee\u0027s Waffle","Free_Pour","Ginger","Du-Vu Doll","Sling","Alacrity"],"campfire_rested":2,"item_purchase_floors":[20,20,20,20,38,38,38,41,41,55,55,55],"current_hp_per_floor":[70,70,69,69,69,66,66,66,66,66,66,56,56,56,56,55,70,68,66,66,66,64,64,49,49,49,49,49,49,49,49,44,44,65,63,70,49,77,77,59,59,59,59,58,58,58,48,71,71,74,74,48,82,82,82,82,2],"gold":67,"neow_bonus":"RANDOM_COLORLESS","is_daily":false,"chose_seed":false,"campfire_upgraded":16,"win_rate":0.0,"timestamp":1611378364,"path_taken":["M","?","M","M","?","E","R","?","T","R","?","E","M","M","R","BOSS","?","?","T","?","?","T","?","T","PTL","PTL","T","?","?","?","E","?","T","BOSS","?","T","?","?","T","T","?","?","T","T","?","T","?","?","T","BOSS","T","T","E","BOSS"],"items_purchased_type":["Relic","Relic","Relic","Card","Relic","Card","Relic","Card","Relic","Relic","Relic","Card"],"build_version":"2020-12-22","purchased_purges":0,"victory":true,"max_hp_per_floor":[70,70,70,70,70,70,70,70,70,70,70,70,70,70,70,70,70,70,70,70,70,70,70,70,70,70,70,70,70,70,70,70,70,70,70,70,70,77,77,77,77,77,77,77,77,77,77,77,77,82,82,82,82,82,82,82,82],"card_choices":[{"not_picked":["Madness","Bandage Up"],"picked":"Dramatic Entrance","floor":0.0},{"not_picked":["Stick_and_Move","Hook"],"picked":"Dragonkick","floor":1.0},{"not_picked":["Snap_Punch","Training_Dummy"],"picked":"Fading_Blow","floor":3.0},{"not_picked":["Snap_Punch","Tornado_Kick"],"picked":"Vortex","floor":4.0},{"not_picked":["Snap_Punch","Greased_Lightning"],"picked":"Fading_Blow","floor":5.0},{"not_picked":["High_Tide","Ripple"],"picked":"Beat_Rush","floor":6.0},{"not_picked":["Press_Forward","Stick_and_Move"],"picked":"Vortex","floor":8.0},{"not_picked":["Fading_Blow","Wall_of_Ice"],"picked":"Coeurl_Form","floor":11.0},{"not_picked":["Scowl","Dolphin_Blow"],"picked":"Center_Self","floor":12.0},{"not_picked":["RockBreaker","Stick_and_Move"],"picked":"Sucker_Punch","floor":13.0},{"not_picked":["Glare","ThreeSidedStar"],"picked":"Tornado_Kick","floor":14.0},{"not_picked":["Top_Shelf","Windup"],"picked":"Liquid_Armor","floor":16.0},{"not_picked":["Stick_and_Move+1","Greased_Lightning"],"picked":"Momentum","floor":18.0},{"not_picked":["Fading_Blow","Coeurl_Form"],"picked":"Step_Of_The_Wind+1","floor":19.0},{"not_picked":["Pony_Shot+1","Foot_Thrust"],"picked":"With_A_Twist","floor":22.0},{"not_picked":["Greased_Lightning","Bicycle_Kick"],"picked":"Fight_Dirty+1","floor":24.0},{"not_picked":["Scoop+1","Dragonkick+1"],"picked":"Wall_of_Ice+1","floor":29.0},{"not_picked":["Top_Shelf","Sucker_Punch+1"],"picked":"Greased_Lightning","floor":30.0},{"not_picked":["Power_Up_Punch","Coeurl_Form"],"picked":"Cross+1","floor":31.0},{"not_picked":["Foot_Thrust+1","Hook"],"picked":"With_A_Twist+1","floor":32.0},{"not_picked":["Fight_Dirty","Stick_and_Move"],"picked":"Pony_Shot","floor":33.0},{"not_picked":["Liquid_Armor","Butterfly_Float"],"picked":"Spirits_Within","floor":35.0},{"not_picked":["On_The_House+1","Alacrity+1"],"picked":"With_A_Twist","floor":37.0},{"not_picked":["Tornado_Kick+1","With_A_Twist"],"picked":"Dancing_Jab+1","floor":39.0},{"not_picked":["Hook","Combo_Master"],"picked":"Ball_Of_Ice","floor":40.0},{"not_picked":["With_A_Twist","Foot_Thrust+1"],"picked":"Ball_Of_Ice+1","floor":43.0},{"not_picked":["Center_Self","Cross+1"],"picked":"Rising_Crane","floor":44.0},{"not_picked":["Hook+1","Greased_Lightning"],"picked":"Dart+1","floor":47.0},{"not_picked":["Sucker_Punch+1","Dancing_Jab+1"],"picked":"Ripple+1","floor":49.0},{"not_picked":["Alacrity","On_The_Rocks"],"picked":"Bitters+1","floor":50.0},{"not_picked":["Dancing_Jab","High_Tide"],"picked":"Fading_Blow+1","floor":56}],"player_experience":350513,"relics_obtained":[{"floor":6.0,"key":"Replay:Arrowhead"},{"floor":9.0,"key":"Divine Protection"},{"floor":12.0,"key":"Replay:Accelerometer"},{"floor":32.0,"key":"Letter Opener"},{"floor":45.0,"key":"White Beast Statue"},{"floor":56,"key":"Replay:Bandana"}],"event_choices":[{"damage_healed":0.0,"max_hp_gain":0.0,"max_hp_loss":0.0,"gold_gain":100.0,"event_name":"Golden Shrine","player_choice":"Pray","floor":2.0,"gold_loss":0.0,"damage_taken":0.0},{"damage_healed":0.0,"max_hp_gain":0.0,"max_hp_loss":0.0,"gold_gain":0.0,"event_name":"Upgrade Shrine","player_choice":"Upgraded","floor":21.0,"gold_loss":0.0,"damage_taken":0.0,"cards_upgraded":["Liquid_Armor"]}],"is_beta":false,"boss_relics":[{"not_picked":["Silver_Glasses","Astrolabe"],"picked":"Painkiller Herb"},{"not_picked":["Snecko Eye","Replay:Wanted Poster"],"picked":"Cursed Key"}],"items_purged_floors":[],"is_endless":false,"potions_floor_spawned":[1,4,11,12,13,16,19,22,30,32,33,35,37,39,47,49,50,56],"ascension_level":0}}