{"host":"d7y1n6cxafpq47nx","time":1611397388,"event":{"mods":["BaseMod","Downfall","Marisa£®ÏF”Í°°ƒß¿Ì…≥£©","Minty Spire (QoL Compilation)","Remilia£®¿Ÿ√◊¿Ú—«£©","StSLib","The Bug Knight","The Servant 0.9.4"],"gold_per_floor":[99,99,99,549,541,568,568,634,118,18,29,29,44,29,44,155,155,155,169,169,169,189,189,212,226,126,145,145,145,145,145],"floor_reached":29,"language":"ZHS","playtime":4638,"items_purged":[],"score":269,"play_id":"7d78dfac-03a7-46b1-8aa1-125888b67382","local_time":"20210123182308","is_ascension_mode":false,"campfire_choices":[{"floor":1,"key":"RECALL"},{"data":"downfall:Icky","floor":10,"key":"PURGE"},{"floor":12,"key":"REST"},{"data":"Shame","floor":18,"key":"PURGE"},{"data":"hexamod:ExtraCrispy","floor":23,"key":"SMITH"},{"data":"Pride","floor":26,"key":"PURGE"}],"circlet_count":0,"master_deck":["hexamod:Strike","hexamod:Strike","hexamod:Strike","hexamod:Strike","hexamod:Defend","hexamod:Defend","hexamod:Defend","hexamod:Defend","hexamod:Sear","hexamod:Float+1","hexamod:FlamesFromBeyond","hexamod:FirstSeal","hexamod:SecondSeal","hexamod:ThirdSeal","hexamod:SearingWound","hexamod:SpectersWail+1","hexamod:InspiringFlames","hexamod:GhostflameBarrier","hexamod:ExtraCrispy+1","hexamod:GhostShield","hexamod:RadiantFlame","hexamod:EtherealExpedition","hexamod:NightmareGuise","hexamod:BurningTouch","hexamod:FastForward","hexamod:VolcanoVisage+1","hexamod:SixthSeal","downfall:Bewildered","Thinking Ahead+1","hexamod:RainOfEmbers","hexamod:SoulSteal","Necronomicurse","hexamod:ShieldOfDarkness","hexamod:ShieldOfDarkness","hexamod:TurnItUp","hexamod:InspiringFlames+1","hexamod:GhostLash+1"],"relics":["hexamod:SpiritBrand","downfall:HeartsMalice","MealTicket","TungstenRod","Oddly Smooth Stone","Peace Pipe","downfall:HeartBlessingRed","Astrolabe","Bird Faced Urn","Necronomicon","downfall:HeartBlessingBlue"],"acts_visited":["Exordium","TheCity"],"potions_floor_usage":[15,16,16,27],"damage_taken":[{"damage":0,"enemies":"Small Slimes","floor":2,"turns":1},{"damage":0,"enemies":"Jaw Worm","floor":3,"turns":1},{"damage":0,"enemies":"HollowMod:MossKnight","floor":6,"turns":1},{"damage":47,"enemies":"Gremlin Nob","floor":8,"turns":6},{"damage":5,"enemies":"downfall:FleeingMerchant","floor":9,"turns":4},{"damage":12,"enemies":"2 Louse","floor":11,"turns":3},{"damage":11,"enemies":"Blue Slaver","floor":13,"turns":4},{"damage":0,"enemies":"downfall:FleeingMerchant","floor":14,"turns":4},{"damage":0,"enemies":"Exordium Wildlife","floor":15,"turns":1},{"damage":19,"enemies":"IC_STATUS_ARCHETYPE","floor":16,"turns":7},{"damage":0,"enemies":"3 Byrds","floor":19,"turns":3},{"damage":9,"enemies":"Chosen","floor":22,"turns":6},{"damage":26,"enemies":"Sentry and Sphere","floor":25,"turns":7},{"damage":29,"enemies":"Chosen and Byrds","floor":27,"turns":9},{"damage":54,"enemies":"Gremlin Leader","floor":29,"turns":5}],"seed_played":"7438818715456549948","potions_obtained":[{"floor":11,"key":"Explosive Potion"},{"floor":13,"key":"Fire Potion"},{"floor":15,"key":"Fire Potion"},{"floor":19,"key":"Guardian:BlockOnCardUsePotion"},{"floor":25,"key":"DistilledChaos"}],"is_trial":false,"path_per_floor":["R","M","M","?","?","E","T","?","$","R","M","R","M","$","M","B",null,"R","M","?","?","M","R","T","M","R","M","?","E"],"character_chosen":"THE_SPIRIT","items_purchased":["hexamod:ExtraCrispy","Peace Pipe","Magnetism"],"campfire_rested":1,"item_purchase_floors":[9,9,9],"current_hp_per_floor":[70,70,70,70,63,63,63,23,40,40,35,56,52,70,70,58,70,70,70,70,55,61,61,61,52,62,52,45,0,0,0],"gold":145,"neow_bonus":"THREE_ENEMY_KILL","is_daily":false,"chose_seed":false,"campfire_upgraded":1,"win_rate":0.0,"timestamp":1611397388,"path_taken":["R","M","M","?","?","E","T","?","?","R","M","R","?","$","M","BOSS","R","M","?","?","M","R","T","M","R","M","?","E"],"items_purchased_type":["Card","Relic","Card"],"build_version":"2020-12-22","purchased_purges":0,"victory":false,"max_hp_per_floor":[70,70,70,70,70,70,70,70,70,70,70,70,70,70,70,70,70,70,70,70,70,70,70,70,70,80,80,80,80,80,80],"card_choices":[{"not_picked":["hexamod:HeatMetal","hexamod:AdvancingGuard"],"picked":"hexamod:FlamesFromBeyond","floor":2},{"not_picked":["hexamod:ChargedBarrage","hexamod:FastForward"],"picked":"hexamod:HauntingEcho","floor":3},{"not_picked":["hexamod:FourthSeal","hexamod:UnleashSpirits"],"picked":"hexamod:SearingWound","floor":6},{"not_picked":["hexamod:RecurringNightmare","hexamod:GhostLash"],"picked":"hexamod:SpectersWail","floor":8},{"not_picked":["hexamod:NightmareGuise","hexamod:HauntingEcho"],"picked":"hexamod:InspiringFlames","floor":9},{"not_picked":["hexamod:NightmareGuise","hexamod:RecurringNightmare"],"picked":"hexamod:GhostflameBarrier","floor":9},{"not_picked":["hexamod:InspiringFlames","hexamod:UnlimitedPower"],"picked":"hexamod:GhostShield","floor":11},{"not_picked":["hexamod:SpectersWail","hexamod:Hexaguard"],"picked":"hexamod:RadiantFlame","floor":11},{"not_picked":["hexamod:StepThrough","hexamod:SpectralAdrenaline"],"picked":"hexamod:EtherealExpedition","floor":13},{"not_picked":["hexamod:ThirdSeal","hexamod:InspiringFlames"],"picked":"hexamod:NightmareGuise","floor":13},{"not_picked":["hexamod:GhostShield","hexamod:NightmareStrike"],"picked":"hexamod:BurningTouch","floor":14},{"not_picked":["hexamod:RetreatToShadows","hexamod:NightmareStrike"],"picked":"hexamod:FastForward","floor":15},{"not_picked":["hexamod:WildfireWeapon","hexamod:TurnItUp"],"picked":"hexamod:VolcanoVisage","floor":16},{"not_picked":["hexamod:TurnItUp","hexamod:UnleashSpirits"],"picked":"hexamod:SixthSeal","floor":16},{"not_picked":["hexamod:Rewind+1","hexamod:HeatMetal"],"picked":"hexamod:RainOfEmbers","floor":19},{"not_picked":["hexamod:ThermalTransfer","hexamod:ThirdSeal"],"picked":"hexamod:SoulSteal","floor":19},{"not_picked":["hexamod:GhostOfSpirePast","hexamod:FlamesFromBeyond"],"picked":"hexamod:ShieldOfDarkness","floor":22},{"not_picked":["hexamod:RainOfEmbers","hexamod:Firestarter+1"],"picked":"hexamod:ShieldOfDarkness","floor":22},{"not_picked":["hexamod:ExtraCrispy","hexamod:SwordOfDarkness"],"picked":"hexamod:TurnItUp","floor":25},{"not_picked":["hexamod:NightmareStrike","hexamod:HauntingEcho"],"picked":"hexamod:InspiringFlames+1","floor":25},{"not_picked":["hexamod:ShieldOfDarkness+1","hexamod:GhostShield"],"picked":"hexamod:GhostLash+1","floor":27}],"player_experience":78257,"relics_obtained":[{"floor":6,"key":"MealTicket"},{"floor":7,"key":"TungstenRod"},{"floor":8,"key":"Oddly Smooth Stone"},{"floor":21,"key":"Necronomicon"}],"event_choices":[{"damage_healed":0,"gold_gain":0,"player_choice":"Stole Relic","damage_taken":0,"relics_obtained":["Bird Faced Urn"],"max_hp_gain":0,"max_hp_loss":0,"event_name":"Addict","floor":20,"gold_loss":0,"cards_obtained":["Pride"]}],"is_beta":false,"boss_relics":[{"not_picked":["Black Star","Fusion Hammer"],"picked":"Astrolabe"}],"items_purged_floors":[],"is_endless":false,"potions_floor_spawned":[11,13,15,19,25],"killed_by":"Gremlin Leader","ascension_level":0}}