{"host":"ypphcgdomtfqpc2w","time":1611409370,"event":{"mods":["BaseMod","DeckTracker","Minty Spire (QoL Compilation)","Relic Stats","StSLib"],"gold_per_floor":[113,125,140,158,1,1,15,31,83,104,139,153,153,180,180,256,256,274,289,289,317,44,44,69,69,145,175,41,51,62,87,87,164,164,183,199,219,24,49,75,75,75,75,75,106,155,167,200,200,200,200,200,200,9,37,37],"floor_reached":57,"language":"ENG","playtime":4809,"items_purged":["Strike_R","Strike_R","Bash"],"score":3180,"play_id":"5eeba6fd-d990-4580-865f-2440b6486935","local_time":"20210123224250","is_ascension_mode":true,"campfire_choices":[{"data":"Shrug It Off","floor":6.0,"key":"SMITH"},{"data":"Sever Soul","floor":13.0,"key":"SMITH"},{"data":"Barricade","floor":15,"key":"SMITH"},{"floor":23,"key":"REST"},{"data":"Armaments","floor":25,"key":"SMITH"},{"data":"Uppercut","floor":32,"key":"SMITH"},{"data":"Shockwave","floor":42,"key":"SMITH"},{"floor":44,"key":"RECALL"},{"data":"Second Wind","floor":49,"key":"SMITH"},{"data":"Brutality","floor":53,"key":"SMITH"}],"circlet_count":0,"master_deck":["AscendersBane","Defend_R","Defend_R+1","Defend_R","Shrug It Off+1","Headbutt","Shockwave+1","Sever Soul+1","Brutality+1","Thunderclap","Barricade+1","Power Through","Spot Weakness+1","Fiend Fire","Armaments+1","Shrug It Off","Disarm","Armaments+1","Fire Breathing","Uppercut+1","Second Wind+1","Corruption","Burning Pact+1","True Grit+1"],"relics":["Burning Blood","Membership Card","PreservedInsect","Odd Mushroom","Art of War","Eternal Feather","Snecko Eye","Red Mask","Centennial Puzzle","HandDrill","Bag of Marbles","Shuriken","Pen Nib","Anchor","Sundial","Busted Crown","Potion Belt","TheAbacus","Magic Flower","Akabeko","Unceasing Top","Dead Branch","Oddly Smooth Stone","War Paint"],"acts_visited":["Exordium","TheCity","TheBeyond","TheEnding"],"potions_floor_usage":[16,19,27,39,40,56,56,56,56],"damage_taken":[{"damage":6.0,"enemies":"Cultist","floor":1.0,"turns":3.0},{"damage":5.0,"enemies":"2 Louse","floor":2.0,"turns":3.0},{"damage":0.0,"enemies":"Jaw Worm","floor":3.0,"turns":5.0},{"damage":4.0,"enemies":"Blue Slaver","floor":4.0,"turns":6.0},{"damage":1.0,"enemies":"2 Fungi Beasts","floor":7.0,"turns":4.0},{"damage":5.0,"enemies":"Exordium Wildlife","floor":8.0,"turns":6.0},{"damage":31.0,"enemies":"The Mushroom Lair","floor":10.0,"turns":6.0},{"damage":13.0,"enemies":"Lagavulin","floor":11.0,"turns":5.0},{"damage":12.0,"enemies":"3 Louse","floor":12.0,"turns":3.0},{"damage":15.0,"enemies":"3 Sentries","floor":14.0,"turns":8.0},{"damage":36,"enemies":"The Guardian","floor":16,"turns":15},{"damage":0,"enemies":"3 Byrds","floor":18,"turns":4},{"damage":7,"enemies":"2 Thieves","floor":19,"turns":3},{"damage":61,"enemies":"Masked Bandits","floor":21,"turns":7},{"damage":7,"enemies":"Gremlin Leader","floor":27,"turns":4},{"damage":0,"enemies":"Centurion and Healer","floor":29,"turns":4},{"damage":0,"enemies":"Chosen and Byrds","floor":30,"turns":8},{"damage":2,"enemies":"Book of Stabbing","floor":31,"turns":5},{"damage":25,"enemies":"Collector","floor":33,"turns":13},{"damage":0,"enemies":"3 Darklings","floor":35,"turns":5},{"damage":0,"enemies":"3 Shapes","floor":36,"turns":6},{"damage":13,"enemies":"Writhing Mass","floor":37,"turns":3},{"damage":0,"enemies":"Mind Bloom Boss Battle","floor":39,"turns":6},{"damage":0,"enemies":"Giant Head","floor":40,"turns":5},{"damage":0,"enemies":"Nemesis","floor":45,"turns":3},{"damage":3,"enemies":"2 Orb Walkers","floor":46,"turns":4},{"damage":6,"enemies":"Transient","floor":47,"turns":2},{"damage":0,"enemies":"Giant Head","floor":48,"turns":4},{"damage":3,"enemies":"Donu and Deca","floor":50,"turns":3},{"damage":8,"enemies":"Time Eater","floor":51,"turns":3},{"damage":12,"enemies":"Shield and Spear","floor":55,"turns":4},{"damage":14,"enemies":"The Heart","floor":56,"turns":6}],"seed_played":"-737447617149392389","potions_obtained":[{"floor":1.0,"key":"EssenceOfSteel"},{"floor":2.0,"key":"DuplicationPotion"},{"floor":8.0,"key":"Block Potion"},{"floor":11.0,"key":"Regen Potion"},{"floor":21,"key":"Explosive Potion"},{"floor":27,"key":"Ancient Potion"},{"floor":31,"key":"LiquidMemories"},{"floor":40,"key":"Regen Potion"},{"floor":46,"key":"DuplicationPotion"},{"floor":47,"key":"ElixirPotion"},{"floor":48,"key":"BlessingOfTheForge"}],"is_trial":false,"path_per_floor":["M","M","M","M","$","R","M","M","T","?","E","M","R","E","R","B",null,"M","M","?","?","$","R","T","R","T","E","$","M","M","E","R","B",null,"M","M","M","$","?","E","?","R","T","R","E","?","M","E","R","B","B",null,"R","$","E","B",null],"character_chosen":"IRONCLAD","items_purchased":["Membership Card","Fire Breathing","Centennial Puzzle","Dexterity Potion","HandDrill","Anchor","Potion Belt","TheAbacus","AttackPotion","Regen Potion","GamblersBrew","LiquidMemories"],"campfire_rested":1,"item_purchase_floors":[5,22,22,22,22,28,38,38,38,54,54,54],"current_hp_per_floor":[50,51,57,59,59,59,64,65,65,40,33,27,27,18,27,12,59,65,64,64,9,9,43,43,55,55,54,54,60,66,70,75,56,70,75,75,68,68,74,75,71,71,71,71,71,71,71,71,71,71,71,71,71,71,68,71],"gold":37,"neow_bonus":"REMOVE_TWO","is_daily":false,"chose_seed":false,"campfire_upgraded":8,"win_rate":0.0,"timestamp":1611409370,"path_taken":["M","M","M","M","$","R","?","M","T","?","E","M","R","E","R","BOSS","M","M","?","?","$","R","?","R","T","E","$","M","M","E","R","BOSS","M","M","M","$","?","E","?","R","T","R","E","?","M","E","R","BOSS","BOSS","R","$","E","BOSS"],"items_purchased_type":["Relic","Card","Relic","Potion","Relic","Relic","Relic","Relic","Potion","Potion","Potion","Potion"],"build_version":"2020-12-22","purchased_purges":3,"victory":true,"max_hp_per_floor":[75,75,75,75,75,75,75,75,75,75,75,75,75,75,75,75,75,75,75,75,75,75,75,75,75,75,75,75,75,75,75,75,75,75,75,75,75,75,75,75,71,71,71,71,71,71,71,71,71,71,71,71,71,71,71,71],"relic_stats":{"counters":[32,166],"Dead Branch":[282],"Magic Flower":[10],"Eternal Feather":38,"PreservedInsect":540,"Pen Nib":[12],"War Paint":["Defend_R","Spot Weakness"],"Burning Blood":163,"Centennial Puzzle":[24],"Busted Crown":20,"TheAbacus":[138],"Shuriken":[16],"Sundial":[26],"Snecko Eye":[204,187,208,195],"Art of War":[37],"HandDrill":[24],"obtain_stats":[{"Potion Belt":38,"Dead Branch":46,"Magic Flower":39,"Oddly Smooth Stone":48,"Eternal Feather":14,"PreservedInsect":9,"Pen Nib":27,"Odd Mushroom":10,"War Paint":55,"Burning Blood":0,"Akabeko":40,"Centennial Puzzle":22,"Anchor":28,"Busted Crown":34,"TheAbacus":38,"Shuriken":26,"Sundial":31,"Snecko Eye":17,"Art of War":11,"Red Mask":21,"HandDrill":22,"Bag of Marbles":24,"Membership Card":5,"Unceasing Top":45},{"Potion Belt":22,"Dead Branch":26,"Magic Flower":23,"Oddly Smooth Stone":28,"Eternal Feather":10,"PreservedInsect":6,"Pen Nib":15,"Odd Mushroom":7,"War Paint":31,"Burning Blood":0,"Akabeko":24,"Centennial Puzzle":14,"Anchor":15,"Busted Crown":19,"TheAbacus":22,"Shuriken":14,"Sundial":18,"Snecko Eye":11,"Art of War":8,"Red Mask":14,"HandDrill":14,"Bag of Marbles":14,"Membership Card":4,"Unceasing Top":25},{"Potion Belt":126,"Dead Branch":144,"Magic Flower":132,"Oddly Smooth Stone":150,"Eternal Feather":49,"PreservedInsect":27,"Pen Nib":82,"Odd Mushroom":33,"War Paint":160,"Burning Blood":0,"Akabeko":137,"Centennial Puzzle":78,"Anchor":82,"Busted Crown":112,"TheAbacus":126,"Shuriken":78,"Sundial":99,"Snecko Eye":64,"Art of War":38,"Red Mask":78,"HandDrill":78,"Bag of Marbles":78,"Membership Card":17,"Unceasing Top":140}],"Unceasing Top":[1]},"card_choices":[{"not_picked":["Rage","Bloodletting"],"picked":"Shrug It Off","floor":1.0},{"not_picked":["Warcry","Bloodletting"],"picked":"Headbutt","floor":2.0},{"not_picked":["Wild Strike","Clash"],"picked":"Shockwave","floor":3.0},{"not_picked":["Cleave","Seeing Red","Intimidate"],"picked":"SKIP","floor":4.0},{"not_picked":["Warcry","Sword Boomerang"],"picked":"Sever Soul","floor":7.0},{"not_picked":["Pummel","Sword Boomerang"],"picked":"Brutality","floor":8.0},{"not_picked":["Anger","Flex"],"picked":"Thunderclap","floor":10.0},{"not_picked":["Fire Breathing","Flex"],"picked":"Barricade","floor":11.0},{"not_picked":["Pommel Strike","Perfected Strike"],"picked":"Power Through","floor":12.0},{"not_picked":["Perfected Strike","Clash"],"picked":"Spot Weakness","floor":14.0},{"not_picked":["Bludgeon","Double Tap"],"picked":"Fiend Fire","floor":16},{"not_picked":["Twin Strike","Body Slam"],"picked":"Armaments","floor":18},{"not_picked":["Combust","Warcry+1","Body Slam"],"picked":"SKIP","floor":19},{"not_picked":["True Grit","Thunderclap+1"],"picked":"Armaments+1","floor":21},{"not_picked":["Armaments","Havoc","Headbutt"],"picked":"SKIP","floor":27},{"not_picked":["Armaments","Havoc","Headbutt"],"picked":"SKIP","floor":27},{"not_picked":["Infernal Blade+1","Offering"],"picked":"Uppercut","floor":29},{"not_picked":["Flex","Clash+1","Sever Soul"],"picked":"SKIP","floor":30},{"not_picked":["Double Tap","Thunderclap"],"picked":"Second Wind","floor":31},{"not_picked":["Immolate","Juggernaut"],"picked":"Corruption","floor":33},{"not_picked":["Armaments"],"picked":"SKIP","floor":35},{"not_picked":["Spot Weakness"],"picked":"SKIP","floor":36},{"not_picked":[],"picked":"Burning Pact+1","floor":37},{"not_picked":["Iron Wave"],"picked":"SKIP","floor":40},{"not_picked":[],"picked":"True Grit+1","floor":45},{"not_picked":["True Grit"],"picked":"SKIP","floor":47},{"not_picked":["Seeing Red"],"picked":"SKIP","floor":48},{"not_picked":["Clothesline+1"],"picked":"SKIP","floor":55}],"player_experience":2100531,"relics_obtained":[{"floor":9.0,"key":"PreservedInsect"},{"floor":10.0,"key":"Odd Mushroom"},{"floor":11.0,"key":"Art of War"},{"floor":14.0,"key":"Eternal Feather"},{"floor":21,"key":"Red Mask"},{"floor":24,"key":"Bag of Marbles"},{"floor":26,"key":"Shuriken"},{"floor":27,"key":"Pen Nib"},{"floor":31,"key":"Sundial"},{"floor":39,"key":"Magic Flower"},{"floor":40,"key":"Akabeko"},{"floor":45,"key":"Unceasing Top"},{"floor":46,"key":"Dead Branch"},{"floor":48,"key":"Oddly Smooth Stone"},{"floor":55,"key":"War Paint"}],"event_choices":[{"damage_healed":0.0,"max_hp_gain":0.0,"max_hp_loss":0.0,"gold_gain":0.0,"event_name":"Mushrooms","player_choice":"Fought Mushrooms","floor":10.0,"gold_loss":0.0,"damage_taken":0.0},{"damage_healed":0,"gold_gain":0,"cards_transformed":["Strike_R","Strike_R"],"player_choice":"Became Test Subject","damage_taken":0,"max_hp_gain":0,"max_hp_loss":0,"event_name":"Drug Dealer","floor":20,"gold_loss":0,"cards_obtained":["Shrug It Off","Disarm"]},{"damage_healed":0,"gold_gain":0,"player_choice":"Fought Bandits","damage_taken":0,"max_hp_gain":0,"max_hp_loss":0,"event_name":"Masked Bandits","floor":21,"gold_loss":0},{"damage_healed":0,"gold_gain":0,"player_choice":"Fight","damage_taken":0,"max_hp_gain":0,"max_hp_loss":0,"event_name":"MindBloom","floor":39,"gold_loss":0},{"damage_healed":0,"gold_gain":0,"player_choice":"Max HP","damage_taken":0,"max_hp_gain":0,"max_hp_loss":4,"event_name":"Winding Halls","floor":41,"gold_loss":0},{"damage_healed":0,"gold_gain":0,"player_choice":"Fight","damage_taken":0,"max_hp_gain":0,"max_hp_loss":0,"event_name":"Mysterious Sphere","floor":46,"gold_loss":0}],"is_beta":false,"boss_relics":[{"not_picked":["Calling Bell","Cursed Key"],"picked":"Snecko Eye"},{"not_picked":["Pandora\u0027s Box","Empty Cage"],"picked":"Busted Crown"}],"items_purged_floors":[22,28,54],"is_endless":false,"potions_floor_spawned":[1,2,8,11,14,21,27,31,35,40,46,47,48,55],"ascension_level":20}}