{"host":"a5lz0e76zb3fcwkm","time":1611368473,"event":{"mods":["AchievementEnabler","BaseMod","Colored Map","Colored Powertips","Minty Spire (QoL Compilation)","StSLib","SuperFastMode"],"gold_per_floor":[114,125,50,50,50,50,63,73,150,164,164,179,204,216,216,295,295,315,332,342,29,44,44,44,58,58,70,70,70,82,82,82,82,82],"floor_reached":33,"language":"KOR","playtime":954,"items_purged":["Strike_G"],"score":506,"play_id":"8aef4de3-7a20-4aa2-9f80-62866edc91eb","local_time":"20210123112113","is_ascension_mode":true,"campfire_choices":[{"floor":6,"key":"REST"},{"data":"Crippling Poison","floor":11,"key":"SMITH"},{"data":"Deadly Poison","floor":15,"key":"SMITH"},{"data":"Tools of the Trade","floor":23,"key":"SMITH"},{"data":"Noxious Fumes","floor":32,"key":"SMITH"}],"circlet_count":0,"master_deck":["AscendersBane","Strike_G","Strike_G","Defend_G","Defend_G","Defend_G","Survivor+1","Neutralize","Die Die Die","Calculated Gamble+1","Escape Plan","Crippling Poison+1","Adrenaline","Flechettes","Deadly Poison+1","Tools of the Trade+1","Deadly Poison","Noxious Fumes+1","Blur","Acrobatics","Backstab","Blade Dance","Calculated Gamble+1","Decay"],"relics":["Ring of the Snake","War Paint","Bottled Lightning","Ancient Tea Set","Coffee Dripper","Toolbox"],"acts_visited":["TheCity"],"potions_floor_usage":[13,16,19,20],"damage_taken":[{"damage":0,"enemies":"2 Louse","floor":1,"turns":2},{"damage":2,"enemies":"Jaw Worm","floor":2,"turns":4},{"damage":2,"enemies":"Small Slimes","floor":7,"turns":3},{"damage":0,"enemies":"Exordium Wildlife","floor":8,"turns":5},{"damage":0,"enemies":"Red Slaver","floor":10,"turns":5},{"damage":0,"enemies":"Looter","floor":12,"turns":3},{"damage":28,"enemies":"3 Sentries","floor":13,"turns":12},{"damage":0,"enemies":"2 Fungi Beasts","floor":14,"turns":2},{"damage":10,"enemies":"The Guardian","floor":16,"turns":11},{"damage":0,"enemies":"3 Byrds","floor":18,"turns":3},{"damage":1,"enemies":"Spheric Guardian","floor":19,"turns":3},{"damage":15,"enemies":"Snake Plant","floor":20,"turns":4},{"damage":0,"enemies":"Centurion and Healer","floor":22,"turns":6},{"damage":0,"enemies":"3 Cultists","floor":25,"turns":4},{"damage":15,"enemies":"Snake Plant","floor":27,"turns":3},{"damage":21,"enemies":"Shelled Parasite and Fungi","floor":30,"turns":4},{"damage":11,"enemies":"Champ","floor":33,"turns":5}],"seed_played":"6703924342865502372","potions_obtained":[{"floor":1,"key":"FearPotion"},{"floor":7,"key":"ColorlessPotion"},{"floor":10,"key":"Weak Potion"},{"floor":13,"key":"Dexterity Potion"},{"floor":16,"key":"SkillPotion"},{"floor":19,"key":"Regen Potion"},{"floor":25,"key":"SpeedPotion"}],"is_trial":false,"path_per_floor":["M","M","?","?","?","R","M","M","T","M","R","M","E","M","R","B",null,"M","M","M","$","M","R","?","M","T","M","$","?","M","?","R","B"],"character_chosen":"THE_SILENT","items_purchased":["Toolbox","Blur"],"campfire_rested":1,"item_purchase_floors":[21,21],"current_hp_per_floor":[59,57,57,50,24,43,41,41,41,41,41,41,13,13,13,3,50,50,49,48,48,48,48,48,48,48,33,33,33,12,12,12,1,1],"gold":82,"neow_bonus":"ONE_RANDOM_RARE_CARD","is_daily":false,"chose_seed":false,"campfire_upgraded":4,"win_rate":0.0,"timestamp":1611368473,"path_taken":["M","M","?","?","?","R","M","M","T","?","R","M","E","M","R","BOSS","M","M","M","$","M","R","?","M","T","M","$","?","M","?","R","BOSS"],"items_purchased_type":["Relic","Card"],"build_version":"2020-12-22","purchased_purges":1,"victory":false,"max_hp_per_floor":[66,66,66,66,66,66,66,66,66,66,66,66,66,66,66,66,66,66,66,66,66,66,66,66,66,66,66,66,66,66,66,66,66,66],"card_choices":[{"not_picked":["Underhanded Strike","Prepared"],"picked":"Calculated Gamble","floor":1},{"not_picked":["Dodge and Roll","Masterful Stab"],"picked":"Escape Plan","floor":2},{"not_picked":["Catalyst","Sucker Punch"],"picked":"Crippling Poison","floor":7},{"not_picked":["Masterful Stab","Calculated Gamble","Bane"],"picked":"SKIP","floor":8},{"not_picked":["Deadly Poison","Acrobatics"],"picked":"Adrenaline","floor":10},{"not_picked":["Poisoned Stab","Backstab","Bane"],"picked":"SKIP","floor":12},{"not_picked":["All Out Attack","Calculated Gamble"],"picked":"Flechettes","floor":13},{"not_picked":["After Image","Backflip"],"picked":"Deadly Poison","floor":14},{"not_picked":["Doppelganger","Storm of Steel"],"picked":"Tools of the Trade","floor":16},{"not_picked":["Bane","Blur"],"picked":"Deadly Poison","floor":18},{"not_picked":["Dodge and Roll","Flying Knee","Quick Slash"],"picked":"SKIP","floor":19},{"not_picked":["Dagger Spray+1","Deflect"],"picked":"Noxious Fumes","floor":20},{"not_picked":["All Out Attack","Backstab","Skewer"],"picked":"SKIP","floor":22},{"not_picked":["PiercingWail","Slice"],"picked":"Acrobatics","floor":25},{"not_picked":["Die Die Die","Flying Knee+1","Acrobatics"],"picked":"SKIP","floor":27},{"not_picked":["Distraction+1","Bane+1"],"picked":"Calculated Gamble+1","floor":30}],"player_experience":1787535,"relics_obtained":[{"floor":9,"key":"Bottled Lightning"},{"floor":13,"key":"Ancient Tea Set"}],"event_choices":[{"cards_removed":["Strike_G"],"damage_healed":0,"gold_gain":0,"player_choice":"Card Removal","damage_taken":0,"max_hp_gain":0,"max_hp_loss":0,"event_name":"The Cleric","floor":3,"gold_loss":75},{"cards_removed":["Defend_G"],"damage_healed":0,"gold_gain":0,"player_choice":"Card Removal","damage_taken":7,"max_hp_gain":0,"max_hp_loss":0,"event_name":"Golden Wing","floor":4,"gold_loss":0},{"damage_healed":0,"gold_gain":0,"player_choice":"Success","damage_taken":26,"relics_obtained":["War Paint"],"max_hp_gain":0,"max_hp_loss":0,"event_name":"Scrap Ooze","floor":5,"gold_loss":0},{"damage_healed":0,"gold_gain":0,"player_choice":"Ignored","damage_taken":0,"max_hp_gain":0,"max_hp_loss":0,"event_name":"Vampires","floor":24,"gold_loss":0},{"damage_healed":0,"gold_gain":0,"cards_transformed":["Strike_G","Defend_G"],"player_choice":"Became Test Subject","damage_taken":0,"max_hp_gain":0,"max_hp_loss":0,"event_name":"Drug Dealer","floor":29,"gold_loss":0,"cards_obtained":["Backstab","Blade Dance"]},{"damage_healed":0,"gold_gain":0,"player_choice":"Smashed Altar","damage_taken":0,"max_hp_gain":0,"max_hp_loss":0,"event_name":"Forgotten Altar","floor":31,"gold_loss":0,"cards_obtained":["Decay"]}],"is_beta":false,"boss_relics":[{"not_picked":["Cursed Key","Sozu"],"picked":"Coffee Dripper"}],"items_purged_floors":[21],"is_endless":false,"potions_floor_spawned":[1,7,10,13,16,19,25,30],"killed_by":"Champ","ascension_level":20}}