{"host":"vj8ayykh40xqfkaq","time":1611414349,"event":{"mods":["Bard","BaseMod","Bestiary","Colored Map","Downfall","Jorbs\u0027s Wanderer Trilogy","Minty Spire (QoL Compilation)","StSLib"],"gold_per_floor":[115,115,115,4,79,114,137,173,173,27,27,42,67,91,91,210,210,165,165,165,165,165,165,165,165,165,165,165,165,165,165,165,165,165,165,165,11,11,11,11,11,11,11,11,11,11,11,11,11,11,11,11,11,11,11,11],"floor_reached":55,"language":"ENG","playtime":2219,"items_purged":["Regret"],"score":816,"play_id":"49e3d00b-74cd-4c4d-b296-972579134572","local_time":"20210123170549","is_ascension_mode":false,"campfire_choices":[{"data":"Inflame","floor":11,"key":"SMITH"},{"data":"Disarm","floor":15,"key":"SMITH"},{"data":"Dual Wield","floor":23,"key":"SMITH"},{"floor":25,"key":"REST"},{"floor":32,"key":"REST"},{"data":"Limit Break","floor":41,"key":"SMITH"},{"floor":49,"key":"RECALL"},{"data":"Sword Boomerang","floor":52,"key":"SMITH"}],"circlet_count":0,"master_deck":["Strike_R","Strike_R","Strike_R","Strike_R","Strike_R","Defend_R","Defend_R","Defend_R","Defend_R","Bash","Dual Wield+1","Dropkick","Inflame+1","Disarm+1","Twin Strike","Shockwave","Shrug It Off","Offering","Twin Strike","Anger+1","Inflame","Limit Break+1","Flame Barrier+1","Shrug It Off+1","Headbutt+1","Sword Boomerang+1","Burning Pact","Doubt","Double Tap"],"relics":["Burning Blood","NeowsBlessing","Golden Idol","Calipers","Mummified Hand","Letter Opener","StrikeDummy","PreservedInsect","Ectoplasm","Red Mask","TungstenRod","Runic Cube","Anchor","MawBank","Old Coin","Smiling Mask","Bottled Flame","Shuriken"],"acts_visited":["Exordium","TheCity","TheBeyond","TheEnding"],"potions_floor_usage":[55,55,55],"damage_taken":[{"damage":0,"enemies":"2 Louse","floor":1,"turns":1},{"damage":0,"enemies":"Lagavulin","floor":6,"turns":1},{"damage":0,"enemies":"Jaw Worm","floor":7,"turns":1},{"damage":38,"enemies":"3 Sentries","floor":8,"turns":11},{"damage":0,"enemies":"Small Slimes","floor":12,"turns":3},{"damage":0,"enemies":"Exordium Wildlife","floor":13,"turns":2},{"damage":3,"enemies":"3 Louse","floor":14,"turns":3},{"damage":3,"enemies":"The Guardian","floor":16,"turns":8},{"damage":21,"enemies":"2 Thieves","floor":18,"turns":4},{"damage":11,"enemies":"Masked Bandits","floor":19,"turns":4},{"damage":6,"enemies":"3 Byrds","floor":20,"turns":4},{"damage":13,"enemies":"Snecko","floor":21,"turns":4},{"damage":19,"enemies":"Sentry and Sphere","floor":22,"turns":4},{"damage":15,"enemies":"Slavers","floor":24,"turns":4},{"damage":11,"enemies":"Chosen and Byrds","floor":27,"turns":6},{"damage":10,"enemies":"Shelled Parasite and Fungi","floor":28,"turns":3},{"damage":15,"enemies":"Centurion and Healer","floor":30,"turns":5},{"damage":6,"enemies":"Snake Plant","floor":31,"turns":3},{"damage":20,"enemies":"Collector","floor":33,"turns":5},{"damage":5,"enemies":"Orb Walker","floor":35,"turns":2},{"damage":12,"enemies":"3 Shapes","floor":36,"turns":4},{"damage":21,"enemies":"Writhing Mass","floor":39,"turns":4},{"damage":5,"enemies":"Giant Head","floor":40,"turns":4},{"damage":5,"enemies":"Nemesis","floor":42,"turns":3},{"damage":16,"enemies":"Maw","floor":44,"turns":4},{"damage":16,"enemies":"Giant Head","floor":45,"turns":6},{"damage":19,"enemies":"Sphere and 2 Shapes","floor":46,"turns":4},{"damage":59,"enemies":"Time Eater","floor":50,"turns":6},{"damage":68,"enemies":"Shield and Spear","floor":54,"turns":5},{"damage":18,"enemies":"The Heart","floor":55,"turns":3}],"seed_played":"5272652277232319306","potions_obtained":[{"floor":6,"key":"CultistPotion"},{"floor":8,"key":"Guardian:BlockOnCardUsePotion"},{"floor":16,"key":"Dexterity Potion"},{"floor":36,"key":"bronze:BurnAndBuffPotion"},{"floor":45,"key":"HeartOfIron"}],"is_trial":false,"path_per_floor":["M","?","?","$","?","E","M","E","T","$","R","M","M","M","R","B",null,"M","?","M","M","M","R","E","R","T","M","M","?","M","M","R","B",null,"M","M","$","?","M","E","R","E","T","M","E","M","?","$","R","B",null,"R","$","E","B"],"character_chosen":"IRONCLAD","items_purchased":["Dual Wield","PreservedInsect","Anchor"],"campfire_rested":2,"item_purchase_floors":[4,10,37],"current_hp_per_floor":[80,60,60,60,49,55,61,29,29,29,29,35,41,44,44,47,80,65,60,60,53,40,40,31,55,55,50,46,46,37,37,61,47,80,80,74,74,74,59,60,60,61,61,51,41,28,76,76,76,23,76,76,76,14,0,0],"gold":11,"neow_bonus":"THREE_ENEMY_KILL","is_daily":false,"chose_seed":false,"campfire_upgraded":5,"win_rate":0.0,"timestamp":1611414349,"path_taken":["M","?","?","?","?","E","M","E","T","$","R","M","M","?","R","BOSS","M","?","M","M","M","R","E","R","T","M","M","?","M","M","R","BOSS","M","M","$","?","M","E","R","E","T","M","E","M","?","?","R","BOSS","R","$","E","BOSS"],"items_purchased_type":["Card","Relic","Relic"],"build_version":"2020-12-22","purchased_purges":1,"victory":false,"max_hp_per_floor":[80,80,80,80,80,80,80,80,80,80,80,80,80,80,80,80,80,80,80,80,80,80,80,80,80,80,80,80,80,80,80,80,80,80,80,80,80,76,76,76,76,76,76,76,76,76,76,76,76,76,76,76,76,76,76,76],"card_choices":[{"not_picked":["Clash","Rampage","Flex"],"picked":"SKIP","floor":1},{"not_picked":["Second Wind","Sentinel"],"picked":"Dropkick","floor":6},{"not_picked":["Cleave","Warcry"],"picked":"Inflame","floor":7},{"not_picked":["Wild Strike","Evolve"],"picked":"Disarm","floor":8},{"not_picked":["Dark Embrace","Perfected Strike"],"picked":"Twin Strike","floor":12},{"not_picked":["Power Through","Reckless Charge"],"picked":"Shockwave","floor":13},{"not_picked":["Clothesline","Entrench"],"picked":"Shrug It Off","floor":14},{"not_picked":["Exhume","Reaper"],"picked":"Offering","floor":16},{"not_picked":["Cleave","Hemokinesis+1"],"picked":"Twin Strike","floor":18},{"not_picked":["Cleave","Pummel"],"picked":"Anger+1","floor":19},{"not_picked":["Reckless Charge","Perfected Strike","Feel No Pain"],"picked":"SKIP","floor":20},{"not_picked":["Wild Strike","Sword Boomerang","Uppercut"],"picked":"SKIP","floor":21},{"not_picked":["Iron Wave","Anger+1","Warcry"],"picked":"SKIP","floor":22},{"not_picked":["Warcry+1","Power Through","Cleave"],"picked":"SKIP","floor":24},{"not_picked":["Armaments","Sever Soul+1","Twin Strike"],"picked":"SKIP","floor":27},{"not_picked":["Dark Embrace","Iron Wave+1","Bloodletting"],"picked":"SKIP","floor":28},{"not_picked":["Combust","Sword Boomerang+1","Wild Strike"],"picked":"SKIP","floor":30},{"not_picked":["Thunderclap","Sentinel"],"picked":"Inflame","floor":31},{"not_picked":["Corruption","Exhume"],"picked":"Limit Break","floor":33},{"not_picked":["Second Wind","Power Through","Cleave+1"],"picked":"SKIP","floor":35},{"not_picked":["Bloodletting+1","Clothesline"],"picked":"Flame Barrier+1","floor":36},{"not_picked":["Blood for Blood+1","Power Through"],"picked":"Shrug It Off+1","floor":39},{"not_picked":["Body Slam+1","Sever Soul+1"],"picked":"Headbutt+1","floor":40},{"not_picked":["Searing Blow+1","Havoc+1","Disarm+1"],"picked":"SKIP","floor":42},{"not_picked":["Uppercut","Clash+1"],"picked":"Sword Boomerang","floor":44},{"not_picked":["Immolate","Heavy Blade","Clash+1"],"picked":"SKIP","floor":45},{"not_picked":["Perfected Strike+1","Headbutt+1"],"picked":"Burning Pact","floor":46},{"not_picked":["Pommel Strike+1","Clothesline"],"picked":"Double Tap","floor":54}],"player_experience":491386,"relics_obtained":[{"floor":6,"key":"Mummified Hand"},{"floor":8,"key":"Letter Opener"},{"floor":9,"key":"StrikeDummy"},{"floor":19,"key":"Red Mask"},{"floor":24,"key":"TungstenRod"},{"floor":40,"key":"MawBank"},{"floor":42,"key":"Old Coin"},{"floor":43,"key":"Smiling Mask"},{"floor":45,"key":"Bottled Flame"},{"floor":54,"key":"Shuriken"}],"event_choices":[{"damage_healed":0,"gold_gain":0,"player_choice":"Take Damage","damage_taken":20,"relics_obtained":["Golden Idol"],"max_hp_gain":0,"max_hp_loss":0,"event_name":"Golden Idol","floor":2,"gold_loss":0},{"damage_healed":0,"gold_gain":0,"player_choice":"Box","damage_taken":0,"relics_obtained":["Calipers"],"max_hp_gain":0,"max_hp_loss":0,"event_name":"Big Fish","floor":3,"gold_loss":0,"cards_obtained":["Regret"]},{"damage_healed":0,"gold_gain":75,"player_choice":"Gather Gold","damage_taken":11,"max_hp_gain":0,"max_hp_loss":0,"event_name":"World of Goop","floor":5,"gold_loss":0},{"damage_healed":0,"gold_gain":0,"player_choice":"Fought Bandits","damage_taken":0,"max_hp_gain":0,"max_hp_loss":0,"event_name":"Masked Bandits","floor":19,"gold_loss":0},{"damage_healed":0,"gold_gain":0,"player_choice":"Bought 0 Potions","damage_taken":0,"max_hp_gain":0,"max_hp_loss":0,"event_name":"The Woman in Blue","floor":29,"gold_loss":0},{"damage_healed":0,"gold_gain":0,"player_choice":"Max HP","damage_taken":0,"max_hp_gain":0,"max_hp_loss":4,"event_name":"Winding Halls","floor":38,"gold_loss":0},{"damage_healed":48,"gold_gain":0,"player_choice":"Heal","damage_taken":0,"max_hp_gain":0,"max_hp_loss":0,"event_name":"MindBloom","floor":47,"gold_loss":0,"cards_obtained":["Doubt"]}],"is_beta":false,"boss_relics":[{"not_picked":["Mark of Pain","Black Star"],"picked":"Ectoplasm"},{"not_picked":["bronze:MakeshiftBattery","Empty Cage"],"picked":"Runic Cube"}],"items_purged_floors":[4],"is_endless":false,"potions_floor_spawned":[6,8,16,19,21,27,28,30,36,45,46],"killed_by":"The Heart","ascension_level":0}}