{"host":"iv2h8zsl09h7hn4q","time":1611368193,"event":{"mods":["BaseMod","Downfall","Hero for Fun","Minty Spire (QoL Compilation)","StSLib"],"gold_per_floor":[116,191,208,208,7,7,40,54,77,26,54,54,79,105,117,129,129],"floor_reached":16,"language":"ENG","playtime":409,"items_purged":["Strike_P"],"score":153,"play_id":"b8965a82-07df-4298-ae19-455297f988d9","local_time":"20210122211633","is_ascension_mode":true,"campfire_choices":[{"data":"Eruption","floor":6,"key":"SMITH"},{"data":"Blasphemy","floor":15,"key":"SMITH"}],"circlet_count":0,"master_deck":["Strike_P","Strike_P","Strike_P","Defend_P","Defend_P","Defend_P","Defend_P","Eruption+1","Vigilance","BowlingBash","WheelKick","Conclude","ThirdEye","EmptyBody","Blasphemy+1","CutThroughFate","FearNoEvil"],"relics":["PureWater","Bag of Marbles","Nunchaku","MealTicket","Happy Flower","MawBank"],"acts_visited":["Exordium"],"potions_floor_usage":[3,7,14,16],"damage_taken":[{"damage":2,"enemies":"2 Louse","floor":1,"turns":2},{"damage":2,"enemies":"Jaw Worm","floor":3,"turns":3},{"damage":28,"enemies":"Lagavulin","floor":7,"turns":5},{"damage":0,"enemies":"Cultist","floor":8,"turns":2},{"damage":0,"enemies":"Gremlin Nob","floor":11,"turns":2},{"damage":0,"enemies":"Lots of Slimes","floor":14,"turns":1},{"damage":100017,"enemies":"Hexaghost","floor":16,"turns":6}],"seed_played":"-6698166496959025450","potions_obtained":[{"floor":0,"key":"AttackPotion"},{"floor":0,"key":"Dexterity Potion"},{"floor":0,"key":"Weak Potion"},{"floor":3,"key":"Energy Potion"}],"is_trial":false,"path_per_floor":["M","?","M","?","$","R","E","M","T","$","E","$","T","M","R","B"],"character_chosen":"WATCHER","items_purchased":["Conclude","ThirdEye","ColorlessPotion"],"campfire_rested":0,"item_purchase_floors":[5,5,10],"current_hp_per_floor":[70,59,57,39,39,39,11,11,11,26,26,41,41,41,41,0,0],"gold":129,"neow_bonus":"THREE_SMALL_POTIONS","is_daily":false,"chose_seed":false,"campfire_upgraded":2,"win_rate":0.0,"timestamp":1611368193,"path_taken":["M","?","M","?","?","R","E","?","T","?","E","$","?","?","R","BOSS"],"items_purchased_type":["Card","Card","Potion"],"build_version":"2020-12-22","purchased_purges":1,"victory":false,"max_hp_per_floor":[72,72,72,72,72,72,72,72,72,72,72,72,72,72,72,72,72],"card_choices":[{"not_picked":["CarveReality","InnerPeace"],"picked":"BowlingBash","floor":1},{"not_picked":["JustLucky","EmptyFist"],"picked":"WheelKick","floor":3},{"not_picked":["Indignation","PathToVictory"],"picked":"EmptyBody","floor":7},{"not_picked":["EmptyBody","Prostrate"],"picked":"Blasphemy","floor":8},{"not_picked":["TalkToTheHand","Fasting2"],"picked":"CutThroughFate","floor":11},{"not_picked":["PathToVictory","FollowUp"],"picked":"FearNoEvil","floor":14}],"player_experience":330613,"relics_obtained":[{"floor":7,"key":"Nunchaku"},{"floor":9,"key":"MealTicket"},{"floor":11,"key":"Happy Flower"},{"floor":13,"key":"MawBank"}],"event_choices":[{"damage_healed":0,"gold_gain":75,"player_choice":"Gather Gold","damage_taken":11,"max_hp_gain":0,"max_hp_loss":0,"event_name":"World of Goop","floor":2,"gold_loss":0},{"damage_healed":0,"gold_gain":0,"player_choice":"Success","damage_taken":18,"relics_obtained":["Bag of Marbles"],"max_hp_gain":0,"max_hp_loss":0,"event_name":"Scrap Ooze","floor":4,"gold_loss":0}],"is_beta":false,"boss_relics":[],"items_purged_floors":[5],"is_endless":false,"potions_floor_spawned":[3,11],"killed_by":"Hexaghost","ascension_level":3}}