{"host":"l15sdf2mmi0nobpi","time":1611402820,"event":{"mods":["ATMod(°¢èªMod)","BaseMod","Highlight Path","Minty Spire (QoL Compilation)","Quick Restart","StSLib","¡¾¹¦ÄÜMod¡¿Neow½±Àø"],"gold_per_floor":[12,27,27,27,42,42,75,75,75,113,138,179,198,214,214,310,310,331,346,346,271,186,213,55,85,111,443,443,443,471,488,488,562,562,576,476,495,118,136,170,170,170,170,302,321,454,454,587,587,687,887,887,887,186,414,514],"floor_reached":57,"language":"ZHS","playtime":2785,"items_purged":["Defend_B","Defend_B","Defend_B","Defend_B"],"score":3507,"play_id":"30617dfe-cfdc-44b1-98f3-1950d6f20632","local_time":"20210123195340","is_ascension_mode":true,"campfire_choices":[{"data":"AT_OneInchPunch","floor":6.0,"key":"SMITH"},{"data":"Dualcast","floor":8.0,"key":"SMITH"},{"data":"Coolheaded","floor":15.0,"key":"SMITH"},{"data":"Turbo","floor":29.0,"key":"SMITH"},{"data":"Skim","floor":32.0,"key":"SMITH"},{"floor":47.0,"key":"RECALL"},{"floor":49.0,"key":"REST"},{"floor":53.0,"key":"REST"}],"circlet_count":0,"master_deck":["AscendersBane","Dualcast+1","AT_OneInchPunch+1","Self Repair","Hologram","Chill","Electrodynamics","Coolheaded+1","Glacier","Skim+1","Machine Learning","AT_RightCognition+1","Barrage+1","Undo+1","Turbo+1","Coolheaded+1","Skim","AT_DarkMatter+1","AT_WaterDrop","Heatsinks","Seek","Blizzard+1","AT_StudyProgram"],"relics":["Cracked Core","AT_ATBox","Bloody Idol","Pocketwatch","Pantograph","AT_ChloranthyRing","Anchor","Astrolabe","Ornamental Fan","AT_SeraphEmbrace","Runic Capacitor","CaptainsWheel","Old Coin","Thread and Needle","Fusion Hammer","OrangePellets","AT_TheCollector","Blood Vial","StrikeDummy","Juzu Bracelet","Pen Nib","Du-Vu Doll","ClockworkSouvenir","AT_RedTearstoneRing","Bird Faced Urn"],"acts_visited":["Exordium","TheCity","TheBeyond","TheEnding"],"potions_floor_usage":[56,56],"damage_taken":[{"damage":2.0,"enemies":"Jaw Worm","floor":1.0,"turns":2.0},{"damage":0.0,"enemies":"Small Slimes","floor":2.0,"turns":2.0},{"damage":0.0,"enemies":"Cultist","floor":5.0,"turns":2.0},{"damage":2.0,"enemies":"Gremlin Nob","floor":7.0,"turns":3.0},{"damage":0.0,"enemies":"Lagavulin","floor":10.0,"turns":3.0},{"damage":0.0,"enemies":"Blue Slaver","floor":11.0,"turns":3.0},{"damage":0.0,"enemies":"Gremlin Nob","floor":12.0,"turns":2.0},{"damage":12.0,"enemies":"Gremlin Gang","floor":13.0,"turns":5.0},{"damage":1.0,"enemies":"Exordium Thugs","floor":14.0,"turns":3.0},{"damage":18.0,"enemies":"The Guardian","floor":16.0,"turns":7.0},{"damage":0.0,"enemies":"3 Byrds","floor":18.0,"turns":4.0},{"damage":6.0,"enemies":"Shell Parasite","floor":19.0,"turns":5.0},{"damage":18.0,"enemies":"Slavers","floor":23.0,"turns":8.0},{"damage":25.0,"enemies":"Book of Stabbing","floor":25.0,"turns":6.0},{"damage":0.0,"enemies":"Gremlin Leader","floor":27.0,"turns":5.0},{"damage":10.0,"enemies":"Slavers","floor":30.0,"turns":3.0},{"damage":0.0,"enemies":"Centurion and Healer","floor":31.0,"turns":3.0},{"damage":0.0,"enemies":"Collector","floor":33.0,"turns":11.0},{"damage":0.0,"enemies":"3 Shapes","floor":35.0,"turns":4.0},{"damage":0.0,"enemies":"Orb Walker","floor":37.0,"turns":2.0},{"damage":4.0,"enemies":"3 Darklings","floor":39.0,"turns":4.0},{"damage":6.0,"enemies":"Reptomancer","floor":40.0,"turns":10.0},{"damage":0.0,"enemies":"Giant Head","floor":44.0,"turns":9.0},{"damage":0.0,"enemies":"Spire Growth","floor":45.0,"turns":3.0},{"damage":0.0,"enemies":"Nemesis","floor":46.0,"turns":5.0},{"damage":0.0,"enemies":"Giant Head","floor":48.0,"turns":7.0},{"damage":10.0,"enemies":"Time Eater","floor":50.0,"turns":9.0},{"damage":27.0,"enemies":"Awakened One","floor":51.0,"turns":7.0},{"damage":51,"enemies":"Shield and Spear","floor":55,"turns":4},{"damage":0,"enemies":"The Heart","floor":56,"turns":6}],"seed_played":"3578015215185981359","potions_obtained":[{"floor":1.0,"key":"FearPotion"},{"floor":5.0,"key":"DuplicationPotion"},{"floor":10.0,"key":"Block Potion"},{"floor":14.0,"key":"Strength Potion"},{"floor":27.0,"key":"DistilledChaos"},{"floor":40.0,"key":"LiquidMemories"},{"floor":48.0,"key":"SteroidPotion"}],"is_trial":false,"path_per_floor":["M","M","?","?","M","R","E","R","T","E","M","E","M","M","R","B",null,"M","M","?","$","?","E","$","E","T","E","?","R","E","M","R","B",null,"M","$","M","$","M","E","?","?","T","E","M","E","R","E","R","B","B",null,"R","$","E","B",null],"character_chosen":"DEFECT","items_purchased":["Runic Capacitor","OrangePellets","Heatsinks","AT_StudyProgram","ClockworkSouvenir","AT_RedTearstoneRing","DuplicationPotion","BlessingOfTheForge"],"campfire_rested":2,"item_purchase_floors":[24,38,38,54,54,54,54,54],"current_hp_per_floor":[62,62,62,67,69,69,69,69,69,69,69,69,64,69,69,58,66,66,67,67,67,67,61,61,48,53,69,69,69,69,69,69,69,69,69,69,69,69,69,69,66,66,66,66,66,66,66,66,66,66,56,64,66,66,37,66],"gold":514,"neow_bonus":"REMOVE_TWO","is_daily":false,"chose_seed":false,"campfire_upgraded":5,"win_rate":0.0,"timestamp":1611402820,"path_taken":["M","M","?","?","M","R","E","R","T","E","M","E","M","M","R","BOSS","M","M","?","$","?","E","$","E","T","E","?","R","E","M","R","BOSS","M","$","M","$","M","E","?","?","T","E","M","E","R","E","R","BOSS","BOSS","R","$","E","BOSS"],"items_purchased_type":["Relic","Relic","Card","Card","Relic","Relic","Potion","Potion"],"build_version":"2020-12-22","purchased_purges":4,"victory":true,"max_hp_per_floor":[71,71,64,69,69,69,69,69,69,69,69,69,69,69,69,69,69,69,69,69,69,69,69,69,69,69,69,69,69,69,69,69,69,69,69,69,69,69,69,69,66,66,66,66,66,66,66,66,66,66,66,66,66,66,66,66],"card_choices":[{"not_picked":["FTL","BootSequence"],"picked":"Self Repair","floor":1.0},{"not_picked":["Sunder","Stack","Gash"],"picked":"SKIP","floor":2.0},{"not_picked":["Steam","Hologram"],"picked":"Cold Snap","floor":5.0},{"not_picked":["Steam","Turbo"],"picked":"Hologram","floor":7.0},{"not_picked":["Steam","Cold Snap"],"picked":"Chill","floor":10.0},{"not_picked":["Cold Snap","Streamline"],"picked":"Electrodynamics","floor":11.0},{"not_picked":["Barrage","Gash"],"picked":"Coolheaded","floor":12.0},{"not_picked":["Steam","Stack"],"picked":"Glacier","floor":13.0},{"not_picked":["Static Discharge","Turbo"],"picked":"Skim","floor":14.0},{"not_picked":["Creative AI","Echo Form"],"picked":"Machine Learning","floor":16.0},{"not_picked":["Sweeping Beam","Compile Driver","Steam"],"picked":"SKIP","floor":18.0},{"not_picked":["Lockon","Streamline"],"picked":"Turbo","floor":19.0},{"not_picked":["Conserve Battery","Redo+1"],"picked":"Coolheaded+1","floor":23.0},{"not_picked":["Streamline","Double Energy","Barrage"],"picked":"SKIP","floor":25.0},{"not_picked":["FTL","Conserve Battery","Turbo"],"picked":"SKIP","floor":27.0},{"not_picked":["Reprogram","AT_HeatAcrobatics"],"picked":"AT_DarkMatter+1","floor":30.0},{"not_picked":["Conserve Battery","Compile Driver","Reinforced Body"],"picked":"SKIP","floor":31.0},{"not_picked":["Core Surge","Machine Learning"],"picked":"AT_WaterDrop","floor":33.0},{"not_picked":["Ball Lightning","Stack","Streamline"],"picked":"SKIP","floor":35.0},{"not_picked":["Rip and Tear","Aggregate","Streamline+1"],"picked":"SKIP","floor":37.0},{"not_picked":["Self Repair","Ball Lightning","Turbo"],"picked":"SKIP","floor":39.0},{"not_picked":["Coolheaded","Steam"],"picked":"Seek","floor":40.0},{"not_picked":["Turbo+1","Beam Cell","Steam+1"],"picked":"SKIP","floor":44.0},{"not_picked":["Gash","Hologram","Self Repair"],"picked":"SKIP","floor":45.0},{"not_picked":["Streamline","Turbo+1","AT_DarkMatter"],"picked":"SKIP","floor":46.0},{"not_picked":["Sweeping Beam","Tempest"],"picked":"Blizzard+1","floor":48.0},{"not_picked":["Stack","Streamline","Aggregate+1"],"picked":"SKIP","floor":55}],"player_experience":487779,"relics_obtained":[{"floor":7.0,"key":"Pocketwatch"},{"floor":9.0,"key":"Pantograph"},{"floor":10.0,"key":"AT_ChloranthyRing"},{"floor":12.0,"key":"Anchor"},{"floor":23.0,"key":"AT_ArchangelStaff"},{"floor":25.0,"key":"CaptainsWheel"},{"floor":27.0,"key":"Old Coin"},{"floor":30.0,"key":"Thread and Needle"},{"floor":40.0,"key":"AT_TheCollector"},{"floor":43.0,"key":"StrikeDummy"},{"floor":44.0,"key":"Juzu Bracelet"},{"floor":46.0,"key":"Pen Nib"},{"floor":48.0,"key":"Du-Vu Doll"},{"floor":55,"key":"Bird Faced Urn"}],"event_choices":[{"damage_healed":0.0,"max_hp_gain":0.0,"max_hp_loss":7.0,"gold_gain":0.0,"event_name":"Golden Idol","player_choice":"Lose Max HP","floor":3.0,"gold_loss":0.0,"damage_taken":0.0,"relics_obtained":["Golden Idol"]},{"damage_healed":0.0,"max_hp_gain":5.0,"max_hp_loss":0.0,"gold_gain":0.0,"event_name":"Big Fish","player_choice":"Donut","floor":4.0,"gold_loss":0.0,"damage_taken":0.0},{"damage_healed":0.0,"max_hp_gain":0.0,"max_hp_loss":0.0,"gold_gain":0.0,"event_name":"Forgotten Altar","player_choice":"Gave Idol","floor":20.0,"relics_lost":["Golden Idol"],"gold_loss":0.0,"damage_taken":0.0,"relics_obtained":["Bloody Idol"]},{"damage_healed":0.0,"max_hp_gain":0.0,"max_hp_loss":0.0,"gold_gain":0.0,"event_name":"Addict","player_choice":"Obtained Relic","floor":22.0,"gold_loss":85.0,"damage_taken":0.0,"relics_obtained":["Ornamental Fan"]},{"damage_healed":0.0,"max_hp_gain":0.0,"max_hp_loss":0.0,"gold_gain":0.0,"cards_transformed":["Zap"],"event_name":"Transmorgrifier","player_choice":"Transformed","floor":28.0,"gold_loss":0.0,"damage_taken":0.0,"cards_obtained":["Skim"]},{"damage_healed":0.0,"max_hp_gain":0.0,"max_hp_loss":3.0,"gold_gain":0.0,"event_name":"Winding Halls","player_choice":"Max HP","floor":41.0,"gold_loss":0.0,"damage_taken":0.0},{"damage_healed":0.0,"max_hp_gain":0.0,"max_hp_loss":0.0,"gold_gain":0.0,"event_name":"WeMeetAgain","player_choice":"Gave Potion","floor":42.0,"gold_loss":0.0,"damage_taken":0.0,"relics_obtained":["Blood Vial"]}],"is_beta":false,"boss_relics":[{"not_picked":["Velvet Choker","SlaversCollar"],"picked":"Astrolabe"},{"not_picked":["Pandora\u0027s Box","Busted Crown"],"picked":"Fusion Hammer"}],"items_purged_floors":[21,36,38,54],"is_endless":false,"potions_floor_spawned":[1,5,10,12,14,23,27,31,33,35,40,48],"ascension_level":20}}