{"host":"urvvf8749ekcxo1a","time":1611439212,"event":{"mods":["AchievementEnabler","Bartender","BaseMod","Better Sensory Stone","BetterRewards","Colored Powertips","Displayed Cursed Tome","Gold Saver","Grow up Mod","Hero for Fun","KinomotoSakuraMod(????)","Minty Spire (QoL Compilation)","Quick Restart","Relic Filter","Retaliation","StSLib","SuperFastMode","The Cursed","The Hierophant","The Marked","The Servant 0.9.4","TheHero","Thieving Mod","Transform Curses","UnlockEverythingMod"],"gold_per_floor":[766,691,701,701,601,601,476,476,476,476,476,490,516,516],"floor_reached":13,"language":"ENG","playtime":85,"items_purged":["Defend_Y","Defend_Y","Defend_Y"],"score":181,"play_id":"414d79a2-1b32-48a1-8c36-56cc52ff4d93","local_time":"20210123170012","is_ascension_mode":false,"campfire_choices":[{"data":"Slap","floor":6,"key":"SMITH"},{"data":"Strike_Y","floor":8,"key":"SMITH"},{"data":"Strike_Y","floor":10,"key":"SMITH"}],"circlet_count":0,"master_deck":["Strike_Y","Strike_Y","Strike_Y","Strike_Y+1","Strike_Y+1","Defend_Y","Defend_Y","Slap+1"],"relics":["Cape","Mummified Hand"],"acts_visited":["Exordium"],"potions_floor_usage":[],"damage_taken":[{"damage":0,"enemies":"Cultist","floor":1,"turns":1},{"damage":0,"enemies":"2 Louse","floor":3,"turns":1},{"damage":0,"enemies":"Small Slimes","floor":12,"turns":1},{"damage":0,"enemies":"Lagavulin","floor":13,"turns":1}],"seed_played":"5028354313357831810","potions_obtained":[],"is_trial":false,"path_per_floor":["M","$","M","?","$","R","$","R","T","R","?","M","E"],"character_chosen":"OPM","items_purchased":[],"campfire_rested":0,"item_purchase_floors":[],"current_hp_per_floor":[1118,1128,1138,1148,1158,1168,1178,1188,1198,1208,1218,1228,1228,1228],"gold":516,"neow_bonus":"TEN_PERCENT_HP_BONUS","is_daily":false,"chose_seed":false,"campfire_upgraded":3,"win_rate":0.0,"timestamp":1611439212,"path_taken":["M","$","?","?","$","R","?","R","T","R","?","M","E"],"items_purchased_type":[],"build_version":"2020-12-22","purchased_purges":3,"victory":false,"max_hp_per_floor":[1118,1128,1138,1148,1158,1168,1178,1188,1198,1208,1218,1228,1228,1228],"card_choices":[{"not_picked":["Side_Hop","Wear_Disguise"],"picked":"Slap","floor":1},{"not_picked":["Hop","Slap","Normal_Punch"],"picked":"SKIP","floor":3},{"not_picked":["Yawn","Wear_Disguise","Side_Hop"],"picked":"SKIP","floor":12}],"player_experience":157892,"relics_obtained":[{"floor":13,"key":"Mummified Hand"}],"event_choices":[{"damage_healed":0,"gold_gain":0,"player_choice":"Ignored","damage_taken":0,"max_hp_gain":0,"max_hp_loss":0,"event_name":"Transmorgrifier","floor":4,"gold_loss":0},{"damage_healed":0,"gold_gain":1,"player_choice":"1","damage_taken":0,"max_hp_gain":0,"max_hp_loss":0,"event_name":"betterStone:BetterStone","floor":11,"gold_loss":0}],"is_beta":false,"boss_relics":[],"items_purged_floors":[2,5,7],"is_endless":false,"potions_floor_spawned":[],"killed_by":"Lagavulin","ascension_level":0}}