{"host":"9l4mw5jqza9qz9hr","time":1611388965,"event":{"mods":["AchievementEnabler","Always Whale","BaseMod","Colored Map","Minty Spire (QoL Compilation)","StSLib","SuperFastMode"],"gold_per_floor":[116,116,127,27,27,27,56,75,75,88,88,38,38,52,52,131,131,150,200,220,220,220],"floor_reached":21,"language":"KOR","playtime":655,"items_purged":[],"score":295,"play_id":"97102e05-aa94-4f9e-981c-9561234ed797","local_time":"20210123170245","is_ascension_mode":true,"campfire_choices":[{"data":"Whirlwind","floor":6,"key":"SMITH"},{"floor":11,"key":"REST"},{"data":"Uppercut","floor":13,"key":"SMITH"},{"data":"Dark Embrace","floor":15,"key":"SMITH"}],"circlet_count":0,"master_deck":["AscendersBane","Strike_R","Strike_R","Defend_R","Defend_R","Defend_R","Bash","Whirlwind+1","Dark Embrace+1","Armaments+1","Uppercut+1","Shrug It Off","Feel No Pain","Shockwave+1","Shrug It Off+1","Flex+1","Bludgeon","Flame Barrier+1","Heavy Blade"],"relics":["Burning Blood","Toxic Egg 2","Paper Frog","Black Star"],"acts_visited":["Exordium","TheCity"],"potions_floor_usage":[21],"damage_taken":[{"damage":13.0,"enemies":"Jaw Worm","floor":1.0,"turns":4.0},{"damage":1.0,"enemies":"Cultist","floor":3.0,"turns":3.0},{"damage":32,"enemies":"3 Sentries","floor":7,"turns":6},{"damage":6,"enemies":"Small Slimes","floor":8,"turns":3},{"damage":5,"enemies":"Exordium Thugs","floor":10,"turns":3},{"damage":2,"enemies":"Large Slime","floor":14,"turns":4},{"damage":43,"enemies":"Hexaghost","floor":16,"turns":12},{"damage":5,"enemies":"3 Byrds","floor":18,"turns":4},{"damage":3,"enemies":"Chosen","floor":20,"turns":4},{"damage":67,"enemies":"Shelled Parasite and Fungi","floor":21,"turns":6}],"seed_played":"-6449570596898779788","potions_obtained":[{"floor":3.0,"key":"Swift Potion"},{"floor":8,"key":"Block Potion"}],"is_trial":false,"path_per_floor":["M","?","M","$","?","R","E","M","T","M","R","?","R","M","R","B",null,"M","?","M","M"],"character_chosen":"IRONCLAD","items_purchased":["Shrug It Off","Feel No Pain"],"campfire_rested":1,"item_purchase_floors":[4,4],"current_hp_per_floor":[44,44,49,49,49,49,23,23,23,24,48,48,48,52,52,15,64,65,65,68,1,1],"gold":220,"neow_bonus":"TRANSFORM_TWO_CARDS","is_daily":false,"chose_seed":false,"campfire_upgraded":3,"win_rate":0.0,"timestamp":1611388965,"path_taken":["M","?","M","?","?","R","E","M","T","?","R","?","R","M","R","BOSS","M","?","M","M"],"items_purchased_type":["Card","Card"],"build_version":"2020-12-22","purchased_purges":0,"victory":false,"max_hp_per_floor":[80,80,80,80,80,80,80,80,80,80,80,80,80,80,80,80,80,80,80,80,80,80],"card_choices":[{"not_picked":["Shrug It Off","Cleave"],"picked":"Armaments","floor":1.0},{"not_picked":["True Grit","Sword Boomerang"],"picked":"Uppercut","floor":3.0},{"not_picked":["Combust","Wild Strike"],"picked":"Shockwave+1","floor":7},{"not_picked":["Sword Boomerang","Perfected Strike","Twin Strike"],"picked":"SKIP","floor":8},{"not_picked":["Perfected Strike","Intimidate+1"],"picked":"Shrug It Off+1","floor":10},{"not_picked":["Dark Embrace","Thunderclap"],"picked":"Flex+1","floor":14},{"not_picked":["Berserk","Brutality"],"picked":"Bludgeon","floor":16},{"not_picked":["Twin Strike","Pummel"],"picked":"Flame Barrier+1","floor":18},{"not_picked":["Flex+1","Whirlwind"],"picked":"Heavy Blade","floor":20}],"player_experience":233307,"relics_obtained":[{"floor":7,"key":"Toxic Egg 2"},{"floor":9,"key":"Paper Frog"}],"event_choices":[{"cards_removed":["Strike_R"],"damage_healed":0.0,"max_hp_gain":0.0,"max_hp_loss":0.0,"gold_gain":0.0,"event_name":"Bonfire Elementals","player_choice":"Offered Basic","floor":2.0,"gold_loss":0.0,"damage_taken":0.0},{"damage_healed":0,"gold_gain":0,"player_choice":"Grow","damage_taken":0,"max_hp_gain":0,"max_hp_loss":0,"event_name":"Living Wall","floor":5,"gold_loss":0,"cards_upgraded":["Armaments"]},{"cards_removed":["Defend_R"],"damage_healed":0,"gold_gain":0,"player_choice":"Card Removal","damage_taken":0,"max_hp_gain":0,"max_hp_loss":0,"event_name":"The Cleric","floor":12,"gold_loss":50},{"damage_healed":0,"gold_gain":100,"player_choice":"Bet on Murderer","damage_taken":0,"max_hp_gain":0,"max_hp_loss":0,"event_name":"The Joust","floor":19,"gold_loss":50}],"is_beta":false,"boss_relics":[{"not_picked":["Busted Crown","Velvet Choker"],"picked":"Black Star"}],"items_purged_floors":[],"is_endless":false,"potions_floor_spawned":[3,8,14,20],"killed_by":"Shelled Parasite and Fungi","ascension_level":13}}