{"host":"ordk2y2ebcetabk6","time":1611434772,"event":{"mods":["AlwaysNeverKeys","Astrologer","Bard","BaseMod","Better Debug","Colored Map","Colored Powertips","Dark Map","Hermit","Highlight Path","Minty Spire (QoL Compilation)","Permanent Neow","Rare Cards Sparkle","Spire Arcade","StSLib","The Hydrologist","Wide Potions"],"gold_per_floor":[114,114,133,58,69,69,95,95,118,68,78,78,78,8,8,106,106,76,76,76,76,76,76,76,76,76,76,76,76,76,76,76,76,76,76,76,0,0,0,0,0,0,0,0,0,0,0,0,0,0],"floor_reached":51,"language":"ENG","playtime":1583,"items_purged":["Decay"],"score":717,"play_id":"d406dc5d-9eb1-4164-84d2-1c55bc3db0e7","local_time":"20210123134612","is_ascension_mode":false,"campfire_choices":[{"data":"Ragnarok","floor":6,"key":"SMITH"},{"data":"Crescendo","floor":8,"key":"SMITH"},{"data":"Conclude","floor":11,"key":"SMITH"},{"data":"TalkToTheHand","floor":15,"key":"SMITH"},{"data":"Protect","floor":23,"key":"SMITH"},{"data":"PathToVictory","floor":25,"key":"SMITH"},{"data":"PathToVictory","floor":32,"key":"SMITH"},{"data":"WaveOfTheHand","floor":40,"key":"SMITH"},{"floor":47,"key":"REST"},{"floor":49,"key":"REST"}],"circlet_count":0,"master_deck":["Defend_P","Defend_P","Defend_P","Vigilance","Ragnarok+1","Crescendo+1","TalkToTheHand+1","Alpha","Protect+1","MasterReality","PathToVictory+1","BattleHymn","PathToVictory+1","PathToVictory+1","WaveOfTheHand+1","DeusExMachina","WreathOfFlame+1"],"relics":["PureWater","PreservedInsect","Boot","Meat on the Bone","Ectoplasm","Yang","Bottled Lightning","Empty Cage","Red Mask","Calipers","Bottled Tornado","Lantern"],"acts_visited":["Exordium","TheCity","TheBeyond"],"potions_floor_usage":[7,46,46,50,50],"damage_taken":[{"damage":0,"enemies":"2 Louse","floor":1,"turns":1},{"damage":2,"enemies":"Cultist","floor":3,"turns":2},{"damage":0,"enemies":"Small Slimes","floor":5,"turns":2},{"damage":0,"enemies":"3 Sentries","floor":7,"turns":4},{"damage":9,"enemies":"Hexaghost","floor":16,"turns":6},{"damage":15,"enemies":"2 Thieves","floor":18,"turns":2},{"damage":0,"enemies":"Shell Parasite","floor":21,"turns":5},{"damage":0,"enemies":"Snake Plant","floor":24,"turns":2},{"damage":10,"enemies":"3 Cultists","floor":27,"turns":3},{"damage":20,"enemies":"Shelled Parasite and Fungi","floor":30,"turns":5},{"damage":17,"enemies":"Sentry and Sphere","floor":31,"turns":4},{"damage":40,"enemies":"Champ","floor":33,"turns":8},{"damage":34,"enemies":"3 Darklings","floor":35,"turns":4},{"damage":9,"enemies":"Mind Bloom Boss Battle","floor":38,"turns":4},{"damage":4,"enemies":"Orb Walker","floor":44,"turns":3},{"damage":25,"enemies":"Reptomancer","floor":46,"turns":4},{"damage":72,"enemies":"Donu and Deca","floor":50,"turns":6}],"seed_played":"-7415417128329291472","potions_obtained":[{"floor":1,"key":"CultistPotion"},{"floor":5,"key":"DistilledChaos"},{"floor":22,"key":"Strength Potion"}],"is_trial":false,"path_per_floor":["M","?","M","$","M","R","E","R","T","?","R","$","?","$","R","B",null,"M","?","T","M","?","R","M","R","T","M","$","?","M","M","R","B",null,"M","?","?","?","?","R","$","$","T","M","?","E","R","$","R","B",null],"character_chosen":"WATCHER","items_purchased":["TalkToTheHand"],"campfire_rested":2,"item_purchase_floors":[14],"current_hp_per_floor":[51,51,49,49,49,49,49,49,49,49,49,49,37,37,37,40,72,57,57,57,57,57,57,57,57,57,47,47,47,39,34,34,13,72,38,38,38,41,41,41,41,41,41,37,37,24,44,44,64,24],"gold":0,"neow_bonus":"THREE_RARE_CARDS","is_daily":false,"chose_seed":false,"campfire_upgraded":8,"win_rate":0.0,"timestamp":1611434772,"path_taken":["M","?","M","$","?","R","E","R","T","?","R","$","?","$","R","BOSS","M","?","?","?","?","R","M","R","T","?","$","?","?","M","R","BOSS","M","?","?","?","?","R","?","$","T","M","?","E","R","$","R","BOSS"],"items_purchased_type":["Card"],"build_version":"2020-12-22","purchased_purges":1,"victory":true,"max_hp_per_floor":[72,72,72,72,72,72,72,72,72,72,72,72,72,72,72,72,72,72,72,72,72,72,72,72,72,72,72,72,72,72,72,72,72,72,72,68,68,68,68,68,68,68,68,68,68,68,68,68,68,68],"card_choices":[{"not_picked":["Wish","Devotion"],"picked":"Ragnarok","floor":0},{"not_picked":["Weave","PathToVictory","BattleHymn"],"picked":"SKIP","floor":1},{"not_picked":["FlurryOfBlows","Nirvana","JustLucky"],"picked":"SKIP","floor":3},{"not_picked":["Perseverance","Crescendo","Prostrate"],"picked":"SKIP","floor":5},{"not_picked":["Perseverance","Prostrate"],"picked":"Crescendo","floor":5},{"not_picked":["Pray","LikeWater"],"picked":"Conclude","floor":7},{"not_picked":["DevaForm","Omniscience"],"picked":"Alpha","floor":16},{"not_picked":["LikeWater","CrushJoints"],"picked":"Protect","floor":18},{"not_picked":["SignatureMove","CrushJoints"],"picked":"BattleHymn","floor":21},{"not_picked":["FlyingSleeves","FollowUp+1"],"picked":"PathToVictory","floor":24},{"not_picked":["MentalFortress","FlurryOfBlows","Ragnarok"],"picked":"SKIP","floor":27},{"not_picked":["Wallop","FlurryOfBlows","Prostrate"],"picked":"SKIP","floor":30},{"not_picked":["Wallop","FlurryOfBlows","Prostrate"],"picked":"SKIP","floor":30},{"not_picked":["Consecrate+1","Nirvana"],"picked":"WaveOfTheHand","floor":31},{"not_picked":["Ragnarok","DevaForm"],"picked":"DeusExMachina","floor":33},{"not_picked":["FearNoEvil","CutThroughFate+1"],"picked":"WreathOfFlame+1","floor":35},{"not_picked":["MentalFortress+1","SashWhip+1","Fasting2+1"],"picked":"SKIP","floor":44},{"not_picked":["ReachHeaven","PathToVictory","LessonLearned"],"picked":"SKIP","floor":46}],"player_experience":1055554,"relics_obtained":[{"floor":7,"key":"PreservedInsect"},{"floor":9,"key":"Boot"},{"floor":20,"key":"Yang"},{"floor":26,"key":"Bottled Lightning"},{"floor":38,"key":"Calipers"},{"floor":43,"key":"Bottled Tornado"},{"floor":46,"key":"Lantern"}],"event_choices":[{"damage_healed":0,"gold_gain":0,"player_choice":"Cursed","damage_taken":0,"max_hp_gain":0,"max_hp_loss":0,"event_name":"Wheel of Change","floor":2,"gold_loss":0,"cards_obtained":["Decay"]},{"cards_removed":["Strike_P"],"damage_healed":0,"gold_gain":0,"player_choice":"Card Removal","damage_taken":0,"max_hp_gain":0,"max_hp_loss":0,"event_name":"The Cleric","floor":10,"gold_loss":50},{"damage_healed":0,"gold_gain":0,"player_choice":"Success","damage_taken":12,"relics_obtained":["Meat on the Bone"],"max_hp_gain":0,"max_hp_loss":0,"event_name":"Scrap Ooze","floor":13,"gold_loss":0},{"damage_healed":0,"gold_gain":0,"cards_transformed":["Strike_P","Strike_P"],"player_choice":"Became Test Subject","damage_taken":0,"max_hp_gain":0,"max_hp_loss":0,"event_name":"Drug Dealer","floor":19,"gold_loss":0,"cards_obtained":["MasterReality","PathToVictory"]},{"damage_healed":0,"gold_gain":0,"player_choice":"Got Potions","damage_taken":0,"max_hp_gain":0,"max_hp_loss":0,"event_name":"Lab","floor":22,"gold_loss":0},{"damage_healed":0,"gold_gain":0,"player_choice":"Copied","damage_taken":0,"max_hp_gain":0,"max_hp_loss":0,"event_name":"Duplicator","floor":29,"gold_loss":0,"cards_obtained":["PathToVictory"]},{"damage_healed":0,"gold_gain":0,"player_choice":"Max HP","damage_taken":0,"max_hp_gain":0,"max_hp_loss":4,"event_name":"Winding Halls","floor":36,"gold_loss":0},{"damage_healed":0,"gold_gain":0,"player_choice":"Paid","damage_taken":0,"relics_obtained":["Red Mask"],"max_hp_gain":0,"max_hp_loss":0,"event_name":"Tomb of Lord Red Mask","floor":37,"gold_loss":76},{"damage_healed":0,"gold_gain":0,"player_choice":"Fight","damage_taken":0,"max_hp_gain":0,"max_hp_loss":0,"event_name":"MindBloom","floor":38,"gold_loss":0},{"cards_removed":["Defend_P"],"damage_healed":0,"gold_gain":0,"player_choice":"Removed Skill","damage_taken":0,"max_hp_gain":0,"max_hp_loss":0,"event_name":"Falling","floor":39,"gold_loss":0},{"cards_removed":["Conclude"],"damage_healed":0,"gold_gain":0,"player_choice":"Purged","damage_taken":0,"max_hp_gain":0,"max_hp_loss":0,"event_name":"Purifier","floor":45,"gold_loss":0}],"is_beta":false,"boss_relics":[{"not_picked":["VioletLotus","Pandora\u0027s Box"],"picked":"Ectoplasm"},{"not_picked":["Philosopher\u0027s Stone","SlaversCollar"],"picked":"Empty Cage"}],"items_purged_floors":[4],"is_endless":false,"potions_floor_spawned":[1,5,31,33,35],"ascension_level":0}}