{"host":"ft78nznc4009qqbv","time":1611409046,"event":{"mods":["BaseMod","Minty Spire (QoL Compilation)","Quick Restart","StSLib","SuperFastMode"],"gold_per_floor":[116,130,143,123,48,81,99,116,116,138,138,173,183,213,213,308,308,326,326,340,355,371,402,416,448,448,480,480,491,491,506,506,610,610,630,630,113,113,131,131,158,173,199,74,74,74,74,91,91,91],"floor_reached":51,"language":"ZHS","playtime":1816,"items_purged":["Strike_G","Night Terror","Night Terror"],"score":899,"play_id":"c53e4c63-2ce2-46be-8481-681c5a58e164","local_time":"20210123213726","is_ascension_mode":true,"campfire_choices":[{"data":"Storm of Steel","floor":11.0,"key":"SMITH"},{"data":"Accuracy","floor":15.0,"key":"SMITH"},{"data":"Infinite Blades","floor":28,"key":"SMITH"},{"data":"Storm of Steel","floor":32,"key":"SMITH"},{"floor":46,"key":"RECALL"},{"floor":49,"key":"REST"}],"circlet_count":0,"master_deck":["Survivor+1","Neutralize+1","Deadly Poison+1","Storm of Steel+1","Accuracy+1","Infinite Blades+1","Cloak And Dagger+1","Noxious Fumes+1","Cloak And Dagger+1","Blade Dance+1","Backflip+1","Backflip+1","Adrenaline+1","Quick Slash+1","Well Laid Plans+1","Unload+1","Flechettes+1","Riddle With Holes+1","Dagger Spray+1","Backflip+1","Acrobatics+1","After Image+1","Prepared+1","Acrobatics+1","Accuracy+1","Storm of Steel+1"],"relics":["Ring of the Snake","Toy Ornithopter","Kunai","Odd Mushroom","Gambling Chip","Mercury Hourglass","Pandora\u0027s Box","Anchor","Juzu Bracelet","Blue Candle","Unceasing Top","WristBlade","Happy Flower","Matryoshka","Gremlin Horn","Frozen Egg 2","Omamori","Mark of the Bloom"],"acts_visited":["Exordium","TheCity","TheBeyond"],"potions_floor_usage":[],"damage_taken":[{"damage":7.0,"enemies":"Small Slimes","floor":1.0,"turns":5.0},{"damage":4.0,"enemies":"Cultist","floor":2.0,"turns":6.0},{"damage":11.0,"enemies":"Jaw Worm","floor":3.0,"turns":5.0},{"damage":72.0,"enemies":"3 Sentries","floor":6.0,"turns":11.0},{"damage":10.0,"enemies":"Large Slime","floor":7.0,"turns":6.0},{"damage":19.0,"enemies":"Lots of Slimes","floor":8.0,"turns":5.0},{"damage":33.0,"enemies":"The Mushroom Lair","floor":10.0,"turns":7.0},{"damage":18.0,"enemies":"Lagavulin","floor":12.0,"turns":7.0},{"damage":0.0,"enemies":"3 Louse","floor":13.0,"turns":3.0},{"damage":13.0,"enemies":"3 Sentries","floor":14.0,"turns":8.0},{"damage":0.0,"enemies":"Slime Boss","floor":16.0,"turns":7.0},{"damage":0.0,"enemies":"Spheric Guardian","floor":18.0,"turns":3.0},{"damage":0.0,"enemies":"Shell Parasite","floor":20.0,"turns":3.0},{"damage":0.0,"enemies":"Sentry and Sphere","floor":21.0,"turns":3.0},{"damage":13.0,"enemies":"Cultist and Chosen","floor":22.0,"turns":6.0},{"damage":14.0,"enemies":"Slavers","floor":23.0,"turns":5.0},{"damage":20,"enemies":"Snake Plant","floor":24,"turns":5},{"damage":0,"enemies":"Book of Stabbing","floor":25,"turns":5},{"damage":0,"enemies":"Slavers","floor":27,"turns":6},{"damage":0,"enemies":"Centurion and Healer","floor":29,"turns":5},{"damage":0,"enemies":"Snecko","floor":31,"turns":5},{"damage":76,"enemies":"Collector","floor":33,"turns":9},{"damage":1,"enemies":"3 Shapes","floor":35,"turns":4},{"damage":0,"enemies":"3 Darklings","floor":39,"turns":4},{"damage":13,"enemies":"Giant Head","floor":41,"turns":6},{"damage":22,"enemies":"Spire Growth","floor":42,"turns":6},{"damage":20,"enemies":"4 Shapes","floor":48,"turns":3},{"damage":63,"enemies":"Awakened One","floor":50,"turns":7}],"seed_played":"-5820484913415620012","potions_obtained":[{"floor":2.0,"key":"Regen Potion"},{"floor":3.0,"key":"LiquidBronze"},{"floor":4.0,"key":"Weak Potion"},{"floor":42,"key":"CunningPotion"}],"is_trial":false,"path_per_floor":["M","M","M","?","$","E","M","M","T","?","R","E","M","E","R","B",null,"M","?","M","M","M","E","M","E","T","E","R","M","?","M","R","B",null,"M","?","$","?","M","?","E","M","T","$","?","R","$","M","R","B",null],"character_chosen":"THE_SILENT","items_purchased":["Happy Flower","Matryoshka"],"campfire_rested":1,"item_purchase_floors":[37,37],"current_hp_per_floor":[70,77,77,77,77,77,77,77,77,77,77,77,77,77,77,77,77,77,77,77,77,77,70,77,77,77,77,77,77,77,77,77,77,77,77,77,77,73,73,73,73,73,73,73,73,73,73,73,73,73],"gold":91,"neow_bonus":"TEN_PERCENT_HP_BONUS","is_daily":false,"chose_seed":false,"campfire_upgraded":4,"win_rate":0.0,"timestamp":1611409046,"path_taken":["M","M","M","?","$","E","M","?","T","?","R","E","M","E","R","BOSS","M","?","M","?","M","E","M","E","T","E","R","M","?","M","R","BOSS","M","?","$","?","M","?","E","M","T","$","?","R","?","M","R","BOSS"],"items_purchased_type":["Relic","Relic"],"build_version":"2020-12-22","purchased_purges":3,"victory":true,"max_hp_per_floor":[77,77,77,77,77,77,77,77,77,77,77,77,77,77,77,77,77,77,77,77,77,77,77,77,77,77,77,77,77,77,77,77,77,77,77,77,77,73,73,73,73,73,73,73,73,73,73,73,73,73],"card_choices":[{"not_picked":["Prepared","Eviscerate"],"picked":"Deadly Poison","floor":1.0},{"not_picked":["Endless Agony","Underhanded Strike"],"picked":"Storm of Steel","floor":2.0},{"not_picked":["Bane","Poisoned Stab"],"picked":"Accuracy","floor":3.0},{"not_picked":["Tactician","Bouncing Flask"],"picked":"Infinite Blades","floor":6.0},{"not_picked":["Eviscerate","PiercingWail"],"picked":"Cloak And Dagger","floor":7.0},{"not_picked":["Dagger Spray","Bane"],"picked":"Noxious Fumes","floor":8.0},{"not_picked":["Dodge and Roll","Acrobatics"],"picked":"Cloak And Dagger","floor":10.0},{"not_picked":["PiercingWail","Backflip"],"picked":"Blade Dance","floor":12.0},{"not_picked":["Poisoned Stab","Prepared"],"picked":"Backflip","floor":13.0},{"not_picked":["Deflect","Glass Knife"],"picked":"Backflip","floor":14.0},{"not_picked":["Glass Knife","Unload"],"picked":"Adrenaline","floor":16.0},{"not_picked":["Bouncing Flask","Terror","All Out Attack+1"],"picked":"SKIP","floor":18.0},{"not_picked":["Blade Dance","Quick Slash"],"picked":"Backflip","floor":20.0},{"not_picked":["Footwork+1","Underhanded Strike","Dash"],"picked":"SKIP","floor":21.0},{"not_picked":["Deflect+1","Prepared"],"picked":"Acrobatics","floor":22.0},{"not_picked":["Endless Agony+1","Bouncing Flask"],"picked":"After Image","floor":23},{"not_picked":["Slice","Deflect+1"],"picked":"Prepared+1","floor":24},{"not_picked":["Outmaneuver+1","Distraction","Deadly Poison+1"],"picked":"SKIP","floor":25},{"not_picked":["Escape Plan+1","Well Laid Plans"],"picked":"Acrobatics","floor":27},{"not_picked":["Riddle With Holes","All Out Attack+1"],"picked":"Accuracy","floor":29},{"not_picked":["Calculated Gamble","Dodge and Roll"],"picked":"Storm of Steel","floor":31},{"not_picked":["PiercingWail+1","Deadly Poison+1","Blade Dance"],"picked":"SKIP","floor":35},{"not_picked":["Blade Dance+1","Deadly Poison","Bane+1"],"picked":"SKIP","floor":39},{"not_picked":["Infinite Blades","Deadly Poison","Slice"],"picked":"SKIP","floor":41},{"not_picked":["Sucker Punch","Terror+1","Bane+1"],"picked":"SKIP","floor":42},{"not_picked":["Outmaneuver","Heel Hook+1","Flying Knee+1"],"picked":"SKIP","floor":48}],"player_experience":78665,"relics_obtained":[{"floor":6.0,"key":"Toy Ornithopter"},{"floor":9.0,"key":"Kunai"},{"floor":10.0,"key":"Odd Mushroom"},{"floor":12.0,"key":"Gambling Chip"},{"floor":14.0,"key":"Mercury Hourglass"},{"floor":23,"key":"Anchor"},{"floor":25,"key":"Juzu Bracelet"},{"floor":26,"key":"Blue Candle"},{"floor":27,"key":"Unceasing Top"},{"floor":41,"key":"Gremlin Horn"},{"floor":43,"key":"Frozen Egg 2"},{"floor":43,"key":"Omamori"}],"event_choices":[{"damage_healed":0.0,"max_hp_gain":0.0,"max_hp_loss":0.0,"gold_gain":0.0,"event_name":"The Woman in Blue","player_choice":"Bought 1 Potion","floor":4.0,"gold_loss":0.0,"damage_taken":0.0},{"damage_healed":0.0,"max_hp_gain":0.0,"max_hp_loss":0.0,"gold_gain":0.0,"event_name":"Mushrooms","player_choice":"Fought Mushrooms","floor":10.0,"gold_loss":0.0,"damage_taken":0.0},{"damage_healed":0.0,"max_hp_gain":0.0,"max_hp_loss":0.0,"gold_gain":0.0,"event_name":"Upgrade Shrine","player_choice":"Upgraded","floor":19.0,"gold_loss":0.0,"damage_taken":0.0,"cards_upgraded":["Blade Dance"]},{"cards_removed":["Eviscerate"],"damage_healed":0,"gold_gain":0,"player_choice":"Elegance","damage_taken":0,"max_hp_gain":0,"max_hp_loss":0,"event_name":"Back to Basics","floor":30,"gold_loss":0},{"damage_healed":0,"gold_gain":0,"player_choice":"Ignored","damage_taken":0,"max_hp_gain":0,"max_hp_loss":0,"event_name":"Tomb of Lord Red Mask","floor":36,"gold_loss":0},{"damage_healed":0,"gold_gain":0,"player_choice":"Max HP","damage_taken":0,"max_hp_gain":0,"max_hp_loss":4,"event_name":"Winding Halls","floor":38,"gold_loss":0},{"damage_healed":0,"gold_gain":0,"player_choice":"Memory 1","damage_taken":0,"max_hp_gain":0,"max_hp_loss":0,"event_name":"SensoryStone","floor":40,"gold_loss":0},{"damage_healed":0,"gold_gain":0,"player_choice":"Upgrade","damage_taken":0,"relics_obtained":["Mark of the Bloom"],"max_hp_gain":0,"max_hp_loss":0,"event_name":"MindBloom","floor":45,"gold_loss":0,"cards_upgraded":["Survivor","Neutralize","Deadly Poison","Cloak And Dagger","Noxious Fumes","Cloak And Dagger","Backflip","Backflip","Adrenaline","Quick Slash","Well Laid Plans","Unload","Flechettes","Riddle With Holes","Dagger Spray","Backflip","Acrobatics","After Image","Acrobatics","Accuracy"]}],"is_beta":false,"boss_relics":[{"not_picked":["Velvet Choker","Runic Dome"],"picked":"Pandora\u0027s Box"},{"not_picked":["Calling Bell","SlaversCollar"],"picked":"WristBlade"}],"items_purged_floors":[5,37,44],"is_endless":false,"potions_floor_spawned":[2,3,8,10,13,16,21,22,23,25,33,35,42],"ascension_level":1}}