{"host":"y24pqu7jih1n8m3t","time":1611395089,"event":{"mods":["AchievementEnabler","BaseMod","Bestiary","Block Reminder","Colored Map","Colored Powertips","DeckTracker","Highlight Path","Minty Spire (QoL Compilation)","Permanent Neow","Quick Restart","Rare Cards Sparkle","Relic Stats"],"gold_per_floor":[12,24,40,5,20,49,49,49,49],"floor_reached":8,"language":"ENG","playtime":540,"items_purged":[],"score":64,"play_id":"181a8fd0-43a2-45fe-a80e-50975b04ae62","local_time":"20210123044449","is_ascension_mode":true,"campfire_choices":[],"circlet_count":0,"master_deck":["Strike_B","Strike_B","Strike_B","Defend_B","Defend_B","Defend_B","Zap","Dualcast","Conserve Battery","Core Surge","Turbo","Turbo","Self Repair","Capacitor","Fission"],"relics":["Cracked Core","Mango","Juzu Bracelet"],"acts_visited":["Exordium"],"potions_floor_usage":[],"damage_taken":[{"damage":2,"enemies":"2 Louse","floor":1,"turns":2},{"damage":3,"enemies":"Small Slimes","floor":2,"turns":2},{"damage":7,"enemies":"Jaw Worm","floor":3,"turns":4},{"damage":9,"enemies":"Blue Slaver","floor":5,"turns":4},{"damage":31,"enemies":"Lagavulin","floor":6,"turns":9},{"damage":37,"enemies":"3 Sentries","floor":8,"turns":5}],"seed_played":"6526175237071860171","potions_obtained":[{"floor":2,"key":"SteroidPotion"},{"floor":3,"key":"GamblersBrew"},{"floor":6,"key":"Dexterity Potion"}],"is_trial":false,"path_per_floor":["M","M","M","?","M","E","?","E"],"character_chosen":"DEFECT","items_purchased":[],"campfire_rested":0,"item_purchase_floors":[],"current_hp_per_floor":[73,70,63,75,73,63,56,19,19],"gold":49,"neow_bonus":"TRANSFORM_TWO_CARDS","is_daily":false,"chose_seed":false,"campfire_upgraded":0,"win_rate":0.0,"timestamp":1611395089,"path_taken":["M","M","M","?","M","E","?","E"],"items_purchased_type":[],"build_version":"2020-12-22","purchased_purges":0,"victory":false,"max_hp_per_floor":[75,75,75,75,75,89,89,89,89],"relic_stats":{"counters":[6,26],"Juzu Bracelet":0,"obtain_stats":[{"Mango":6,"Juzu Bracelet":7,"Cracked Core":0},{"Mango":5,"Juzu Bracelet":5,"Cracked Core":0},{"Mango":21,"Juzu Bracelet":21,"Cracked Core":0}]},"card_choices":[{"not_picked":["Sweeping Beam","Lockon"],"picked":"Turbo","floor":1},{"not_picked":["Scrape","Doom and Gloom"],"picked":"Turbo","floor":2},{"not_picked":["Fission","Defragment"],"picked":"Self Repair","floor":3},{"not_picked":["Darkness","Turbo"],"picked":"Capacitor","floor":5},{"not_picked":["Hello World","Rebound"],"picked":"Fission","floor":6}],"player_experience":147329,"relics_obtained":[{"floor":6,"key":"Mango"}],"event_choices":[{"damage_healed":18,"gold_gain":0,"player_choice":"Healed","damage_taken":0,"max_hp_gain":0,"max_hp_loss":0,"event_name":"The Cleric","floor":4,"gold_loss":35},{"damage_healed":0,"gold_gain":0,"player_choice":"Success","damage_taken":7,"relics_obtained":["Juzu Bracelet"],"max_hp_gain":0,"max_hp_loss":0,"event_name":"Scrap Ooze","floor":7,"gold_loss":0}],"is_beta":false,"boss_relics":[],"items_purged_floors":[],"is_endless":false,"potions_floor_spawned":[2,3,6],"killed_by":"3 Sentries","ascension_level":2}}