{"host":"x3xr1fzypq6qqz5s","time":1611428714,"event":{"mods":["BaseMod","Better Vampires","Colored Powertips","DeckTracker","Highlight Path","Minty Spire (QoL Compilation)","Quick Restart","Rare Cards Sparkle","Relic Stats"],"gold_per_floor":[112,72,90,107,125,160,174,19,19,19,41,41,41,54,54,54,54],"floor_reached":16,"language":"ZHS","playtime":1356,"items_purged":[],"score":102,"play_id":"f40563dc-8e4a-4536-8328-37a998e45027","local_time":"20210124030514","is_ascension_mode":false,"campfire_choices":[{"floor":12.0,"key":"REST"},{"data":"Devotion","floor":15,"key":"SMITH"}],"circlet_count":0,"master_deck":["Strike_P","Strike_P","Strike_P+1","Strike_P","Defend_P","Defend_P","Defend_P","Defend_P+1","Eruption","Vigilance","FollowUp+1","Devotion+1","EmptyMind+1","LessonLearned","Evaluate","ThirdEye"],"relics":["PureWater","Eternal Feather","Odd Mushroom"],"acts_visited":["Exordium"],"potions_floor_usage":[14,16],"damage_taken":[{"damage":0.0,"enemies":"2 Louse","floor":1.0,"turns":2.0},{"damage":2.0,"enemies":"Cultist","floor":3.0,"turns":4.0},{"damage":0.0,"enemies":"Small Slimes","floor":4.0,"turns":2.0},{"damage":2.0,"enemies":"Looter","floor":5.0,"turns":3.0},{"damage":23.0,"enemies":"Lagavulin","floor":6.0,"turns":6.0},{"damage":7.0,"enemies":"Exordium Wildlife","floor":7.0,"turns":4.0},{"damage":31.0,"enemies":"The Mushroom Lair","floor":11.0,"turns":6.0},{"damage":4,"enemies":"Lots of Slimes","floor":14,"turns":3},{"damage":27,"enemies":"The Guardian","floor":16,"turns":5}],"seed_played":"4226018963977740059","potions_obtained":[{"floor":2.0,"key":"Regen Potion"},{"floor":2.0,"key":"SneckoOil"},{"floor":2.0,"key":"FairyPotion"},{"floor":7.0,"key":"SteroidPotion"},{"floor":11.0,"key":"ColorlessPotion"},{"floor":14,"key":"SmokeBomb"}],"is_trial":false,"path_per_floor":["M","?","M","M","M","E","M","$","T","?","?","R","?","M","R","B"],"character_chosen":"WATCHER","items_purchased":["LessonLearned"],"campfire_rested":1,"item_purchase_floors":[8],"current_hp_per_floor":[72,72,70,70,68,45,38,38,38,38,22,52,38,34,43,16,16],"gold":54,"neow_bonus":"ONE_RANDOM_RARE_CARD","is_daily":false,"chose_seed":false,"campfire_upgraded":1,"win_rate":0.0,"timestamp":1611428714,"path_taken":["M","?","M","M","?","E","?","$","T","?","?","R","?","?","R","BOSS"],"items_purchased_type":["Card"],"build_version":"2020-12-22","purchased_purges":0,"victory":false,"max_hp_per_floor":[72,72,72,72,72,72,72,72,72,72,72,72,72,72,72,72,72],"relic_stats":{"counters":[9,35],"Eternal Feather":18,"obtain_stats":[{"Eternal Feather":6,"PureWater":0,"Odd Mushroom":11},{"Eternal Feather":5,"PureWater":0,"Odd Mushroom":7},{"Eternal Feather":17,"PureWater":0,"Odd Mushroom":27}]},"card_choices":[{"not_picked":["ThirdEye","Indignation"],"picked":"FollowUp","floor":1.0},{"not_picked":["CutThroughFate","SashWhip","WaveOfTheHand"],"picked":"SKIP","floor":3.0},{"not_picked":["WaveOfTheHand","LikeWater","Halt"],"picked":"SKIP","floor":4.0},{"not_picked":["WheelKick","EmptyBody"],"picked":"Devotion","floor":5.0},{"not_picked":["Weave","Protect","Halt"],"picked":"SKIP","floor":6.0},{"not_picked":["Evaluate","Swivel"],"picked":"EmptyMind","floor":7.0},{"not_picked":["SignatureMove","WaveOfTheHand"],"picked":"Evaluate","floor":11.0},{"not_picked":["Scrawl","Weave"],"picked":"ThirdEye","floor":14}],"player_experience":619696,"relics_obtained":[{"floor":6.0,"key":"Eternal Feather"},{"floor":11.0,"key":"Odd Mushroom"}],"event_choices":[{"damage_healed":0.0,"max_hp_gain":0.0,"max_hp_loss":0.0,"gold_gain":0.0,"event_name":"The Woman in Blue","player_choice":"Bought 3 Potions","floor":2.0,"gold_loss":0.0,"damage_taken":0.0},{"cards_removed":["Blasphemy"],"damage_healed":0.0,"max_hp_gain":0.0,"max_hp_loss":0.0,"gold_gain":0.0,"event_name":"Living Wall","player_choice":"Forget","floor":10.0,"gold_loss":0.0,"damage_taken":0.0},{"damage_healed":0.0,"max_hp_gain":0.0,"max_hp_loss":0.0,"gold_gain":0.0,"event_name":"Mushrooms","player_choice":"Fought Mushrooms","floor":11.0,"gold_loss":0.0,"damage_taken":0.0},{"damage_healed":0.0,"max_hp_gain":0.0,"max_hp_loss":0.0,"gold_gain":0.0,"event_name":"Shining Light","player_choice":"Entered Light","floor":13.0,"gold_loss":0.0,"damage_taken":14.0,"cards_upgraded":["EmptyMind","Defend_P"]}],"is_beta":false,"boss_relics":[],"items_purged_floors":[],"is_endless":false,"potions_floor_spawned":[3,5,7,11,14],"killed_by":"The Guardian","ascension_level":0}}