{"host":"mo324zvkdr1xwprd","time":1611360763,"event":{"mods":["BaseMod","Better Note","BetterRewards","Hermit","Highlight Path","Hubris","Minty Spire (QoL Compilation)","Quick Restart","Rare Cards Sparkle","Shop Mod","StSLib","The Cursed","The Hierophant"],"gold_per_floor":[118,128,146,146,158,192,210,235,285,311,311,324,424,459,459,589,589,602,620,636,469,568,568,588,601,647,647,273,298,336,367,367,367,367],"floor_reached":33,"language":"ENG","playtime":2382,"items_purged":[],"score":329,"play_id":"142a61fd-3ec4-4b70-95bd-9219d56897bd","local_time":"20210123001242","is_ascension_mode":true,"campfire_choices":[{"floor":15,"key":"REST"},{"floor":23,"key":"RECALL"},{"floor":27,"key":"REST"},{"floor":32,"key":"REST"}],"circlet_count":0,"master_deck":["Strike_R","Strike_R","Strike_R","Strike_R","Defend_R","Defend_R","Defend_R","Defend_R","Bash","Flex","Cleave","Cleave","Headbutt","Anger","Perfected Strike","Pommel Strike+1","Rampage+1","Injury","Twin Strike+1","Thunderclap+1","Juggernaut","Wild Strike+1","Anger+1","hubris:ReadiedAction","Discovery","Limit Break","Perfected Strike+1","Anger+1","Finesse","Mayhem","Sword Boomerang+1","Warcry","Feed+1","hubris:DuctTapeCard"],"relics":["Burning Blood","hubris:64BitClover","Molten Egg 2","Art of War","Boot","Golden Idol","Darkstone Periapt","hubris:HollowSoul","hubris:MedicalManual","Red Mask","hubris:DuctTape"],"acts_visited":["Exordium","TheCity"],"potions_floor_usage":[6,7,8,16,18,19,29,29,29,33],"damage_taken":[{"damage":1,"enemies":"Cultist","floor":1,"turns":3},{"damage":8,"enemies":"2 Louse","floor":2,"turns":3},{"damage":0,"enemies":"Small Slimes","floor":3,"turns":2},{"damage":5,"enemies":"2 Fungi Beasts","floor":5,"turns":3},{"damage":26,"enemies":"Lagavulin","floor":6,"turns":5},{"damage":9,"enemies":"Red Slaver","floor":7,"turns":3},{"damage":17,"enemies":"3 Sentries","floor":8,"turns":4},{"damage":26,"enemies":"Lagavulin","floor":10,"turns":5},{"damage":11,"enemies":"Blue Slaver","floor":12,"turns":3},{"damage":17,"enemies":"3 Sentries","floor":14,"turns":6},{"damage":51,"enemies":"The Guardian","floor":16,"turns":8},{"damage":9,"enemies":"Shell Parasite","floor":18,"turns":2},{"damage":16,"enemies":"2 Thieves","floor":19,"turns":3},{"damage":17,"enemies":"3 Cultists","floor":20,"turns":4},{"damage":24,"enemies":"Snake Plant","floor":24,"turns":2},{"damage":44,"enemies":"Sentry and Sphere","floor":25,"turns":5},{"damage":6,"enemies":"3 Cultists","floor":29,"turns":3},{"damage":10,"enemies":"Masked Bandits","floor":30,"turns":3},{"damage":48,"enemies":"Slavers","floor":31,"turns":4},{"damage":22,"enemies":"Champ","floor":33,"turns":2}],"seed_played":"-3869348727153975526","potions_obtained":[{"floor":3,"key":"FearPotion"},{"floor":6,"key":"CultistPotion"},{"floor":7,"key":"BloodPotion"},{"floor":14,"key":"Energy Potion"},{"floor":16,"key":"DistilledChaos"},{"floor":18,"key":"Block Potion"},{"floor":24,"key":"FearPotion"},{"floor":25,"key":"Fire Potion"},{"floor":31,"key":"Dexterity Potion"}],"is_trial":false,"path_per_floor":["M","M","M","?","M","E","M","E","T","E","?","M","?","E","R","B",null,"M","M","M","$","?","R","M","M","T","R","$","M","?","E","R","B"],"character_chosen":"IRONCLAD","items_purchased":["Inflame","Discovery","Anger+1","Finesse","Mayhem","BloodPotion"],"campfire_rested":3,"item_purchase_floors":[21,21,28,28,28,28],"current_hp_per_floor":[88,86,88,93,93,73,88,77,77,57,57,52,52,41,68,23,93,90,80,69,69,69,69,51,13,13,40,40,58,54,12,39,0,0],"gold":367,"neow_bonus":"TEN_PERCENT_HP_BONUS","is_daily":false,"chose_seed":false,"campfire_upgraded":0,"win_rate":0.0,"timestamp":1611360762,"path_taken":["M","M","?","?","M","E","M","E","T","E","?","M","?","E","R","BOSS","M","M","M","$","?","R","M","M","T","R","$","M","?","E","R","BOSS"],"items_purchased_type":["Card","Card","Card","Card","Card","Potion"],"build_version":"2020-12-22","purchased_purges":0,"victory":false,"max_hp_per_floor":[88,88,88,93,93,93,93,93,93,93,93,93,93,93,93,93,93,93,93,93,93,93,93,93,93,93,93,93,93,93,93,93,93,93],"card_choices":[{"not_picked":["Battle Trance","Thunderclap"],"picked":"Flex","floor":1},{"not_picked":["Combust","Shrug It Off"],"picked":"Cleave","floor":2},{"not_picked":["Armaments","Feel No Pain"],"picked":"Cleave","floor":3},{"not_picked":["Sever Soul","Second Wind"],"picked":"Headbutt","floor":5},{"not_picked":["Cleave","Spot Weakness"],"picked":"Anger","floor":6},{"not_picked":["True Grit","Feel No Pain"],"picked":"Perfected Strike","floor":7},{"not_picked":["Blood for Blood+1","Rage"],"picked":"Pommel Strike+1","floor":8},{"not_picked":["hubris:CleavingFinish+1","Infernal Blade"],"picked":"Rampage+1","floor":10},{"not_picked":["Disarm","Wild Strike+1"],"picked":"Twin Strike+1","floor":12},{"not_picked":["Whirlwind+1","Juggernaut"],"picked":"Thunderclap+1","floor":14},{"not_picked":["Fiend Fire+1","Berserk"],"picked":"Juggernaut","floor":16},{"not_picked":["Warcry","Armaments"],"picked":"Wild Strike+1","floor":18},{"not_picked":["Ghostly Armor","Clothesline+1"],"picked":"Anger+1","floor":19},{"not_picked":["True Grit","Perfected Strike+1"],"picked":"hubris:ReadiedAction","floor":20},{"not_picked":["Blood for Blood+1","Anger+1"],"picked":"Limit Break","floor":24},{"not_picked":["Anger+1","Armaments"],"picked":"Perfected Strike+1","floor":25},{"not_picked":["Armaments","Bloodletting"],"picked":"Sword Boomerang+1","floor":29},{"not_picked":["Armaments","Spot Weakness"],"picked":"Warcry","floor":30},{"not_picked":["Seeing Red","Warcry"],"picked":"Feed+1","floor":31}],"player_experience":335922,"relics_obtained":[{"floor":6,"key":"hubris:64BitClover"},{"floor":8,"key":"Molten Egg 2"},{"floor":9,"key":"Art of War"},{"floor":10,"key":"Boot"},{"floor":14,"key":"Darkstone Periapt"},{"floor":24,"key":"hubris:MedicalManual"},{"floor":30,"key":"Red Mask"},{"floor":31,"key":"hubris:DuctTape"}],"event_choices":[{"damage_healed":0,"gold_gain":0,"player_choice":"Donut","damage_taken":0,"max_hp_gain":5,"max_hp_loss":0,"event_name":"Big Fish","floor":4,"gold_loss":0},{"damage_healed":0,"gold_gain":0,"player_choice":"Take Wound","damage_taken":0,"relics_obtained":["Golden Idol"],"max_hp_gain":0,"max_hp_loss":0,"event_name":"Golden Idol","floor":11,"gold_loss":0,"cards_obtained":["Injury"]},{"damage_healed":0,"gold_gain":100,"player_choice":"Pray","damage_taken":0,"max_hp_gain":0,"max_hp_loss":0,"event_name":"Golden Shrine","floor":13,"gold_loss":0},{"damage_healed":0,"gold_gain":99,"player_choice":"Stole From Cult","damage_taken":0,"max_hp_gain":0,"max_hp_loss":0,"event_name":"Nest","floor":22,"gold_loss":0},{"damage_healed":0,"gold_gain":0,"player_choice":"Fought Bandits","damage_taken":0,"max_hp_gain":0,"max_hp_loss":0,"event_name":"Masked Bandits","floor":30,"gold_loss":0}],"is_beta":false,"boss_relics":[{"not_picked":["Velvet Choker","hubris:Stopwatch"],"picked":"hubris:HollowSoul"}],"items_purged_floors":[],"is_endless":false,"potions_floor_spawned":[3,6,7,14,16,18,24,25,31],"killed_by":"Champ","ascension_level":2}}