{"host":"1dz819zv7fs9tsdy","time":1611436115,"event":{"mods":["AchievementEnabler","BaseMod","Colored Powertips","Curses Come First","Minty Spire (QoL Compilation)","Rare Cards Sparkle","StSLib"],"gold_per_floor":[110,110,84,94,104,133,152,185,210,210,223,233,259,164,164,262,262,282,295,312,327,327,327,327],"floor_reached":23,"language":"ENG","playtime":6467,"items_purged":[],"score":247,"play_id":"1c65f886-d80a-4444-bd57-e8ae9b132d28","local_time":"20210123210835","is_ascension_mode":true,"campfire_choices":[{"floor":10,"key":"REST"},{"data":"Armaments","floor":15,"key":"SMITH"}],"circlet_count":0,"master_deck":["Strike_R","Strike_R","Strike_R","Strike_R","Strike_R","Defend_R","Defend_R+1","Defend_R","Defend_R","Bash","Armaments+1","Flex","Ghostly Armor+1","Reckless Charge","Pommel Strike","Heavy Blade","Thunderclap","Intimidate","Clothesline","Feel No Pain","Iron Wave","Reaper","Sentinel","Wild Strike+1"],"relics":["Busted Crown","Blood Vial","War Paint","Anchor","Strawberry","Velvet Choker"],"acts_visited":["Exordium","TheCity"],"potions_floor_usage":[6,8,16,20,23,23],"damage_taken":[{"damage":0,"enemies":"2 Louse","floor":1,"turns":2},{"damage":0,"enemies":"Cultist","floor":4,"turns":2},{"damage":0,"enemies":"Small Slimes","floor":5,"turns":3},{"damage":34,"enemies":"Gremlin Nob","floor":6,"turns":5},{"damage":4,"enemies":"2 Fungi Beasts","floor":7,"turns":2},{"damage":35,"enemies":"3 Sentries","floor":8,"turns":8},{"damage":0,"enemies":"Looter","floor":11,"turns":2},{"damage":0,"enemies":"Blue Slaver","floor":12,"turns":3},{"damage":4,"enemies":"Lagavulin","floor":13,"turns":5},{"damage":21,"enemies":"Slime Boss","floor":16,"turns":10},{"damage":15,"enemies":"Spheric Guardian","floor":18,"turns":5},{"damage":0,"enemies":"Chosen","floor":19,"turns":4},{"damage":41,"enemies":"Sentry and Sphere","floor":20,"turns":6},{"damage":7,"enemies":"Chosen and Byrds","floor":21,"turns":4},{"damage":82,"enemies":"Book of Stabbing","floor":23,"turns":8}],"seed_played":"2010957635501178749","potions_obtained":[{"floor":2,"key":"FearPotion"},{"floor":2,"key":"BloodPotion"},{"floor":2,"key":"LiquidMemories"},{"floor":7,"key":"Dexterity Potion"},{"floor":11,"key":"Block Potion"},{"floor":13,"key":"HeartOfIron"},{"floor":16,"key":"Strength Potion"},{"floor":18,"key":"BloodPotion"},{"floor":20,"key":"Energy Potion"}],"is_trial":false,"path_per_floor":["M","?","$","M","M","E","M","E","T","R","M","M","E","$","R","B",null,"M","M","M","M","?","E"],"character_chosen":"IRONCLAD","items_purchased":["Flex","Feel No Pain","Iron Wave"],"campfire_rested":1,"item_purchase_floors":[3,14,14],"current_hp_per_floor":[80,80,80,80,80,46,44,11,11,35,37,39,44,44,44,25,87,72,74,39,36,36,0,0],"gold":327,"neow_bonus":"BOSS_RELIC","is_daily":false,"chose_seed":false,"campfire_upgraded":1,"win_rate":0.0,"timestamp":1611436115,"path_taken":["M","?","$","?","M","E","M","E","T","R","?","M","E","$","R","BOSS","M","M","M","M","?","E"],"items_purchased_type":["Card","Card","Card"],"build_version":"2020-12-22","purchased_purges":0,"victory":false,"max_hp_per_floor":[80,80,80,80,80,80,80,80,80,80,80,80,87,87,87,87,87,87,87,87,87,87,87,87],"card_choices":[{"not_picked":[],"picked":"Armaments","floor":1},{"not_picked":[],"picked":"Ghostly Armor","floor":4},{"not_picked":[],"picked":"Reckless Charge","floor":5},{"not_picked":[],"picked":"Pommel Strike","floor":6},{"not_picked":[],"picked":"Heavy Blade","floor":7},{"not_picked":[],"picked":"Thunderclap","floor":8},{"not_picked":[],"picked":"Intimidate","floor":11},{"not_picked":[],"picked":"Clothesline","floor":12},{"not_picked":["Sword Boomerang"],"picked":"SKIP","floor":13},{"not_picked":[],"picked":"Reaper","floor":16},{"not_picked":["Havoc+1"],"picked":"SKIP","floor":18},{"not_picked":[],"picked":"Sentinel","floor":19},{"not_picked":["Heavy Blade+1"],"picked":"SKIP","floor":20},{"not_picked":[],"picked":"Wild Strike+1","floor":21}],"player_experience":292951,"relics_obtained":[{"floor":6,"key":"Blood Vial"},{"floor":8,"key":"War Paint"},{"floor":9,"key":"Anchor"},{"floor":13,"key":"Strawberry"}],"event_choices":[{"damage_healed":0,"gold_gain":0,"player_choice":"Got Potions","damage_taken":0,"max_hp_gain":0,"max_hp_loss":0,"event_name":"Lab","floor":2,"gold_loss":0},{"damage_healed":0,"gold_gain":0,"player_choice":"Ignored","damage_taken":0,"max_hp_gain":0,"max_hp_loss":0,"event_name":"Beggar","floor":22,"gold_loss":0}],"is_beta":false,"boss_relics":[{"not_picked":["Black Star","Ectoplasm"],"picked":"Velvet Choker"}],"items_purged_floors":[],"is_endless":false,"potions_floor_spawned":[4,7,11,13,16,18,20],"killed_by":"Book of Stabbing","ascension_level":3}}