{"host":"qekv59dthhdg54sz","time":1611379441,"event":{"mods":["AchievementEnabler","BaseMod","Colored Map","DeckTracker","KOR Keyword Fix","Minty Spire (QoL Compilation)","Rare Cards Sparkle","StSLib","SuperFastMode"],"gold_per_floor":[112,127,33,52,52,86,86,86,154,174,174,174,217,240,240,240,240],"floor_reached":16,"language":"KOR","playtime":262,"items_purged":[],"score":220,"play_id":"bc24e17a-88d4-486e-908c-98cb75e72cbc","local_time":"20210123142401","is_ascension_mode":true,"campfire_choices":[{"data":"Choke","floor":8,"key":"SMITH"},{"data":"Deadly Poison","floor":11,"key":"SMITH"},{"data":"Acrobatics","floor":15,"key":"SMITH"}],"circlet_count":0,"master_deck":["AscendersBane","Strike_G","Strike_G","Strike_G","Strike_G","Strike_G","Defend_G","Defend_G","Defend_G","Defend_G","Defend_G","Survivor","Neutralize+1","Flying Knee","Choke+1","Flash of Steel","Blade Dance","Deadly Poison+1","Acrobatics+1","Blade Dance"],"relics":["Ring of the Snake","NeowsBlessing","Golden Idol","Strawberry","Meat on the Bone","White Beast Statue","Kunai"],"acts_visited":["Exordium"],"potions_floor_usage":[6,14,14,16],"damage_taken":[{"damage":0,"enemies":"Cultist","floor":1,"turns":1},{"damage":0,"enemies":"Small Slimes","floor":2,"turns":1},{"damage":0,"enemies":"Jaw Worm","floor":4,"turns":1},{"damage":38,"enemies":"Gremlin Nob","floor":6,"turns":5},{"damage":3,"enemies":"2 Fungi Beasts","floor":10,"turns":3},{"damage":22,"enemies":"3 Sentries","floor":13,"turns":9},{"damage":5,"enemies":"Gremlin Gang","floor":14,"turns":4},{"damage":30,"enemies":"Hexaghost","floor":16,"turns":9}],"seed_played":"550724933178349642","potions_obtained":[{"floor":2,"key":"Ancient Potion"},{"floor":10,"key":"BlessingOfTheForge"},{"floor":13,"key":"SkillPotion"},{"floor":14,"key":"EssenceOfSteel"}],"is_trial":false,"path_per_floor":["M","M","$","M","?","E","?","R","T","M","R","?","E","M","R","B"],"character_chosen":"THE_SILENT","items_purchased":["Flash of Steel"],"campfire_rested":0,"item_purchase_floors":[3],"current_hp_per_floor":[59,59,59,59,59,28,23,23,23,32,32,32,22,29,29,0,0],"gold":240,"neow_bonus":"THREE_ENEMY_KILL","is_daily":false,"chose_seed":false,"campfire_upgraded":3,"win_rate":0.0,"timestamp":1611379441,"path_taken":["M","?","$","M","?","E","?","R","T","M","R","?","E","?","R","BOSS"],"items_purchased_type":["Card"],"build_version":"2020-12-22","purchased_purges":0,"victory":false,"max_hp_per_floor":[66,66,66,66,60,67,67,67,67,67,67,67,67,67,67,67,67],"card_choices":[{"not_picked":["PiercingWail","Outmaneuver"],"picked":"Flying Knee","floor":1},{"not_picked":["Flying Knee","Dodge and Roll"],"picked":"Choke","floor":2},{"not_picked":["Dodge and Roll","Sucker Punch"],"picked":"Blade Dance","floor":4},{"not_picked":["Sucker Punch","Quick Slash","Blade Dance"],"picked":"SKIP","floor":6},{"not_picked":["Poisoned Stab","Backflip"],"picked":"Deadly Poison","floor":10},{"not_picked":["Deflect","Concentrate"],"picked":"Acrobatics","floor":13},{"not_picked":["Caltrops","Dagger Throw"],"picked":"Blade Dance","floor":14}],"player_experience":812901,"relics_obtained":[{"floor":6,"key":"Strawberry"},{"floor":9,"key":"White Beast Statue"},{"floor":13,"key":"Kunai"}],"event_choices":[{"damage_healed":0,"gold_gain":0,"player_choice":"Lose Max HP","damage_taken":0,"relics_obtained":["Golden Idol"],"max_hp_gain":0,"max_hp_loss":6,"event_name":"Golden Idol","floor":5,"gold_loss":0},{"damage_healed":0,"gold_gain":0,"player_choice":"Success","damage_taken":5,"relics_obtained":["Meat on the Bone"],"max_hp_gain":0,"max_hp_loss":0,"event_name":"Scrap Ooze","floor":7,"gold_loss":0},{"damage_healed":0,"gold_gain":0,"player_choice":"Upgraded","damage_taken":0,"max_hp_gain":0,"max_hp_loss":0,"event_name":"Upgrade Shrine","floor":12,"gold_loss":0,"cards_upgraded":["Neutralize"]}],"is_beta":false,"boss_relics":[],"items_purged_floors":[],"is_endless":false,"potions_floor_spawned":[2,10,13,14],"killed_by":"Hexaghost","ascension_level":20}}