{"host":"d73an99q9oevilk5","time":1611394305,"event":{"mods":["2.2 Compatiblity","AchievementEnabler","Act Like it!","Aspiration","BaseMod","Beaked The Cultist","Better Third Choice","BetterRewards","Colored Map","Colored Powertips","Conspire","GifTheSpireLib","Halation","Hubris","Infinite Spire","Mimic Mod","Minty Spire (QoL Compilation)","Quick Restart","Relic Sorter","Replay The Spire","Shop Mod","Spikes Relics","StSLib","Stuff the Spire","The Cursed","The Necromancer","The Saiyan","Waifu the Spire","egg","slay the spire mod where everything is the same but ironclad has a cowboy hat","vexMod"],"gold_per_floor":[114,114,189,202,202,202,182,215,215,227,38,65,65,75,75,174,174,164,164,128,145,177,177,191,191,264,277,293,293,308,318,318,414,414,432,432,447,447,485,511,511,558,604,617,667,717,737,302,302,302],"floor_reached":51,"language":"ENG","playtime":1756,"items_purged":[],"score":785,"play_id":"7bf5bae5-bcf8-4091-bbaf-af47385a0581","local_time":"20210123023145","is_ascension_mode":false,"campfire_choices":[{"floor":13,"key":"REST"},{"data":"hubris:PowerSurge","floor":15,"key":"SMITH"},{"floor":23,"key":"DIG"},{"data":"StuffTheSpire:Synthwave","floor":25,"key":"SMITH"},{"data":"Mayhem","floor":29,"key":"SMITH"},{"floor":32,"key":"REST"},{"data":"Barrage","floor":41,"key":"SMITH"},{"data":"Defragment","floor":49,"key":"SMITH"}],"circlet_count":0,"master_deck":["Strike_B","Strike_B+1","Strike_B+1","Strike_B+1","Defend_B+1","Defend_B+1","Defend_B+1","Zap","Dualcast","Cold Snap+1","StuffTheSpire:ShieldGenerator+3","hubris:PowerSurge+1","Chill","Redo","Mayhem+1","Cold Snap+1","Barrage+1","Redo","StuffTheSpire:Synthwave+1","Tempest+1","Leap+1","Lockon+1","Redo+1","Mirror Shield+1","Ball Lightning+1","BasicCrystalCard+1","hubris:Ukulele+1","Barrage+1","Defragment+1","Go for the Eyes+1"],"relics":["Cracked Core","Replay:Multitool","Tiny Chest","conspire:TopHat","aspiration:FrozenJewel","infinitespire:Freezer","StuffTheSpire:PointBlank","Boot","halation:HeavySnake","halation:TwoAmDonut","Ancient Tea Set","StuffTheSpire:CocoNut","conspire:SpecialSausage","hubris:Towel","StuffTheSpire:Expresso","halation:QuantumPhysicsTextbook","ReplayTheSpireMod:TigerMarble","Turnip","SnailShell","Calipers","RollingBoulder","Toy Ornithopter","hubris:TinFlute"],"acts_visited":["Exordium","TheCity","TheBeyond"],"potions_floor_usage":[12,16,33,50,50],"damage_taken":[{"damage":5,"enemies":"Jaw Worm","floor":1,"turns":4},{"damage":0,"enemies":"Small Slimes","floor":4,"turns":2},{"damage":3,"enemies":"3 Sentries","floor":8,"turns":9},{"damage":0,"enemies":"2 Louse","floor":10,"turns":3},{"damage":3,"enemies":"Gremlin Nob","floor":12,"turns":5},{"damage":0,"enemies":"Red Slaver","floor":14,"turns":2},{"damage":23,"enemies":"Hexaghost","floor":16,"turns":10},{"damage":0,"enemies":"2 Thieves","floor":18,"turns":4},{"damage":18,"enemies":"Spheric Guardian","floor":21,"turns":4},{"damage":0,"enemies":"Snecko","floor":22,"turns":4},{"damage":17,"enemies":"Snecko","floor":24,"turns":4},{"damage":0,"enemies":"Chosen and Byrds","floor":27,"turns":2},{"damage":0,"enemies":"Cultist and Chosen","floor":28,"turns":4},{"damage":0,"enemies":"Snake Plant","floor":30,"turns":2},{"damage":0,"enemies":"3 Cultists","floor":31,"turns":4},{"damage":17,"enemies":"Champ","floor":33,"turns":9},{"damage":0,"enemies":"3 Shapes","floor":35,"turns":3},{"damage":0,"enemies":"Orb Walker","floor":37,"turns":2},{"damage":0,"enemies":"Spire Growth","floor":39,"turns":5},{"damage":0,"enemies":"R_Hoarder","floor":40,"turns":6},{"damage":0,"enemies":"2 Orb Walkers","floor":42,"turns":4},{"damage":0,"enemies":"Spire Growth","floor":44,"turns":3},{"damage":6,"enemies":"Mind Bloom Boss Battle","floor":45,"turns":3},{"damage":0,"enemies":"Sphere and 2 Shapes","floor":47,"turns":3},{"damage":0,"enemies":"Awakened One","floor":50,"turns":9}],"seed_played":"-7812142268700685084","potions_obtained":[{"floor":1,"key":"Milkshake"},{"floor":4,"key":"Milkshake"},{"floor":7,"key":"FairyPotion"},{"floor":14,"key":"Fire Potion"},{"floor":21,"key":"Adrenaline Potion"},{"floor":27,"key":"Weak Potion"},{"floor":40,"key":"Languid Potion"},{"floor":47,"key":"Reflective Coating"}],"is_trial":false,"path_per_floor":["M","?","?","M","?","T","?","E","T","M","$","E","R","M","R","B",null,"M","?","$","M","MIM","R","M","R","T","M","M","R","M","M","R","B",null,"M","?","M","?","MIM","E","R","?","T","M","?","T","M","$","R","B",null],"character_chosen":"DEFECT","items_purchased":["Tiny Chest","Cold Snap","Mayhem","StuffTheSpire:Synthwave","Toy Ornithopter","Go for the Eyes+1","hubris:TinFlute"],"campfire_rested":2,"item_purchase_floors":[0,0,11,20,48,48,48],"current_hp_per_floor":[39,39,28,28,28,28,28,25,25,25,25,22,43,43,43,20,70,70,70,70,52,52,52,35,35,42,42,42,42,42,42,65,48,77,77,77,77,77,77,77,77,77,77,77,71,71,71,71,71,77],"gold":302,"neow_bonus":"","is_daily":false,"chose_seed":false,"campfire_upgraded":5,"win_rate":0.0,"timestamp":1611394305,"path_taken":["M","?","?","M","?","?","?","E","T","?","$","E","R","M","R","BOSS","M","?","$","M","?","R","M","R","T","M","M","R","M","M","R","BOSS","M","?","?","?","?","E","R","?","T","?","?","?","M","$","R","BOSS"],"items_purchased_type":["Relic","Card","Card","Card","Relic","Card","Relic"],"build_version":"2020-12-22","purchased_purges":0,"victory":true,"max_hp_per_floor":[70,70,70,70,70,70,70,70,70,70,70,70,70,70,70,70,70,70,70,70,70,70,70,70,70,77,77,77,77,77,77,77,77,77,77,77,77,77,77,77,77,77,77,77,77,77,77,77,77,77],"card_choices":[{"not_picked":["Double Energy","Force Field"],"picked":"hubris:PowerSurge","floor":1},{"not_picked":["Stack","Time Bomb"],"picked":"Chill","floor":4},{"not_picked":["Go for the Eyes","Chill"],"picked":"Redo","floor":8},{"not_picked":["hubris:Ukulele","Rebound","Steam Power"],"picked":"SKIP","floor":10},{"not_picked":["Beam Cell","StuffTheSpire:ShieldGenerator"],"picked":"Cold Snap","floor":12},{"not_picked":["Skim","Steam"],"picked":"Barrage","floor":14},{"not_picked":["Beam Cell","StuffTheSpire:Plugnplay+1"],"picked":"Redo","floor":18},{"not_picked":["ReplaySolidLightProjector+1","Steam+1"],"picked":"Tempest+1","floor":21},{"not_picked":["Compile Driver","Rebound+1"],"picked":"Leap+1","floor":24},{"not_picked":["ReplayGash","FTL","Gash"],"picked":"SKIP","floor":27},{"not_picked":["ReplaySort","Compile Driver+1"],"picked":"Lockon+1","floor":28},{"not_picked":["Machine Learning","Compile Driver+1"],"picked":"Redo","floor":30},{"not_picked":["Sweeping Beam","Beam Cell","StuffTheSpire:ShieldGenerator"],"picked":"SKIP","floor":31},{"not_picked":["hubris:Prefetch","Machine Learning"],"picked":"Mirror Shield","floor":33},{"not_picked":["Coolheaded","Tempest"],"picked":"Ball Lightning+1","floor":35},{"not_picked":["Doom and Gloom","Conserve Battery+1"],"picked":"BasicCrystalCard+1","floor":37},{"not_picked":["ReplaySolidLightProjector","Compile Driver+1"],"picked":"hubris:Ukulele+1","floor":39},{"not_picked":["Sweeping Beam+1","ReplayTheSpireMod:Fabricate Wheel","Beam Cell"],"picked":"SKIP","floor":40},{"not_picked":["Storm","Sweeping Beam+1"],"picked":"Barrage+1","floor":42},{"not_picked":["StuffTheSpire:Plugnplay+1","Beam Cell","Coolheaded+1"],"picked":"SKIP","floor":44},{"not_picked":["Barrage","Hologram+1"],"picked":"Defragment","floor":45},{"not_picked":["Panic Button","Seek","StuffTheSpire:CleanHardDrive+1"],"picked":"SKIP","floor":47}],"player_experience":1770512,"relics_obtained":[{"floor":6,"key":"aspiration:FrozenJewel"},{"floor":8,"key":"infinitespire:Freezer"},{"floor":9,"key":"StuffTheSpire:PointBlank"},{"floor":12,"key":"Boot"},{"floor":22,"key":"halation:TwoAmDonut"},{"floor":23,"key":"Ancient Tea Set"},{"floor":26,"key":"StuffTheSpire:CocoNut"},{"floor":39,"key":"StuffTheSpire:Expresso"},{"floor":39,"key":"halation:QuantumPhysicsTextbook"},{"floor":40,"key":"ReplayTheSpireMod:TigerMarble"},{"floor":42,"key":"Turnip"},{"floor":43,"key":"SnailShell"},{"floor":45,"key":"Calipers"},{"floor":46,"key":"RollingBoulder"}],"event_choices":[{"damage_healed":0,"gold_gain":75,"player_choice":"Gold","damage_taken":11,"max_hp_gain":0,"max_hp_loss":0,"event_name":"betterThird:BetterGoop","floor":3,"gold_loss":0},{"damage_healed":0,"gold_gain":0,"player_choice":"Leave","damage_taken":0,"max_hp_gain":0,"max_hp_loss":0,"event_name":"conspire:Investor","floor":5,"gold_loss":0},{"damage_healed":0,"gold_gain":0,"player_choice":"Bought 1 Potion","damage_taken":0,"max_hp_gain":0,"max_hp_loss":0,"event_name":"The Woman in Blue","floor":7,"gold_loss":0},{"damage_healed":0,"gold_gain":0,"player_choice":"Upgraded","damage_taken":0,"max_hp_gain":0,"max_hp_loss":0,"event_name":"Upgrade Shrine","floor":36,"gold_loss":0,"cards_upgraded":["Mirror Shield"]},{"damage_healed":0,"gold_gain":0,"player_choice":"Fight","damage_taken":0,"max_hp_gain":0,"max_hp_loss":0,"event_name":"Mysterious Sphere","floor":42,"gold_loss":0},{"damage_healed":0,"gold_gain":0,"player_choice":"Fight","damage_taken":0,"max_hp_gain":0,"max_hp_loss":0,"event_name":"MindBloom","floor":45,"gold_loss":0}],"is_beta":false,"boss_relics":[{"not_picked":["Kintsugi","infinitespire:Cupcake"],"picked":"halation:HeavySnake"},{"not_picked":["conspire:RunicOctahedron","ReplayTheSpireMod:SealedPack"],"picked":"conspire:SpecialSausage"}],"items_purged_floors":[],"is_endless":false,"potions_floor_spawned":[1,4,14,21,24,27,31,40,42,44,47],"ascension_level":0}}