{"host":"dgf4n6lo35jtjz0c","time":1611436658,"event":{"mods":["BaseMod","Bestiary","Colored Powertips","Custom Start","Minty Spire (QoL Compilation)"],"gold_per_floor":[114,129,144,159,174,204,219,219,219,45,75,75,90,105,105,205,205,220,235,250,265,280,280,295,310,310,325,325,25,40,55,55,155,155,170,185,200,215,95,95,110,125,425,51,51,51,66,81,81,81],"floor_reached":51,"language":"ENG","playtime":3047,"items_purged":["Clash"],"score":852,"play_id":"72750928-5fd4-43b8-8e2e-8bc44d35a22f","local_time":"20210124081738","daily_mods":["Cursed Run","Purple Cards","DeadlyEvents"],"is_ascension_mode":false,"campfire_choices":[{"data":"BattleHymn","floor":8.0,"key":"SMITH"},{"floor":12.0,"key":"REST"},{"data":"Perseverance","floor":15.0,"key":"SMITH"},{"floor":23.0,"key":"REST"},{"data":"TalkToTheHand","floor":32.0,"key":"SMITH"},{"floor":40,"key":"REST"},{"data":"Alpha","floor":45,"key":"SMITH"},{"data":"Juggernaut","floor":49,"key":"SMITH"}],"circlet_count":0,"master_deck":["Strike_R","Strike_R","Strike_R","Strike_R","Defend_R","Defend_R","Defend_R","Defend_R","Bash","Prostrate","Perfected Strike","BattleHymn+1","Injury","Pommel Strike","Perseverance+1","Feed","Pommel Strike","Bludgeon","Pommel Strike+1","Juggernaut+1","TalkToTheHand+1","Pommel Strike","Disarm","Consecrate","Parasite","Decay","Shrug It Off+1","Shame","Alpha+1","Consecrate+1","Parasite","Spot Weakness+1","Iron Wave","Spot Weakness","Shrug It Off+1","Clumsy","Spot Weakness","Cleave","Decay"],"relics":["Cursed Key","Darkstone Periapt","Du-Vu Doll","Turnip","InkBottle","Omamori","Bag of Preparation","Calling Bell","Oddly Smooth Stone","Paper Frog","Pocketwatch","The Courier","Lee\u0027s Waffle","Regal Pillow","Velvet Choker","Frozen Eye","Old Coin","ClockworkSouvenir","Frozen Egg 2"],"acts_visited":["TheCity","TheBeyond"],"potions_floor_usage":[50,50,50],"damage_taken":[{"damage":1.0,"enemies":"Jaw Worm","floor":1.0,"turns":3.0},{"damage":0.0,"enemies":"2 Louse","floor":2.0,"turns":2.0},{"damage":0.0,"enemies":"Cultist","floor":3.0,"turns":3.0},{"damage":0.0,"enemies":"Exordium Thugs","floor":4.0,"turns":4.0},{"damage":0.0,"enemies":"Exordium Wildlife","floor":5.0,"turns":2.0},{"damage":9.0,"enemies":"Lagavulin","floor":6.0,"turns":4.0},{"damage":1.0,"enemies":"3 Louse","floor":7.0,"turns":3.0},{"damage":18.0,"enemies":"3 Sentries","floor":11.0,"turns":5.0},{"damage":8.0,"enemies":"Gremlin Gang","floor":13.0,"turns":5.0},{"damage":0.0,"enemies":"Large Slime","floor":14.0,"turns":4.0},{"damage":21.0,"enemies":"Hexaghost","floor":16.0,"turns":7.0},{"damage":12.0,"enemies":"3 Byrds","floor":18.0,"turns":6.0},{"damage":0.0,"enemies":"Spheric Guardian","floor":19.0,"turns":3.0},{"damage":4.0,"enemies":"Snake Plant","floor":20.0,"turns":3.0},{"damage":17.0,"enemies":"Sentry and Sphere","floor":21.0,"turns":6.0},{"damage":6.0,"enemies":"Cultist and Chosen","floor":22.0,"turns":5.0},{"damage":10.0,"enemies":"Snake Plant","floor":24.0,"turns":4.0},{"damage":8.0,"enemies":"Sentry and Sphere","floor":25.0,"turns":5.0},{"damage":2.0,"enemies":"Snecko","floor":27.0,"turns":3.0},{"damage":2.0,"enemies":"Snake Plant","floor":30.0,"turns":3.0},{"damage":8.0,"enemies":"Cultist and Chosen","floor":31.0,"turns":4.0},{"damage":69.0,"enemies":"Automaton","floor":33.0,"turns":9.0},{"damage":25,"enemies":"3 Darklings","floor":35,"turns":5},{"damage":12,"enemies":"Orb Walker","floor":36,"turns":3},{"damage":25,"enemies":"Writhing Mass","floor":37,"turns":5},{"damage":2,"enemies":"Transient","floor":38,"turns":5},{"damage":0,"enemies":"4 Shapes","floor":41,"turns":3},{"damage":8,"enemies":"Jaw Worm Horde","floor":42,"turns":4},{"damage":6,"enemies":"Sphere and 2 Shapes","floor":47,"turns":3},{"damage":4,"enemies":"3 Darklings","floor":48,"turns":3},{"damage":104,"enemies":"Time Eater","floor":50,"turns":9}],"seed_played":"-4692305807027556167","potions_obtained":[{"floor":3.0,"key":"ElixirPotion"},{"floor":4.0,"key":"LiquidBronze"},{"floor":6.0,"key":"SpeedPotion"},{"floor":7.0,"key":"Weak Potion"},{"floor":16.0,"key":"Swift Potion"},{"floor":21.0,"key":"BloodPotion"},{"floor":22.0,"key":"FearPotion"},{"floor":24.0,"key":"DistilledChaos"},{"floor":25.0,"key":"Regen Potion"},{"floor":41,"key":"LiquidBronze"}],"is_trial":false,"path_per_floor":["M","M","M","M","M","E","M","R","T","$","E","R","M","M","R","B",null,"M","M","M","M","M","R","M","M","T","M","?","$","M","M","R","B",null,"M","M","M","M","$","R","M","M","T","$","R","?","M","M","R","B",null],"character_chosen":"IRONCLAD","items_purchased":["Omamori","Pommel Strike","Lee\u0027s Waffle","Regal Pillow","Frozen Eye","Spot Weakness","ClockworkSouvenir","Frozen Egg 2"],"campfire_rested":3,"item_purchase_floors":[10,10,29,29,39,44,44,44],"current_hp_per_floor":[79,79,79,79,79,70,69,69,75,75,57,82,74,74,74,53,86,77,80,79,62,59,88,81,73,79,77,83,120,118,110,110,47,126,101,92,73,71,71,126,129,124,130,130,130,130,127,123,123,70],"gold":81,"neow_bonus":"","is_daily":true,"chose_seed":false,"campfire_upgraded":5,"win_rate":0.0,"timestamp":1611436658,"path_taken":["M","M","M","M","M","E","M","R","T","$","E","R","M","M","R","BOSS","M","M","M","M","M","R","M","M","T","M","?","$","?","M","R","BOSS","M","M","M","M","$","R","M","M","T","$","R","?","?","M","R","BOSS"],"items_purchased_type":["Relic","Card","Relic","Relic","Relic","Card","Relic","Relic"],"build_version":"2020-12-22","purchased_purges":1,"victory":true,"max_hp_per_floor":[80,80,80,80,80,80,80,80,86,86,86,86,86,86,86,86,86,89,92,95,95,98,98,101,101,107,107,113,120,120,120,120,126,126,126,129,135,135,135,135,138,141,147,147,147,147,150,150,150,156],"card_choices":[{"not_picked":["CrushJoints","Thunderclap"],"picked":"Prostrate","floor":1.0},{"not_picked":["Flex","Combust","Seeing Red"],"picked":"SKIP","floor":2.0},{"not_picked":["FollowUp","Flame Barrier"],"picked":"Clash","floor":3.0},{"not_picked":["Halt","Warcry","True Grit"],"picked":"SKIP","floor":4.0},{"not_picked":["Halt","Warcry","True Grit"],"picked":"SKIP","floor":4.0},{"not_picked":["EmptyMind","Halt"],"picked":"Perfected Strike","floor":5.0},{"not_picked":["True Grit","Halt","Feel No Pain"],"picked":"SKIP","floor":6.0},{"not_picked":["Thunderclap","CutThroughFate"],"picked":"BattleHymn","floor":7.0},{"not_picked":["Warcry","CrushJoints"],"picked":"Perseverance","floor":11.0},{"not_picked":["Heavy Blade","EmptyMind"],"picked":"Feed","floor":13.0},{"not_picked":["Feel No Pain","Warcry"],"picked":"Pommel Strike","floor":14.0},{"not_picked":["MasterReality","Corruption"],"picked":"Bludgeon","floor":16.0},{"not_picked":["Wild Strike","Spot Weakness+1"],"picked":"Pommel Strike+1","floor":18.0},{"not_picked":["PathToVictory","Feel No Pain"],"picked":"Juggernaut","floor":19.0},{"not_picked":["Sentinel","Protect","FearNoEvil"],"picked":"SKIP","floor":20.0},{"not_picked":["CrushJoints+1","Halt"],"picked":"TalkToTheHand","floor":21.0},{"not_picked":["Clash","Sanctity"],"picked":"Pommel Strike","floor":22.0},{"not_picked":["Battle Trance","Power Through"],"picked":"Disarm","floor":24.0},{"not_picked":["Halt","Vengeance+1"],"picked":"Consecrate","floor":25.0},{"not_picked":["Heavy Blade","Flex+1","FlyingSleeves"],"picked":"SKIP","floor":27.0},{"not_picked":["Meditate","Flame Barrier","Rupture"],"picked":"SKIP","floor":30.0},{"not_picked":["Twin Strike","WheelKick+1"],"picked":"Shrug It Off+1","floor":31.0},{"not_picked":["Limit Break","Blasphemy"],"picked":"Alpha","floor":33.0},{"not_picked":["Entrench","Hemokinesis"],"picked":"Consecrate+1","floor":35},{"not_picked":["Reckless Charge","True Grit+1","ClearTheMind+1"],"picked":"SKIP","floor":36},{"not_picked":["FlurryOfBlows","WaveOfTheHand"],"picked":"Spot Weakness+1","floor":37},{"not_picked":["FlurryOfBlows+1","PathToVictory+1"],"picked":"Iron Wave","floor":38},{"not_picked":["Anger+1","JustLucky+1"],"picked":"Spot Weakness","floor":41},{"not_picked":["InnerPeace","Heavy Blade+1"],"picked":"Shrug It Off+1","floor":42},{"not_picked":["EmptyBody","Protect","Pray+1"],"picked":"SKIP","floor":47},{"not_picked":["Intimidate","JustLucky"],"picked":"Cleave","floor":48}],"player_experience":125166,"relics_obtained":[{"floor":6.0,"key":"Turnip"},{"floor":9.0,"key":"InkBottle"},{"floor":11.0,"key":"Bag of Preparation"},{"floor":17.0,"key":"Oddly Smooth Stone"},{"floor":17.0,"key":"Paper Frog"},{"floor":17.0,"key":"Pocketwatch"},{"floor":26.0,"key":"The Courier"},{"floor":43,"key":"Old Coin"}],"event_choices":[{"damage_healed":0.0,"max_hp_gain":0.0,"max_hp_loss":0.0,"gold_gain":0.0,"event_name":"Forgotten Altar","player_choice":"Smashed Altar","floor":28.0,"gold_loss":0.0,"damage_taken":0.0,"cards_obtained":["Decay"]},{"cards_removed":["Strike_R"],"damage_healed":0,"gold_gain":0,"player_choice":"Removed Attack","damage_taken":0,"max_hp_gain":0,"max_hp_loss":0,"event_name":"Falling","floor":46,"gold_loss":0}],"is_beta":false,"boss_relics":[{"not_picked":["SacredBark","SlaversCollar"],"picked":"Calling Bell"},{"not_picked":["Runic Dome","Busted Crown"],"picked":"Velvet Choker"}],"items_purged_floors":[29],"is_endless":false,"potions_floor_spawned":[3,4,6,7,11,16,21,22,24,25,33,41,42],"ascension_level":0}}