{"host":"bg8va46pgqgvtzim","time":1611416611,"event":{"mods":["BaseMod","Minty Spire (QoL Compilation)","Quick Restart","StSLib","SuperFastMode"],"gold_per_floor":[113,63,73,73,73,88,88,122,122,141,166,195,260,291,310,340,359,371,371,471,471,484,358,371,296,296,315,343,343,343,370,370,395,395,414,431,530,280,280,280,382,382,402,452,471,488,488,488,506,518,568,568,597,222,252,278,278,296,98,98,98,114,148,158,158,158,158,158,7,39,39],"floor_reached":72,"language":"ZHS","playtime":2041,"items_purged":["Defend_B","Zap","Ball Lightning","Chaos+1"],"score":1815,"play_id":"ff2a0752-f1a4-464d-a432-df752eb96cf1","local_time":"20210123234331","is_ascension_mode":true,"campfire_choices":[{"data":"Defragment","floor":7.0,"key":"SMITH"},{"data":"Defragment","floor":9.0,"key":"SMITH"},{"data":"Recycle","floor":19.0,"key":"SMITH"},{"data":"Coolheaded","floor":30.0,"key":"SMITH"},{"data":"Dualcast","floor":34.0,"key":"SMITH"},{"data":"Gash","floor":39.0,"key":"SMITH"},{"floor":40.0,"key":"RECALL"},{"floor":52.0,"key":"REST"},{"floor":57.0,"key":"REST"},{"floor":60.0,"key":"REST"},{"floor":65.0,"key":"REST"},{"floor":68,"key":"REST"}],"circlet_count":0,"master_deck":["Dualcast+1","Defragment+1","Defragment+1","Recycle+1","Glacier+1","Heatsinks+1","Loop+1","Coolheaded+1","BootSequence","Gash+1","Genetic Algorithm+1","Heatsinks","Entrench+1","Discovery+1","Heatsinks","Turbo","Deep Breath+1","Grand Finale+1"],"relics":["Cracked Core","Centennial Puzzle","Potion Belt","Toy Ornithopter","Vajra","Torii","Mango","Dream Catcher","Astrolabe","Oddly Smooth Stone","CaptainsWheel","Art of War","PrismaticShard","Fusion Hammer","Calipers","Incense Burner","Ornamental Fan","Bottled Lightning","Orichalcum","Bronze Scales","Gambling Chip","DataDisk","Whetstone"],"acts_visited":["Exordium","TheCity","TheBeyond","TheEnding"],"potions_floor_usage":[71,71,71,71],"damage_taken":[{"damage":0.0,"enemies":"Small Slimes","floor":1.0,"turns":2.0},{"damage":0.0,"enemies":"2 Louse","floor":3.0,"turns":2.0},{"damage":1.0,"enemies":"Cultist","floor":6.0,"turns":3.0},{"damage":11.0,"enemies":"Lagavulin","floor":8.0,"turns":6.0},{"damage":0.0,"enemies":"Large Slime","floor":10.0,"turns":4.0},{"damage":6.0,"enemies":"Gremlin Nob","floor":12.0,"turns":3.0},{"damage":20.0,"enemies":"Lagavulin Event","floor":13.0,"turns":4.0},{"damage":9.0,"enemies":"Lagavulin","floor":14.0,"turns":6.0},{"damage":1.0,"enemies":"Looter","floor":15.0,"turns":2.0},{"damage":12.0,"enemies":"3 Sentries","floor":16.0,"turns":5.0},{"damage":1.0,"enemies":"2 Fungi Beasts","floor":17.0,"turns":3.0},{"damage":2.0,"enemies":"Blue Slaver","floor":18.0,"turns":4.0},{"damage":17.0,"enemies":"The Guardian","floor":20.0,"turns":10.0},{"damage":1.0,"enemies":"2 Thieves","floor":22.0,"turns":3.0},{"damage":1.0,"enemies":"Shell Parasite","floor":24.0,"turns":6.0},{"damage":8.0,"enemies":"Snake Plant","floor":27.0,"turns":4.0},{"damage":1.0,"enemies":"Gremlin Leader","floor":28.0,"turns":4.0},{"damage":21.0,"enemies":"Slavers","floor":33.0,"turns":14.0},{"damage":1.0,"enemies":"Snecko","floor":35.0,"turns":3.0},{"damage":0.0,"enemies":"Centurion and Healer","floor":36.0,"turns":6.0},{"damage":0.0,"enemies":"Champ","floor":41.0,"turns":12.0},{"damage":0.0,"enemies":"3 Shapes","floor":43.0,"turns":3.0},{"damage":34.0,"enemies":"2 Orb Walkers","floor":44.0,"turns":5.0},{"damage":0.0,"enemies":"Orb Walker","floor":45.0,"turns":3.0},{"damage":0.0,"enemies":"Jaw Worm Horde","floor":46.0,"turns":7.0},{"damage":0.0,"enemies":"Sphere and 2 Shapes","floor":49.0,"turns":4.0},{"damage":1.0,"enemies":"Spire Growth","floor":50.0,"turns":3.0},{"damage":0.0,"enemies":"Mind Bloom Boss Battle","floor":51.0,"turns":8.0},{"damage":0.0,"enemies":"Giant Head","floor":53.0,"turns":11.0},{"damage":0.0,"enemies":"Reptomancer","floor":55.0,"turns":10.0},{"damage":0.0,"enemies":"3 Darklings","floor":58.0,"turns":3.0},{"damage":0.0,"enemies":"Jaw Worm Horde","floor":62.0,"turns":2.0},{"damage":0.0,"enemies":"Giant Head","floor":63.0,"turns":5.0},{"damage":0.0,"enemies":"Writhing Mass","floor":64.0,"turns":5.0},{"damage":0.0,"enemies":"Time Eater","floor":66.0,"turns":10.0},{"damage":0,"enemies":"Shield and Spear","floor":70,"turns":6},{"damage":0,"enemies":"The Heart","floor":71,"turns":6}],"seed_played":"7476167907267835189","potions_obtained":[{"floor":1.0,"key":"Ancient Potion"},{"floor":6.0,"key":"ColorlessPotion"},{"floor":8.0,"key":"Energy Potion"},{"floor":14.0,"key":"DistilledChaos"},{"floor":15.0,"key":"FearPotion"},{"floor":16.0,"key":"BlessingOfTheForge"},{"floor":28.0,"key":"Strength Potion"},{"floor":33.0,"key":"FocusPotion"},{"floor":35.0,"key":"DistilledChaos"},{"floor":50.0,"key":"FocusPotion"},{"floor":51.0,"key":"DuplicationPotion"},{"floor":70,"key":"Energy Potion"}],"is_trial":false,"path_per_floor":["M","?","M","?","?","M","R","E","R","M","T","E","?","E","M","E","M","M","R","B",null,"M","$","M","?","?","M","E","?","R","T","T","E","R","M","M","?","$","R","R","B",null,"M","?","M","M","?","?","M","M","?","R","E","$","E","T","R","M","$","R","$","M","E","M","R","B",null,"R","$","E","B",null],"character_chosen":"DEFECT","items_purchased":["Coolheaded","PrismaticShard","Bottled Lightning","Turbo","DataDisk"],"campfire_rested":5,"item_purchase_floors":[23,38,54,59,69],"current_hp_per_floor":[75,75,75,68,68,67,67,56,56,56,56,55,35,40,39,27,26,24,24,7,89,88,88,87,87,70,62,66,66,66,66,66,50,50,49,49,49,49,49,49,49,94,94,60,65,65,65,65,70,69,69,89,89,89,89,89,89,89,89,89,89,89,89,89,89,89,89,89,89,89,89],"gold":39,"neow_bonus":"RANDOM_COMMON_RELIC","is_daily":false,"chose_seed":false,"campfire_upgraded":6,"win_rate":0.0,"timestamp":1611416611,"path_taken":["M","?","M","?","?","M","R","E","R","?","T","E","?","E","M","E","M","M","R","BOSS","M","$","M","?","?","M","E","?","R","T","T","E","R","M","M","?","$","R","R","BOSS","M","?","M","M","?","?","M","M","?","R","E","?","E","T","R","M","$","R","$","?","E","M","R","BOSS","R","$","E","BOSS"],"items_purchased_type":["Card","Relic","Relic","Card","Relic"],"build_version":"2020-12-22","purchased_purges":4,"victory":true,"max_hp_per_floor":[75,75,75,75,75,75,75,75,75,75,75,75,75,89,89,89,89,89,89,89,89,89,89,89,89,94,94,94,94,94,94,94,94,94,94,94,94,94,94,94,94,94,94,94,94,94,94,89,89,89,89,89,89,89,89,89,89,89,89,89,89,89,89,89,89,89,89,89,89,89,89],"card_choices":[{"not_picked":["Recycle","Auto Shields"],"picked":"Streamline","floor":1.0},{"not_picked":["Chaos","Go for the Eyes"],"picked":"Defragment","floor":3.0},{"not_picked":["Auto Shields","Chaos","Barrage"],"picked":"SKIP","floor":6.0},{"not_picked":["Stack","Hologram"],"picked":"Defragment","floor":8.0},{"not_picked":["Amplify","Cold Snap"],"picked":"Ball Lightning","floor":10.0},{"not_picked":["Sweeping Beam","Hyperbeam","Beam Cell"],"picked":"SKIP","floor":12.0},{"not_picked":["Sweeping Beam","Redo","Gash"],"picked":"SKIP","floor":14.0},{"not_picked":["Auto Shields","Force Field","Conserve Battery"],"picked":"SKIP","floor":15.0},{"not_picked":["BootSequence","Darkness"],"picked":"Recycle","floor":16.0},{"not_picked":["Streamline","Hello World","Ball Lightning"],"picked":"SKIP","floor":17.0},{"not_picked":["Streamline","Conserve Battery","Go for the Eyes"],"picked":"SKIP","floor":18.0},{"not_picked":["Rip and Tear","Go for the Eyes"],"picked":"Loop+1","floor":22.0},{"not_picked":["Barrage","Storm"],"picked":"BootSequence","floor":24.0},{"not_picked":["Blizzard","Cold Snap","Melter"],"picked":"SKIP","floor":27.0},{"not_picked":["Stack+1","Steam Power+1"],"picked":"Gash","floor":28.0},{"not_picked":["Conserve Battery+1","Glacier+1","Cold Snap"],"picked":"SKIP","floor":33.0},{"not_picked":["Darkness","Hologram"],"picked":"Genetic Algorithm+1","floor":35.0},{"not_picked":["Leap","Static Discharge","Conserve Battery+1"],"picked":"SKIP","floor":36.0},{"not_picked":["Barrage","Good Instincts","Headbutt+1"],"picked":"SKIP","floor":43.0},{"not_picked":["Flex+1","Crescendo"],"picked":"Heatsinks","floor":45.0},{"not_picked":["Quick Slash","Prostrate","Rip and Tear+1"],"picked":"SKIP","floor":46.0},{"not_picked":["Tempest+1","SignatureMove","Whirlwind"],"picked":"SKIP","floor":49.0},{"not_picked":["Sword Boomerang+1","Wireheading+1","Searing Blow+1"],"picked":"SKIP","floor":50.0},{"not_picked":["Indignation+1","Pommel Strike"],"picked":"Entrench+1","floor":51.0},{"not_picked":["Leap","All Out Attack","Bandage Up+1"],"picked":"SKIP","floor":53.0},{"not_picked":["Bane","Sentinel","Armaments"],"picked":"SKIP","floor":55.0},{"not_picked":["Inflame","Leap+1"],"picked":"Discovery+1","floor":57.0},{"not_picked":["Clothesline","Malaise"],"picked":"Heatsinks","floor":58.0},{"not_picked":["Shrug It Off","Turbo+1","Dual Wield"],"picked":"SKIP","floor":62.0},{"not_picked":["Metallicize","Noxious Fumes+1"],"picked":"Deep Breath+1","floor":63.0},{"not_picked":["Indignation+1","FlurryOfBlows","FearNoEvil"],"picked":"SKIP","floor":64.0},{"not_picked":["Rebound","Dropkick"],"picked":"Grand Finale","floor":68},{"not_picked":["Fusion+1","Body Slam","Hologram+1"],"picked":"SKIP","floor":70}],"player_experience":2315914,"relics_obtained":[{"floor":8.0,"key":"Potion Belt"},{"floor":11.0,"key":"Toy Ornithopter"},{"floor":12.0,"key":"Vajra"},{"floor":14.0,"key":"Mango"},{"floor":16.0,"key":"Dream Catcher"},{"floor":28.0,"key":"Oddly Smooth Stone"},{"floor":32.0,"key":"CaptainsWheel"},{"floor":33.0,"key":"Art of War"},{"floor":44.0,"key":"Calipers"},{"floor":51.0,"key":"Incense Burner"},{"floor":53.0,"key":"Ornamental Fan"},{"floor":55.0,"key":"Orichalcum"},{"floor":56.0,"key":"Bronze Scales"},{"floor":63.0,"key":"Gambling Chip"},{"floor":70,"key":"Whetstone"}],"event_choices":[{"cards_removed":["Strike_B"],"damage_healed":0.0,"max_hp_gain":0.0,"max_hp_loss":0.0,"gold_gain":0.0,"event_name":"The Cleric","player_choice":"Card Removal","floor":2.0,"gold_loss":50.0,"damage_taken":0.0},{"cards_removed":["Strike_B"],"damage_healed":0.0,"max_hp_gain":0.0,"max_hp_loss":0.0,"gold_gain":0.0,"event_name":"Golden Wing","player_choice":"Card Removal","floor":4.0,"gold_loss":0.0,"damage_taken":7.0},{"cards_removed":["Strike_B"],"damage_healed":0.0,"max_hp_gain":0.0,"max_hp_loss":0.0,"gold_gain":0.0,"event_name":"Purifier","player_choice":"Purged","floor":5.0,"gold_loss":0.0,"damage_taken":0.0},{"damage_healed":0.0,"max_hp_gain":0.0,"max_hp_loss":0.0,"gold_gain":0.0,"event_name":"Dead Adventurer","player_choice":"Searched \u00273\u0027 times","floor":13.0,"gold_loss":0.0,"damage_taken":0.0,"relics_obtained":["Torii"]},{"cards_removed":["Defend_B"],"damage_healed":0.0,"max_hp_gain":0.0,"max_hp_loss":0.0,"gold_gain":0.0,"event_name":"Beggar","player_choice":"Gave Gold","floor":25.0,"gold_loss":75.0,"damage_taken":0.0},{"damage_healed":0.0,"max_hp_gain":5.0,"max_hp_loss":0.0,"gold_gain":0.0,"event_name":"Forgotten Altar","player_choice":"Shed Blood","floor":26.0,"gold_loss":0.0,"damage_taken":22.0},{"damage_healed":0.0,"max_hp_gain":0.0,"max_hp_loss":0.0,"gold_gain":0.0,"event_name":"Ghosts","player_choice":"Ignored","floor":29.0,"gold_loss":0.0,"damage_taken":0.0},{"damage_healed":0.0,"max_hp_gain":0.0,"max_hp_loss":0.0,"gold_gain":99.0,"event_name":"Nest","player_choice":"Stole From Cult","floor":37.0,"gold_loss":0.0,"damage_taken":0.0},{"damage_healed":0.0,"max_hp_gain":0.0,"max_hp_loss":0.0,"gold_gain":0.0,"event_name":"Mysterious Sphere","player_choice":"Fight","floor":44.0,"gold_loss":0.0,"damage_taken":0.0},{"cards_removed":["Streamline"],"damage_healed":0.0,"max_hp_gain":0.0,"max_hp_loss":0.0,"gold_gain":0.0,"event_name":"Falling","player_choice":"Removed Attack","floor":47.0,"gold_loss":0.0,"damage_taken":0.0},{"damage_healed":0.0,"max_hp_gain":0.0,"max_hp_loss":5.0,"gold_gain":0.0,"event_name":"Winding Halls","player_choice":"Max HP","floor":48.0,"gold_loss":0.0,"damage_taken":0.0},{"damage_healed":0.0,"max_hp_gain":0.0,"max_hp_loss":0.0,"gold_gain":0.0,"event_name":"MindBloom","player_choice":"Fight","floor":51.0,"gold_loss":0.0,"damage_taken":0.0}],"is_beta":false,"boss_relics":[{"not_picked":["Runic Dome","FrozenCore"],"picked":"Astrolabe"},{"not_picked":["Nuclear Battery","Pandora\u0027s Box"],"picked":"Fusion Hammer"}],"items_purged_floors":[23,38,54,59],"is_endless":false,"potions_floor_spawned":[1,6,8,14,15,16,20,22,28,33,35,41,50,51,53,55,62,64,70],"ascension_level":1}}