{"host":"2l3i55whvwk76mom","time":1611366532,"event":{"mods":["BaseMod","Googly Eyes","Hermit","Hubris","Minty Spire (QoL Compilation)","Replay The Spire","StSLib","The Cursed","The Disciple","The Hierophant","The Jungle","The Necromancer"],"gold_per_floor":[117,127,143,143,155,183,195,236,248,278,307,319,343,320,332,446,458,489,501,612,191,191,191,206,234,234,260,260,287,297,310,310,405,405,420,420,439,439,439],"floor_reached":40,"language":"ENG","playtime":3671,"items_purged":[],"score":697,"play_id":"e0e09e2a-e8dd-4de1-a995-e5371d104c6c","local_time":"20210122174852","is_ascension_mode":true,"campfire_choices":[{"data":"ReplayTheSpireMod:Scrap Shanks","floor":7.0,"key":"SMITH"},{"floor":12.0,"key":"REST"},{"data":"ReplayTheSpireMod:Scrap Shanks","floor":15.0,"key":"SMITH"},{"data":"Neutralize","floor":23.0,"key":"SMITH"}],"circlet_count":0,"master_deck":["Crippling Poison+1","Strike_G","Strike_G+1","Strike_G","Strike_G+1","Strike_G","Defend_G","Defend_G","Defend_G+1","Defend_G","Defend_G","Survivor","Neutralize+1","Flying Knee","Acrobatics","ReplayTheSpireMod:Speed Training","ReplayTheSpireMod:Scrap Shanks+1","ReplayTheSpireMod:Speed Training","Dagger Throw+1","Deflect+1","Dagger Throw","ReplayTheSpireMod:Scrap Shanks+1","Venomology","Infinite Blades+1","Quick Slash","Well Laid Plans","Accuracy","Delirium","Cloak And Dagger","PiercingWail+1","Atom Bomb","CurseOfTheBell"],"relics":["hubris:GrandSneckoEye","White Beast Statue","MawBank","MealTicket","Replay:WaspNest","Snecko Eye","Nilry\u0027s Codex","Snake Skull","Replay:Rubber Ducky","Medical Kit","Simple Rune","Replay:Bottled Flurry","Whetstone","Blood Vial","ReplayTheSpireMod:Ring of Sloth","Ring of Fangs","ReplayTheSpireMod:Shallot","Calling Bell","Blue Doll","Paper Crane","Vampiric Spirits"],"acts_visited":["Exordium","TheCity","TheBeyond"],"potions_floor_usage":[30,33,33,35,37,37,39,39,39],"damage_taken":[{"damage":0.0,"enemies":"Cultist","floor":1.0,"turns":3.0},{"damage":0.0,"enemies":"Small Slimes","floor":2.0,"turns":2.0},{"damage":0.0,"enemies":"2 Louse","floor":3.0,"turns":2.0},{"damage":4.0,"enemies":"Large Slime","floor":5.0,"turns":4.0},{"damage":4.0,"enemies":"Lagavulin","floor":6.0,"turns":5.0},{"damage":20.0,"enemies":"Replay:BlueRogue","floor":8.0,"turns":4.0},{"damage":9.0,"enemies":"Exordium Wildlife","floor":10.0,"turns":4.0},{"damage":0.0,"enemies":"3 Louse","floor":11.0,"turns":2.0},{"damage":6.0,"enemies":"Looter","floor":13.0,"turns":3.0},{"damage":22.0,"enemies":"Fading Forest","floor":16.0,"turns":11.0},{"damage":0.0,"enemies":"Chosen","floor":18.0,"turns":4.0},{"damage":0.0,"enemies":"3 Byrds","floor":24.0,"turns":4.0},{"damage":1.0,"enemies":"Slavers","floor":25.0,"turns":4.0},{"damage":12.0,"enemies":"Replay:Snechameleon","floor":27.0,"turns":3.0},{"damage":8.0,"enemies":"Book of Stabbing","floor":29.0,"turns":5.0},{"damage":0,"enemies":"Snecko","floor":30,"turns":5},{"damage":0,"enemies":"3 Cultists","floor":31,"turns":5},{"damage":13,"enemies":"Collector","floor":33,"turns":8},{"damage":0,"enemies":"Orb Walker","floor":35,"turns":3},{"damage":0,"enemies":"3 Darklings","floor":37,"turns":5},{"damage":66,"enemies":"Time Eater","floor":39,"turns":9}],"seed_played":"3543523933408774930","potions_obtained":[{"floor":2.0,"key":"Adrenaline Potion"},{"floor":3.0,"key":"Dexterity Potion"},{"floor":5.0,"key":"SpeedPotion"},{"floor":6.0,"key":"FearPotion"},{"floor":8.0,"key":"BlessingOfTheForge"},{"floor":13.0,"key":"Ancient Potion"},{"floor":16.0,"key":"Doom Potion"},{"floor":24.0,"key":"LifebloodPotion"},{"floor":27.0,"key":"GhostInAJar"},{"floor":29,"key":"BlessingOfTheForge"},{"floor":30,"key":"SteroidPotion"},{"floor":33,"key":"FearPotion"},{"floor":35,"key":"Fruit Juice"},{"floor":37,"key":"SteroidPotion"}],"is_trial":false,"path_per_floor":["M","M","M","?","M","E","R","E","T","M","M","R","M","?","R","B",null,"M","?","?","$","T","R","M","E","T","E","?","E","M","M","R","B",null,"M","?","M","?","B",null],"character_chosen":"THE_SILENT","items_purchased":["Snake Skull","Replay:Rubber Ducky","Medical Kit"],"campfire_rested":1,"item_purchase_floors":[21,21,21],"current_hp_per_floor":[70,70,70,70,66,62,62,42,42,33,33,54,48,65,65,43,70,70,54,54,69,69,69,69,68,68,56,56,50,52,54,70,57,70,70,70,75,75,9],"gold":439,"neow_bonus":"BOSS_RELIC","is_daily":false,"chose_seed":false,"campfire_upgraded":3,"win_rate":0.0,"timestamp":1611366532,"path_taken":["M","M","M","?","?","E","R","E","T","M","M","R","M","?","R","BOSS","M","?","?","$","?","R","M","E","T","E","?","E","M","?","R","BOSS","M","?","M","?","BOSS"],"items_purchased_type":["Relic","Relic","Relic"],"build_version":"2020-12-22","purchased_purges":0,"victory":true,"max_hp_per_floor":[70,70,70,70,70,70,70,70,70,70,70,70,70,70,70,70,70,70,70,70,70,70,70,70,70,70,70,70,70,70,70,70,70,70,70,70,75,75,75],"card_choices":[{"not_picked":["hubris:SlightOfHand","Crippling Poison"],"picked":"Flying Knee","floor":1.0},{"not_picked":["Sneak Up","Dagger Spray"],"picked":"Acrobatics","floor":2.0},{"not_picked":["Bane","Noxious Fumes"],"picked":"ReplayTheSpireMod:Speed Training","floor":3.0},{"not_picked":["Prepared","Cloak And Dagger"],"picked":"ReplayTheSpireMod:Scrap Shanks","floor":5.0},{"not_picked":["Poisoned Stab","Bane"],"picked":"ReplayTheSpireMod:Speed Training","floor":6.0},{"not_picked":["Noxious Fumes","PiercingWail"],"picked":"Dagger Throw","floor":8.0},{"not_picked":["Draining Mist","ReplayTheSpireMod:Shiv Toss"],"picked":"Deflect","floor":10.0},{"not_picked":["Distraction","Predator"],"picked":"Dagger Throw","floor":11.0},{"not_picked":["Sucker Punch","Riddle With Holes"],"picked":"ReplayTheSpireMod:Scrap Shanks","floor":13.0},{"not_picked":["ReplayTheSpireMod:From All Sides","Burst"],"picked":"Venomology","floor":16.0},{"not_picked":["Blade Dance","Eviscerate"],"picked":"Infinite Blades+1","floor":18.0},{"not_picked":["Bane","Crippling Poison"],"picked":"Quick Slash","floor":24.0},{"not_picked":["Expertise","Backflip"],"picked":"Well Laid Plans","floor":25.0},{"not_picked":["Deflect","Cloak And Dagger+1"],"picked":"Accuracy","floor":27.0},{"not_picked":["Flying Knee","Dagger Throw"],"picked":"Cloak And Dagger","floor":29},{"not_picked":["Glass Knife","Finisher"],"picked":"PiercingWail+1","floor":30},{"not_picked":["PiercingWail","Finisher","Expertise+1"],"picked":"SKIP","floor":31},{"not_picked":["Poison Darts","Wraith Form v2"],"picked":"Atom Bomb","floor":33},{"not_picked":["Riddle With Holes","Deflect","Poisoned Stab+1"],"picked":"SKIP","floor":35},{"not_picked":["Quick Slash","hubris:TrickCloak+1","Adrenaline"],"picked":"SKIP","floor":37}],"player_experience":303748,"relics_obtained":[{"floor":6.0,"key":"MawBank"},{"floor":8.0,"key":"MealTicket"},{"floor":9.0,"key":"Replay:WaspNest"},{"floor":19.0,"key":"Nilry\u0027s Codex"},{"floor":22.0,"key":"Simple Rune"},{"floor":25.0,"key":"Replay:Bottled Flurry"},{"floor":26.0,"key":"Whetstone"},{"floor":27.0,"key":"Blood Vial"},{"floor":28.0,"key":"ReplayTheSpireMod:Ring of Sloth"},{"floor":28.0,"key":"Ring of Fangs"},{"floor":29,"key":"ReplayTheSpireMod:Shallot"},{"floor":34,"key":"Blue Doll"},{"floor":34,"key":"Paper Crane"},{"floor":34,"key":"Vampiric Spirits"}],"event_choices":[{"damage_healed":0.0,"max_hp_gain":0.0,"max_hp_loss":0.0,"gold_gain":0.0,"event_name":"WeMeetAgain","player_choice":"Gave Potion","floor":4.0,"gold_loss":0.0,"damage_taken":0.0,"relics_obtained":["White Beast Statue"]},{"damage_healed":17.0,"max_hp_gain":0.0,"max_hp_loss":0.0,"gold_gain":0.0,"event_name":"The Cleric","player_choice":"Healed","floor":14.0,"gold_loss":35.0,"damage_taken":0.0},{"damage_healed":0.0,"max_hp_gain":0.0,"max_hp_loss":0.0,"gold_gain":0.0,"event_name":"Cursed Tome","player_choice":"Obtained Book","floor":19.0,"gold_loss":0.0,"damage_taken":16.0},{"damage_healed":0.0,"max_hp_gain":0.0,"max_hp_loss":0.0,"gold_gain":99.0,"event_name":"Nest","player_choice":"Stole From Cult","floor":20.0,"gold_loss":0.0,"damage_taken":0.0},{"damage_healed":0,"gold_gain":0,"player_choice":"Ignored","damage_taken":0,"max_hp_gain":0,"max_hp_loss":0,"event_name":"Mysterious Sphere","floor":36,"gold_loss":0},{"damage_healed":0,"gold_gain":0,"player_choice":"Took Portal","damage_taken":0,"max_hp_gain":0,"max_hp_loss":0,"event_name":"SecretPortal","floor":38,"gold_loss":0}],"is_beta":false,"boss_relics":[{"not_picked":["Sozu","Coffee Dripper"],"picked":"Snecko Eye"},{"not_picked":["Runic Dome","hubris:HollowSoul"],"picked":"Calling Bell"}],"items_purged_floors":[],"is_endless":false,"potions_floor_spawned":[2,3,5,6,8,10,11,13,16,18,24,25,27,29,30,31,33,35,37],"ascension_level":3}}