{"host":"ix2a18c4ohfsrslv","time":1611446188,"event":{"mods":["BaseMod","Better Third Choice","Downfall","Minty Spire (QoL Compilation)","StSLib","The Marked"],"gold_per_floor":[118,134,134,134,146,171,17,17,17,17,47,47,80,98,98,199,199,211,12,12,26,46,46,81,81,81,101,118,118,118,137,137,240,240,254,92,110,123,139,173,173,191,242,242,255,255,10,28,28,28,28,28,28,59,59,59],"floor_reached":55,"language":"ENG","playtime":2869,"items_purged":["theMarked:Strike","Pain"],"score":804,"play_id":"2ef2746c-f4e9-4202-bf20-d150a7d98b2b","local_time":"20210123155628","is_ascension_mode":false,"campfire_choices":[{"data":"theMarked:TunnelVision","floor":8,"key":"SMITH"},{"data":"theMarked:SoldierOfQuellstein","floor":10,"key":"SMITH"},{"data":"theMarked:Indomitable","floor":15,"key":"SMITH"},{"floor":23,"key":"DIG"},{"floor":25,"key":"REST"},{"floor":30,"key":"REST"},{"floor":32,"key":"DIG"},{"floor":41,"key":"DIG"},{"floor":44,"key":"RECALL"},{"floor":49,"key":"DIG"},{"data":"theMarked:ResourceFulStrike","floor":52,"key":"SMITH"}],"circlet_count":0,"master_deck":["theMarked:Strike+1","theMarked:Strike+1","theMarked:Strike+1","theMarked:Defend+1","theMarked:Defend","theMarked:Defend+1","theMarked:Defend+1","theMarked:SoldierOfQuellstein+1","theMarked:SwordAndMagic","theMarked:WardOff+1","theMarked:TunnelVision+1","theMarked:EmpowerWeapon+1","downfall:Haunted","Regret","theMarked:Indomitable+1","theMarked:ShockingTouch","CurseOfTheBell","theMarked:SwordAndMagic","theMarked:WastefulAttack+1","theMarked:TakeCover+1","Writhe","theMarked:ResourceFulStrike+1","theMarked:SummonStrength+1","Bandage Up","theMarked:ParalyzingBlade+1","theMarked:TunnelVision+1","downfall:Malfunctioning","theMarked:WastefulDefense+1"],"relics":["theMarked:ArtifactOfAir","NeowsBlessing","downfall:ExtraCursedKey","Gremlin Horn","champ:Barbells","Oddly Smooth Stone","Frozen Egg 2","InkBottle","Calling Bell","Toy Ornithopter","Kunai","Shovel","Ancient Tea Set","Sundial","Ornamental Fan","White Beast Statue","Du-Vu Doll","Runic Dome","PreservedInsect","Unceasing Top","Strawberry","Eternal Feather","Whetstone"],"acts_visited":["Exordium","TheCity","TheBeyond","TheEnding"],"potions_floor_usage":[13,16,21,31,33,33,38,39,40,42,45,48,50,50,50,50,50,50],"damage_taken":[{"damage":0,"enemies":"2 Louse","floor":1,"turns":1},{"damage":0,"enemies":"Small Slimes","floor":2,"turns":1},{"damage":0,"enemies":"Cultist","floor":5,"turns":1},{"damage":15,"enemies":"Gremlin Nob","floor":6,"turns":4},{"damage":8,"enemies":"3 Sentries","floor":13,"turns":7},{"damage":4,"enemies":"Large Slime","floor":14,"turns":4},{"damage":18,"enemies":"The Guardian","floor":16,"turns":9},{"damage":10,"enemies":"Chosen","floor":18,"turns":3},{"damage":15,"enemies":"2 Thieves","floor":21,"turns":3},{"damage":30,"enemies":"Snake Plant","floor":22,"turns":3},{"damage":32,"enemies":"Slavers","floor":24,"turns":5},{"damage":0,"enemies":"Centurion and Healer","floor":27,"turns":4},{"damage":22,"enemies":"Snecko","floor":28,"turns":4},{"damage":1,"enemies":"Shelled Parasite and Fungi","floor":31,"turns":3},{"damage":36,"enemies":"Automaton","floor":33,"turns":8},{"damage":25,"enemies":"3 Darklings","floor":35,"turns":3},{"damage":8,"enemies":"Orb Walker","floor":37,"turns":2},{"damage":8,"enemies":"Maw","floor":38,"turns":5},{"damage":0,"enemies":"Jaw Worm Horde","floor":39,"turns":1},{"damage":19,"enemies":"Reptomancer","floor":40,"turns":4},{"damage":3,"enemies":"Transient","floor":42,"turns":5},{"damage":24,"enemies":"Maw","floor":45,"turns":6},{"damage":6,"enemies":"Spire Growth","floor":48,"turns":3},{"damage":26,"enemies":"Time Eater","floor":50,"turns":7},{"damage":59,"enemies":"Shield and Spear","floor":54,"turns":5},{"damage":46,"enemies":"The Heart","floor":55,"turns":2}],"seed_played":"7418075002353736375","potions_obtained":[{"floor":2,"key":"BlessingOfTheForge"},{"floor":5,"key":"Weak Potion"},{"floor":13,"key":"FairyPotion"},{"floor":18,"key":"Weak Potion"},{"floor":27,"key":"Fire Potion"},{"floor":28,"key":"BlessingOfTheForge"},{"floor":31,"key":"theMarked:ChargePotion"},{"floor":33,"key":"sneckomod:MuddlingPotion"},{"floor":35,"key":"BlessingOfTheForge"},{"floor":37,"key":"LiquidMemories"},{"floor":38,"key":"AttackPotion"},{"floor":39,"key":"LiquidBronze"},{"floor":40,"key":"Weak Potion"},{"floor":42,"key":"SpeedPotion"},{"floor":45,"key":"Explosive Potion"},{"floor":48,"key":"EntropicBrew"},{"floor":54,"key":"sneckomod:MuddlingPotion"}],"is_trial":false,"path_per_floor":["M","M","?","?","M","E","$","R","T","R","?","?","E","M","R","B",null,"M","$","?","M","M","R","E","R","T","M","M","?","R","M","R","B",null,"M","$","M","M","M","E","R","M","T","R","M","?","$","M","R","B",null,"R","$","E","B"],"character_chosen":"THE_DEFAULT","items_purchased":["champ:Barbells","Ancient Tea Set","theMarked:SwordAndMagic","Bandage Up","Strawberry"],"campfire_rested":2,"item_purchase_floors":[7,19,19,36,47],"current_hp_per_floor":[70,70,70,63,63,48,48,48,48,48,48,53,45,41,41,23,75,65,65,65,55,25,25,15,37,37,37,15,15,37,41,41,15,75,50,50,42,43,48,38,38,44,44,44,29,85,92,86,86,79,92,92,92,37,0,0],"gold":59,"neow_bonus":"THREE_ENEMY_KILL","is_daily":false,"chose_seed":false,"campfire_upgraded":4,"win_rate":0.0,"timestamp":1611446188,"path_taken":["M","M","?","?","M","E","$","R","T","R","?","?","E","M","R","BOSS","M","$","?","M","?","R","E","R","T","M","M","?","R","M","R","BOSS","M","$","M","?","M","E","R","M","T","R","M","?","$","M","R","BOSS","R","$","E","BOSS"],"items_purchased_type":["Relic","Relic","Card","Card","Relic"],"build_version":"2020-12-22","purchased_purges":2,"victory":false,"max_hp_per_floor":[70,70,70,70,70,70,70,70,70,70,70,75,75,75,75,75,75,75,75,75,75,75,75,75,75,75,75,75,75,75,75,75,75,75,75,75,75,75,75,75,75,75,75,75,75,85,92,92,92,92,92,92,92,92,92,92],"card_choices":[{"not_picked":["theMarked:RepellingDischarge","theMarked:WastefulAttack"],"picked":"theMarked:SwordAndMagic","floor":1},{"not_picked":["theMarked:BanishingStrike","theMarked:ReduceFriction"],"picked":"theMarked:WardOff","floor":2},{"not_picked":["theMarked:Aftermath","theMarked:SwordAndMagic"],"picked":"theMarked:TunnelVision","floor":5},{"not_picked":["theMarked:Aftermath","theMarked:ComboAttacks"],"picked":"theMarked:EmpowerWeapon","floor":6},{"not_picked":["theMarked:CreepingChasm","theMarked:RepellingDischarge"],"picked":"theMarked:Indomitable","floor":13},{"not_picked":["theMarked:Overcharge","theMarked:ElementalBlade"],"picked":"theMarked:ShockingTouch","floor":14},{"not_picked":["theMarked:SuspiciousRaven","theMarked:Abjuration"],"picked":"theMarked:ChannelForce","floor":16},{"not_picked":["theMarked:Aftermath","theMarked:ChainLightning","theMarked:Convert"],"picked":"SKIP","floor":18},{"not_picked":["theMarked:BanishingStrike","theMarked:Static"],"picked":"theMarked:WastefulAttack","floor":21},{"not_picked":["theMarked:EmpowerWeapon","theMarked:StartUp"],"picked":"theMarked:TakeCover","floor":22},{"not_picked":["theMarked:WastefulAttack","theMarked:Electrify","theMarked:Improvise"],"picked":"SKIP","floor":24},{"not_picked":["theMarked:WastefulAttack","theMarked:Reabsorb","theMarked:WardOff"],"picked":"SKIP","floor":27},{"not_picked":["theMarked:Frustration","theMarked:ElectricStrings+1"],"picked":"theMarked:ResourceFulStrike","floor":28},{"not_picked":["theMarked:Generate+1","theMarked:Indomitable+1","theMarked:TunnelVision"],"picked":"SKIP","floor":31},{"not_picked":["theMarked:EternalStudent","theMarked:Abjuration"],"picked":"theMarked:SummonStrength+1","floor":33},{"not_picked":["theMarked:Improvise","theMarked:EmpowerWeapon+1","theMarked:PowerFlow+1"],"picked":"SKIP","floor":35},{"not_picked":["theMarked:Parkour+1","theMarked:Aftermath+1","theMarked:HeightenedSenses+1"],"picked":"SKIP","floor":37},{"not_picked":["theMarked:WardOff+1","theMarked:Frustration+1"],"picked":"theMarked:ParalyzingBlade+1","floor":38},{"not_picked":["theMarked:Improvise+1","theMarked:ElementalBlade","theMarked:GodGivenPower+1"],"picked":"SKIP","floor":39},{"not_picked":["theMarked:WastefulAttack+1","theMarked:Improvise"],"picked":"theMarked:TunnelVision","floor":40},{"not_picked":["theMarked:Improvise","theMarked:EmpowerWeapon","theMarked:HeightenedSenses"],"picked":"SKIP","floor":42},{"not_picked":["theMarked:PowerFlow+1","theMarked:ChainLightning+1","theMarked:RepellingDischarge+1"],"picked":"SKIP","floor":45},{"not_picked":["theMarked:EternalStudent","theMarked:EmpowerWeapon+1","theMarked:SelfDefenseTraining+1"],"picked":"SKIP","floor":48},{"not_picked":["theMarked:Standoff+1","theMarked:Static+1"],"picked":"theMarked:WastefulDefense+1","floor":54}],"player_experience":177084,"relics_obtained":[{"floor":6,"key":"Gremlin Horn"},{"floor":9,"key":"Oddly Smooth Stone"},{"floor":13,"key":"InkBottle"},{"floor":17,"key":"Toy Ornithopter"},{"floor":17,"key":"Kunai"},{"floor":17,"key":"Shovel"},{"floor":23,"key":"Sundial"},{"floor":24,"key":"Ornamental Fan"},{"floor":26,"key":"White Beast Statue"},{"floor":32,"key":"Du-Vu Doll"},{"floor":40,"key":"PreservedInsect"},{"floor":41,"key":"Unceasing Top"},{"floor":49,"key":"Eternal Feather"},{"floor":54,"key":"Whetstone"}],"event_choices":[{"cards_removed":["theMarked:Strike"],"damage_healed":0,"gold_gain":0,"player_choice":"Card Removal","damage_taken":7,"max_hp_gain":0,"max_hp_loss":0,"event_name":"Golden Wing","floor":4,"gold_loss":0},{"damage_healed":0,"gold_gain":30,"player_choice":"Searched \u00272\u0027 times","damage_taken":0,"relics_obtained":["Frozen Egg 2"],"max_hp_gain":0,"max_hp_loss":0,"event_name":"Dead Adventurer","floor":11,"gold_loss":0},{"damage_healed":0,"gold_gain":0,"player_choice":"Donut","damage_taken":0,"max_hp_gain":5,"max_hp_loss":0,"event_name":"Big Fish","floor":12,"gold_loss":0},{"damage_healed":0,"gold_gain":0,"player_choice":"Ignored","damage_taken":0,"max_hp_gain":0,"max_hp_loss":0,"event_name":"N\u0027loth","floor":20,"gold_loss":0},{"cards_removed":["Pain"],"damage_healed":0,"gold_gain":0,"player_choice":"Purged","damage_taken":0,"max_hp_gain":0,"max_hp_loss":0,"event_name":"Purifier","floor":29,"gold_loss":0},{"cards_removed":["theMarked:ChannelForce"],"damage_healed":46,"gold_gain":0,"player_choice":"Offered Rare","damage_taken":0,"max_hp_gain":10,"max_hp_loss":0,"event_name":"Bonfire Elementals","floor":46,"gold_loss":0}],"is_beta":false,"boss_relics":[{"not_picked":["Runic Pyramid","Pandora\u0027s Box"],"picked":"Calling Bell"},{"not_picked":["Fusion Hammer","Velvet Choker"],"picked":"Runic Dome"}],"items_purged_floors":[36,47],"is_endless":false,"potions_floor_spawned":[2,5,13,18,27,28,31,33,35,37,38,39,40,42,45,48,54],"killed_by":"The Heart","ascension_level":0}}