{"host":"0i8dz4ityulxi1rd","time":1611412535,"event":{"mods":["BaseMod","Colored Map","Colored Powertips","Custom Start","Highlight Path","Hubris","Keyboard Shortcuts","Minty Spire (QoL Compilation)","StSLib","SuperFastMode"],"gold_per_floor":[366,74,84,103,119,119,119,151,151,151,100,175,188,221,221,300,300,315,33,49,49,5,5,5],"floor_reached":23,"language":"KOR","playtime":579,"items_purged":["Strike_R"],"score":398,"play_id":"0d2ecb33-a775-445e-9af4-aac040a07736","local_time":"20210123233535","is_ascension_mode":true,"campfire_choices":[{"data":"Perfected Strike","floor":6,"key":"SMITH"},{"data":"Power Through","floor":10,"key":"SMITH"},{"floor":15,"key":"REST"}],"circlet_count":0,"master_deck":["AscendersBane","Strike_R","Strike_R","Strike_R","Strike_R","Defend_R","Defend_R","Defend_R","Defend_R","Bash","Perfected Strike+1","Power Through+1","Fire Breathing","hubris:ReadiedAction","Flash of Steel","Headbutt","Perfected Strike","Second Wind","Perfected Strike","Shrug It Off","Barricade","Shrug It Off","Wild Strike","Dark Embrace"],"relics":["Burning Blood","Potion Belt","Anchor","Coffee Dripper","Membership Card","Bag of Preparation","Nloth\u0027s Gift"],"acts_visited":["Exordium","TheCity"],"potions_floor_usage":[8,14,14,14],"damage_taken":[{"damage":7,"enemies":"Cultist","floor":1,"turns":4},{"damage":0,"enemies":"2 Louse","floor":3,"turns":3},{"damage":7,"enemies":"Jaw Worm","floor":4,"turns":4},{"damage":2,"enemies":"2 Fungi Beasts","floor":5,"turns":3},{"damage":2,"enemies":"Gremlin Nob","floor":8,"turns":3},{"damage":39,"enemies":"Exordium Thugs","floor":13,"turns":4},{"damage":10,"enemies":"Lagavulin","floor":14,"turns":5},{"damage":18,"enemies":"Slime Boss","floor":16,"turns":8},{"damage":8,"enemies":"Spheric Guardian","floor":18,"turns":5},{"damage":31,"enemies":"Chosen","floor":20,"turns":4},{"damage":29,"enemies":"Book of Stabbing","floor":23,"turns":5}],"seed_played":"-4083622906111504170","potions_obtained":[{"floor":1,"key":"HeartOfIron"},{"floor":4,"key":"LiquidBronze"},{"floor":13,"key":"Strength Potion"},{"floor":14,"key":"BloodPotion"}],"is_trial":false,"path_per_floor":["M","$","M","M","M","R","?","E","T","R","$","?","M","E","R","B",null,"M","$","M","?","$","E"],"character_chosen":"IRONCLAD","items_purchased":["Power Through","Fire Breathing","hubris:ReadiedAction","Flash of Steel","Perfected Strike","Membership Card","Bag of Preparation","Dark Embrace"],"campfire_rested":1,"item_purchase_floors":[2,2,2,2,11,19,19,22],"current_hp_per_floor":[49,49,55,54,58,58,58,62,62,62,62,51,18,29,51,39,66,64,64,39,39,39,10,10],"gold":5,"neow_bonus":"TWO_FIFTY_GOLD","is_daily":false,"chose_seed":false,"campfire_upgraded":2,"win_rate":0.0,"timestamp":1611412535,"path_taken":["M","?","M","M","M","R","?","E","T","R","$","?","M","E","R","BOSS","M","$","M","?","?","E"],"items_purchased_type":["Card","Card","Card","Card","Card","Relic","Relic","Card"],"build_version":"2020-12-22","purchased_purges":1,"victory":false,"max_hp_per_floor":[75,75,75,75,75,75,75,75,75,75,75,75,75,75,75,75,75,75,75,75,75,75,75,75],"card_choices":[{"not_picked":["Dual Wield","Shrug It Off"],"picked":"Perfected Strike","floor":1},{"not_picked":["Armaments","Combust"],"picked":"Headbutt","floor":3},{"not_picked":["Thunderclap","hubris:CleavingFinish"],"picked":"Perfected Strike","floor":4},{"not_picked":["Warcry","Bloodletting","Dropkick"],"picked":"SKIP","floor":5},{"not_picked":["Seeing Red","Flex","Thunderclap"],"picked":"SKIP","floor":8},{"not_picked":["Reckless Charge","Cleave","hubris:ReadiedAction"],"picked":"SKIP","floor":13},{"not_picked":["Feed","Sword Boomerang"],"picked":"Shrug It Off","floor":14},{"not_picked":["Reaper","Immolate"],"picked":"Barricade","floor":16},{"not_picked":["Twin Strike","Rupture+1"],"picked":"Shrug It Off","floor":18},{"not_picked":["Twin Strike","Sword Boomerang"],"picked":"Wild Strike","floor":20}],"player_experience":1322913,"relics_obtained":[{"floor":8,"key":"Potion Belt"},{"floor":9,"key":"Mummified Hand"},{"floor":14,"key":"Anchor"}],"event_choices":[{"damage_healed":0,"gold_gain":75,"player_choice":"Gather Gold","damage_taken":11,"max_hp_gain":0,"max_hp_loss":0,"event_name":"World of Goop","floor":12,"gold_loss":0},{"damage_healed":0,"gold_gain":0,"player_choice":"Traded Relic","damage_taken":0,"relics_obtained":["Nloth\u0027s Gift"],"max_hp_gain":0,"max_hp_loss":0,"event_name":"N\u0027loth","floor":21,"relics_lost":["Mummified Hand"],"gold_loss":0}],"is_beta":false,"boss_relics":[{"not_picked":["hubris:Stopwatch","Runic Dome"],"picked":"Coffee Dripper"}],"items_purged_floors":[19],"is_endless":false,"potions_floor_spawned":[1,4,13,14],"killed_by":"Book of Stabbing","ascension_level":20}}