{"host":"dhyczjm99amxd3qx","time":1611443226,"event":{"mods":["BaseMod","Colored Map","Googly Eyes","Highlight Path","Minty Spire (QoL Compilation)","Quick Restart","StSLib"],"gold_per_floor":[109,109,119,138,138,165,179,210,210,210,160,160,235,268,268,367,367,367,367,367,367,367,367,367],"floor_reached":23,"language":"ENG","playtime":1596,"items_purged":[],"score":389,"play_id":"d42ab969-6e0a-475d-8d95-172b8663d198","local_time":"20210123180706","is_ascension_mode":true,"campfire_choices":[{"data":"Zap","floor":10.0,"key":"SMITH"},{"data":"Redo","floor":12.0,"key":"SMITH"},{"floor":15.0,"key":"REST"}],"circlet_count":0,"master_deck":["Strike_B","Strike_B","Strike_B","Defend_B","Defend_B","Defend_B+1","Defend_B","Zap+1","Dualcast","Self Repair+1","Cold Snap","Redo+1","Compile Driver","Ball Lightning","Conserve Battery","Buffer","Recycle","Cold Snap","BootSequence+1","Echo Form"],"relics":["Cracked Core","Oddly Smooth Stone","Question Card","InkBottle","FossilizedHelix","Unceasing Top","Ectoplasm"],"acts_visited":["Exordium","TheCity"],"potions_floor_usage":[23],"damage_taken":[{"damage":6.0,"enemies":"Jaw Worm","floor":1.0,"turns":4.0},{"damage":4.0,"enemies":"2 Louse","floor":3.0,"turns":3.0},{"damage":0.0,"enemies":"Cultist","floor":4.0,"turns":3.0},{"damage":32.0,"enemies":"Gremlin Nob","floor":6.0,"turns":4.0},{"damage":9.0,"enemies":"Looter","floor":7.0,"turns":4.0},{"damage":21.0,"enemies":"3 Sentries","floor":8.0,"turns":9.0},{"damage":0.0,"enemies":"Gremlin Nob","floor":14.0,"turns":3.0},{"damage":0.0,"enemies":"Slime Boss","floor":16.0,"turns":8.0},{"damage":0.0,"enemies":"Spheric Guardian","floor":18.0,"turns":3.0},{"damage":0.0,"enemies":"Shell Parasite","floor":19.0,"turns":5.0},{"damage":0.0,"enemies":"Snecko","floor":20.0,"turns":6.0},{"damage":28,"enemies":"Snake Plant","floor":21,"turns":5},{"damage":29,"enemies":"3 Cultists","floor":22,"turns":7},{"damage":45,"enemies":"Slavers","floor":23,"turns":4}],"seed_played":"3430806050987632463","potions_obtained":[{"floor":3.0,"key":"Dexterity Potion"},{"floor":8.0,"key":"SkillPotion"},{"floor":16.0,"key":"Energy Potion"},{"floor":18.0,"key":"DuplicationPotion"},{"floor":21,"key":"DuplicationPotion"},{"floor":22,"key":"SneckoOil"}],"is_trial":false,"path_per_floor":["M","?","M","M","?","E","M","E","T","R","?","R","?","E","R","B",null,"M","M","M","M","M","E"],"character_chosen":"DEFECT","items_purchased":[],"campfire_rested":1,"item_purchase_floors":[],"current_hp_per_floor":[62,47,53,63,68,46,47,36,36,36,36,36,25,35,59,69,77,77,80,80,62,43,0,0],"gold":367,"neow_bonus":"RANDOM_COMMON_RELIC","is_daily":false,"chose_seed":false,"campfire_upgraded":2,"win_rate":0.0,"timestamp":1611443226,"path_taken":["M","?","M","M","?","E","?","E","T","R","?","R","?","E","R","BOSS","M","M","M","M","M","E"],"items_purchased_type":[],"build_version":"2020-12-22","purchased_purges":0,"victory":false,"max_hp_per_floor":[75,75,75,75,80,80,80,80,80,80,80,80,80,80,80,80,80,80,80,80,80,80,80,80],"card_choices":[{"not_picked":["Hologram","Coolheaded"],"picked":"Self Repair","floor":1.0},{"not_picked":["Sunder","BootSequence"],"picked":"Cold Snap","floor":3.0},{"not_picked":["Streamline","Coolheaded"],"picked":"Redo","floor":4.0},{"not_picked":["Stack","Go for the Eyes"],"picked":"Compile Driver","floor":6.0},{"not_picked":["Sweeping Beam","Turbo","Consume"],"picked":"Ball Lightning","floor":7.0},{"not_picked":["Darkness","Core Surge","Reprogram","Doom and Gloom"],"picked":"SKIP","floor":8.0},{"not_picked":["Lockon","Gash","Leap"],"picked":"Conserve Battery","floor":14.0},{"not_picked":["Meteor Strike","Machine Learning","Seek"],"picked":"Buffer","floor":16.0},{"not_picked":["Coolheaded","Turbo","Compile Driver+1"],"picked":"Recycle","floor":18.0},{"not_picked":["Beam Cell+1","White Noise","Steam+1"],"picked":"Cold Snap","floor":19.0},{"not_picked":["Beam Cell+1","Barrage","Consume","Storm"],"picked":"SKIP","floor":20.0},{"not_picked":["Go for the Eyes","Self Repair+1","Sweeping Beam"],"picked":"BootSequence+1","floor":21},{"not_picked":["Consume","Barrage","Fusion"],"picked":"Echo Form","floor":22}],"player_experience":363943,"relics_obtained":[{"floor":6.0,"key":"Question Card"},{"floor":8.0,"key":"InkBottle"},{"floor":9.0,"key":"FossilizedHelix"},{"floor":14.0,"key":"Unceasing Top"}],"event_choices":[{"damage_healed":0.0,"max_hp_gain":0.0,"max_hp_loss":0.0,"gold_gain":0.0,"event_name":"Shining Light","player_choice":"Entered Light","floor":2.0,"gold_loss":0.0,"damage_taken":15.0,"cards_upgraded":["Defend_B","Self Repair"]},{"damage_healed":0.0,"max_hp_gain":5.0,"max_hp_loss":0.0,"gold_gain":0.0,"event_name":"Big Fish","player_choice":"Donut","floor":5.0,"gold_loss":0.0,"damage_taken":0.0},{"cards_removed":["Strike_B"],"damage_healed":0.0,"max_hp_gain":0.0,"max_hp_loss":0.0,"gold_gain":0.0,"event_name":"The Cleric","player_choice":"Card Removal","floor":11.0,"gold_loss":50.0,"damage_taken":0.0},{"damage_healed":0.0,"max_hp_gain":0.0,"max_hp_loss":0.0,"gold_gain":75.0,"event_name":"World of Goop","player_choice":"Gather Gold","floor":13.0,"gold_loss":0.0,"damage_taken":11.0}],"is_beta":false,"boss_relics":[{"not_picked":["FrozenCore","Empty Cage"],"picked":"Ectoplasm"}],"items_purged_floors":[],"is_endless":false,"potions_floor_spawned":[3,8,16,18,21,22],"killed_by":"Slavers","ascension_level":7}}