{"host":"jvd5k9mqzerszifx","time":1611384883,"event":{"mods":["AchievementEnabler","Act Like it!","BaseMod","Better Note","Better Third Choice","Colored Map","Colored Powertips","Conspire","DeckTracker","Downfall","Gensokyo","GungeonMod","Hallownest","Hermit","Hubris","Infinite Spire","Jorbs\u0027s Wanderer Trilogy","Koishi","Marisa（F雨　魔理沙）","Minty Spire (QoL Compilation)","MostiFishMod","Relic Stats","Reworked Bosses","Spicy Shops","StSLib","The Administrix","The Bug Knight","The Cursed","The Hierophant","The Jungle","The Servant 0.9.4","【功能Mod】聪明的最终Boss"],"gold_per_floor":[100,154,154,193,193,289,451,79,79,166,66,66,66,1416,1449,1758,1758,1558,1594,2419,2470,2470,2470,2470,2470,322,322,322,322,379,460,490,775,775,775,823,880,955,955,955,1120,170,206,206,206,206,206,266,305,305,305,398,172,172,172,184],"floor_reached":57,"language":"ZHS","playtime":3481,"items_purged":[],"score":1579,"play_id":"8f88486a-257e-48e2-ac5c-ff8b2d86df51","local_time":"20210123145443","is_ascension_mode":false,"campfire_choices":[{"data":"Guardian:Strike_Guardian","floor":1.0,"key":"PURGE"},{"data":"Guardian:Strike_Guardian","floor":1.0,"key":"PURGE"},{"data":"Guardian:Strike_Guardian","floor":1.0,"key":"PURGE"},{"data":"Guardian:Defend_Guardian","floor":1.0,"key":"PURGE"},{"data":"Guardian:Defend_Guardian","floor":1.0,"key":"PURGE"},{"data":"Guardian:Defend_Guardian","floor":1.0,"key":"PURGE"},{"data":"Guardian:Strike_Guardian","floor":1.0,"key":"SMITH"},{"data":"Guardian:Defend_Guardian","floor":1.0,"key":"SMITH"},{"data":"Guardian:CurlUp","floor":1.0,"key":"SMITH"},{"data":"Guardian:TwinSlam","floor":1.0,"key":"SMITH"},{"floor":1.0,"key":"RECALL"},{"data":"Guardian:Harden","floor":11.0,"key":"SMITH"},{"data":"Guardian:PolyBeam","floor":11.0,"key":"SMITH"},{"data":"Guardian:TemporalStrike","floor":11.0,"key":"SMITH"},{"floor":11.0,"key":"REST"},{"data":"Guardian:PrimingBeam","floor":12.0,"key":"SMITH"},{"floor":12.0,"key":"REST"},{"floor":13.0,"key":"REST"},{"data":"Guardian:GatlingBeam","floor":18.0,"key":"SMITH"},{"data":"Guardian:PrimingBeam","floor":18.0,"key":"SMITH"},{"floor":18.0,"key":"REST"},{"data":"Guardian:Incinerate","floor":27.0,"key":"SMITH"},{"data":"Guardian:ChargeCore","floor":27.0,"key":"SMITH"},{"floor":27.0,"key":"REST"},{"data":"Guardian:Incinerate","floor":35.0,"key":"SMITH"},{"floor":35.0,"key":"REST"},{"floor":35.0,"key":"REST"},{"data":"Guardian:BodySlam","floor":40.0,"key":"SMITH"},{"floor":40.0,"key":"REST"},{"data":"Gensokyo:BrilliantDragonBullet","floor":54,"key":"SMITH"},{"floor":54,"key":"REST"}],"circlet_count":0,"master_deck":["Guardian:CurlUp+1","Guardian:TwinSlam+1","Guardian:Harden+1","Guardian:PolyBeam+1","Guardian:Preprogram+1","Guardian:TemporalStrike+1","Guardian:PrimingBeam+1","Guardian:GatlingBeam+1","Guardian:PrimingBeam+1","Guardian:ExploitGems+1","Guardian:Incinerate+1","Guardian:ChargeCore+1","Guardian:Recover+1","Guardian:BronzeArmor+1","Guardian:Gem_White","Guardian:Incinerate+1","Guardian:Gem_Synthetic","Guardian:BodySlam+1","Guardian:Gem_Cyan","Guardian:CompilePackage+1","Gensokyo:BrilliantDragonBullet+1","Guardian:Gem_Blue","Guardian:Gem_Crimson","Guardian:Gem_Cyan"],"relics":["Guardian:ModeShifter","Peace Pipe","Ginger","Turnip","Unceasing Top","Omamori","Ice Cream","The Courier","Medical Kit","WingedGreaves","HandDrill","Frozen Eye","Blue Candle","SynthV","DaveBox","ImprovedEquipment","Bag of Marbles","Toxic Egg 2","DemoMod:SerJunkan","conspire:TreasureMap","hubris:Towel","Dream Catcher","downfall:HeartBlessingGreen","DemoMod:GlassGuonStoneRelic","hubris:ScarierMask","downfall:HeartBlessingRed","downfall:HeartBlessingBlue","Blood Vial","downfall:KnowingSkull","DemoMod:Junk","bronze:BronzeIdol","DemoMod:PinkGuonStone","Tiny Chest","DemoMod:Orange","infinitespire:ShieldingShard","Matryoshka","Ornamental Fan","BirthdayGift-Icosahedron","infinitespire:Bottled Soul","ChiLing","Chi","Ling","infinitespire:Midas Blood","Bronze Scales","DemoMod:ClearGuonStone","ShadowXiaoBlade","Pen Nib","SynthV:C4","hubris:GlazedTorus","BrkXgEgg","Strange Spoon","sneckomod:BlankCard","bronze:DecasWashers","infinitespire:EmpoweringShard","CombinedTypeHook","champ:Barbells","hubris:Icosahedron","infinitespire:WardingShard","DianDianMeat","Sundial","Civilization"],"acts_visited":["Exordium","TheCity","Gensokyo:Gensokyoest","TheEnding"],"potions_floor_usage":[],"damage_taken":[{"damage":0.0,"enemies":"conspire:RoseBush","floor":2.0,"turns":3.0},{"damage":4.0,"enemies":"2 Louse","floor":4.0,"turns":3.0},{"damage":0.0,"enemies":"HollowMod:MossKnight","floor":6.0,"turns":10.0},{"damage":0.0,"enemies":"downfall:FleeingMerchant","floor":8.0,"turns":4.0},{"damage":5.0,"enemies":"3 Sentries","floor":10.0,"turns":5.0},{"damage":0.0,"enemies":"Small Slimes","floor":15.0,"turns":2.0},{"damage":4.0,"enemies":"DF_ARCHETYPE_STREAMLINE","floor":16.0,"turns":8.0},{"damage":0.0,"enemies":"3 Byrds","floor":19.0,"turns":4.0},{"damage":0.0,"enemies":"Snecko","floor":21.0,"turns":3.0},{"damage":1.0,"enemies":"downfall:FleeingMerchant","floor":26.0,"turns":4.0},{"damage":0.0,"enemies":"Chosen and Byrds","floor":30.0,"turns":2.0},{"damage":0.0,"enemies":"downfall:FleeingMerchant","floor":31.0,"turns":3.0},{"damage":0.0,"enemies":"Cultist and Chosen","floor":32.0,"turns":2.0},{"damage":0.0,"enemies":"SI_MIRROR_ARCHETYPE","floor":33.0,"turns":4.0},{"damage":0.0,"enemies":"Gensokyo:AncientGuardian","floor":36.0,"turns":2.0},{"damage":0.0,"enemies":"Gensokyo:3_Boulders","floor":37.0,"turns":2.0},{"damage":0.0,"enemies":"Gensokyo:Sharpion","floor":43.0,"turns":1.0},{"damage":0,"enemies":"Gensokyo:Rafflesia","floor":48,"turns":3},{"damage":0,"enemies":"Gensokyo:3_Boulders","floor":49,"turns":1},{"damage":0,"enemies":"WA_ARCHETYPE_DIVINITY","floor":50,"turns":4},{"damage":0,"enemies":"downfall:CharBossMerchant","floor":52,"turns":3},{"damage":0,"enemies":"downfall:NeowBoss","floor":55,"turns":6},{"damage":2,"enemies":"downfall:NeowBossFinal","floor":56,"turns":4}],"seed_played":"-357646658478714346","potions_obtained":[{"floor":2.0,"key":"SpeedPotion"},{"floor":4.0,"key":"Strength Potion"},{"floor":15.0,"key":"Fire Potion"},{"floor":16.0,"key":"DemoMod:LeadSkinPotion"},{"floor":30.0,"key":"DistilledChaos"},{"floor":49,"key":"GamblersBrew"}],"is_trial":false,"path_per_floor":["R","M","?","M","?","E","T","$","?","E","R","R","R","?","M","B",null,"R","M","?","M","AVR","?","T","?","$","R","T","?","M","$","M","B",null,"R","M","M","T","?","R","T","$","M","AVR","?","T","?","M","M","B",null,"E","$","R","B","B",null],"character_chosen":"GUARDIAN","items_purchased":["Guardian:TemporalStrike","DemoMod:SerJunkan","conspire:TreasureMap","bronze:BronzeIdol","DemoMod:PinkGuonStone","Tiny Chest","DemoMod:Orange","infinitespire:ShieldingShard","Matryoshka","Ornamental Fan","Guardian:Gem_Green","Guardian:Gem_Synthetic","Guardian:Gem_Green","Guardian:Gem_Green","Guardian:Gem_Cyan","Guardian:Gem_Red","BirthdayGift-Icosahedron","Guardian:Gem_Orange","Guardian:Gem_Lightblue","Guardian:Gem_White","ChiLing","infinitespire:Midas Blood","Bronze Scales","DemoMod:ClearGuonStone","BrkXgEgg","Strange Spoon","sneckomod:BlankCard","bronze:DecasWashers","infinitespire:EmpoweringShard","CombinedTypeHook","Sundial","Civilization"],"campfire_rested":9,"item_purchase_floors":[8,8,8,26,26,26,26,26,26,26,26,26,26,26,26,26,26,31,31,31,31,31,31,31,42,42,42,42,42,42,53,53],"current_hp_per_floor":[72,72,72,68,50,50,50,50,50,45,73,96,96,96,96,92,96,106,106,106,106,106,98,98,98,118,125,125,125,125,125,125,125,125,125,125,125,125,125,125,125,125,125,125,125,125,125,125,125,123,123,124,124,126,126,126],"gold":184,"neow_bonus":"TWENTY_PERCENT_HP_BONUS","is_daily":false,"chose_seed":false,"campfire_upgraded":15,"win_rate":0.0,"timestamp":1611384883,"path_taken":["R","M","?","M","?","E","T","$","?","E","R","R","R","?","M","BOSS","R","M","?","?","AVR","?","T","?","$","R","?","?","?","$","M","BOSS","R","M","M","?","?","R","T","?","M","AVR","?","?","?","M","M","BOSS","E","$","R","BOSS","BOSS"],"items_purchased_type":["Card","Relic","Relic","Relic","Relic","Relic","Relic","Relic","Relic","Relic","Card","Card","Card","Card","Card","Card","Relic","Card","Card","Card","Relic","Relic","Relic","Relic","Relic","Relic","Relic","Relic","Relic","Relic","Relic","Relic"],"build_version":"2020-12-22","purchased_purges":0,"victory":true,"max_hp_per_floor":[96,96,96,96,96,96,96,96,96,96,96,96,96,96,96,96,96,106,106,106,106,106,106,106,106,125,125,125,125,125,125,125,125,125,125,125,125,125,125,125,125,125,125,125,125,125,125,125,125,123,123,124,124,126,126,127],"relic_stats":{"counters":[23,81],"Blue Candle":[6],"Pen Nib":[6],"Ginger":[15],"Medical Kit":[27],"Peace Pipe":7,"Blood Vial":2,"Strange Spoon":[30],"Dream Catcher":9,"Ornamental Fan":[100],"Sundial":[0],"Bronze Scales":[33],"Tiny Chest":2,"Turnip":[8],"HandDrill":[60],"obtain_stats":[{"Ice Cream":0,"CombinedTypeHook":42,"Chi":31,"downfall:HeartBlessingGreen":11,"DemoMod:GlassGuonStoneRelic":2,"BirthdayGift-Icosahedron":26,"Ginger":0,"Blood Vial":22,"infinitespire:ShieldingShard":26,"Sundial":53,"HandDrill":0,"Toxic Egg 2":6,"DemoMod:ClearGuonStone":31,"DianDianMeat":52,"champ:Barbells":44,"conspire:TreasureMap":8,"DemoMod:Orange":26,"Blue Candle":0,"Guardian:ModeShifter":0,"Pen Nib":38,"Ling":31,"Bronze Scales":31,"DemoMod:SerJunkan":8,"infinitespire:EmpoweringShard":42,"Unceasing Top":0,"ChiLing":31,"DaveBox":0,"SynthV":0,"sneckomod:BlankCard":42,"SynthV:C4":38,"Frozen Eye":0,"Civilization":53,"Dream Catcher":10,"Matryoshka":26,"hubris:Icosahedron":45,"downfall:HeartBlessingBlue":18,"infinitespire:Bottled Soul":29,"hubris:ScarierMask":17,"downfall:KnowingSkull":23,"Tiny Chest":26,"WingedGreaves":0,"hubris:GlazedTorus":41,"DemoMod:Junk":24,"downfall:HeartBlessingRed":18,"ImprovedEquipment":4,"bronze:DecasWashers":42,"ShadowXiaoBlade":34,"The Courier":0,"DemoMod:PinkGuonStone":26,"BrkXgEgg":42,"Omamori":0,"hubris:Towel":9,"Medical Kit":0,"bronze:BronzeIdol":26,"Peace Pipe":0,"Strange Spoon":42,"infinitespire:WardingShard":46,"Ornamental Fan":26,"Turnip":0,"Bag of Marbles":5,"infinitespire:Midas Blood":31},{"Ice Cream":0,"CombinedTypeHook":16,"Chi":12,"downfall:HeartBlessingGreen":5,"DemoMod:GlassGuonStoneRelic":1,"BirthdayGift-Icosahedron":10,"Ginger":0,"Blood Vial":9,"infinitespire:ShieldingShard":10,"Sundial":21,"HandDrill":0,"Toxic Egg 2":3,"DemoMod:ClearGuonStone":12,"DianDianMeat":21,"champ:Barbells":17,"conspire:TreasureMap":4,"DemoMod:Orange":10,"Blue Candle":0,"Guardian:ModeShifter":0,"Pen Nib":16,"Ling":12,"Bronze Scales":12,"DemoMod:SerJunkan":4,"infinitespire:EmpoweringShard":16,"Unceasing Top":0,"ChiLing":12,"DaveBox":0,"SynthV":0,"sneckomod:BlankCard":16,"SynthV:C4":16,"Frozen Eye":0,"Civilization":21,"Dream Catcher":5,"Matryoshka":10,"hubris:Icosahedron":17,"downfall:HeartBlessingBlue":7,"infinitespire:Bottled Soul":10,"hubris:ScarierMask":7,"downfall:KnowingSkull":9,"Tiny Chest":10,"WingedGreaves":0,"hubris:GlazedTorus":16,"DemoMod:Junk":9,"downfall:HeartBlessingRed":7,"ImprovedEquipment":2,"bronze:DecasWashers":16,"ShadowXiaoBlade":14,"The Courier":0,"DemoMod:PinkGuonStone":10,"BrkXgEgg":16,"Omamori":0,"hubris:Towel":4,"Medical Kit":0,"bronze:BronzeIdol":10,"Peace Pipe":0,"Strange Spoon":16,"infinitespire:WardingShard":17,"Ornamental Fan":10,"Turnip":0,"Bag of Marbles":2,"infinitespire:Midas Blood":12},{"Ice Cream":0,"CombinedTypeHook":60,"Chi":50,"downfall:HeartBlessingGreen":25,"DemoMod:GlassGuonStoneRelic":3,"BirthdayGift-Icosahedron":45,"Ginger":0,"Blood Vial":41,"infinitespire:ShieldingShard":45,"Sundial":71,"HandDrill":0,"Toxic Egg 2":16,"DemoMod:ClearGuonStone":50,"DianDianMeat":71,"champ:Barbells":61,"conspire:TreasureMap":20,"DemoMod:Orange":45,"Blue Candle":0,"Guardian:ModeShifter":0,"Pen Nib":60,"Ling":50,"Bronze Scales":50,"DemoMod:SerJunkan":20,"infinitespire:EmpoweringShard":60,"Unceasing Top":0,"ChiLing":50,"DaveBox":0,"SynthV":0,"sneckomod:BlankCard":60,"SynthV:C4":60,"Frozen Eye":0,"Civilization":71,"Dream Catcher":25,"Matryoshka":45,"hubris:Icosahedron":61,"downfall:HeartBlessingBlue":35,"infinitespire:Bottled Soul":45,"hubris:ScarierMask":35,"downfall:KnowingSkull":41,"Tiny Chest":45,"WingedGreaves":0,"hubris:GlazedTorus":60,"DemoMod:Junk":41,"downfall:HeartBlessingRed":35,"ImprovedEquipment":5,"bronze:DecasWashers":60,"ShadowXiaoBlade":56,"The Courier":0,"DemoMod:PinkGuonStone":45,"BrkXgEgg":60,"Omamori":0,"hubris:Towel":20,"Medical Kit":0,"bronze:BronzeIdol":45,"Peace Pipe":0,"Strange Spoon":60,"infinitespire:WardingShard":61,"Ornamental Fan":45,"Turnip":0,"Bag of Marbles":6,"infinitespire:Midas Blood":50}],"Unceasing Top":[12]},"card_choices":[{"not_picked":["Guardian:MultiBeam","Guardian:Repulse","Guardian:Suspension"],"picked":"SKIP","floor":2.0},{"not_picked":["Guardian:CrystalBeam","Guardian:ChargeCore"],"picked":"Guardian:Harden","floor":4.0},{"not_picked":["Guardian:SpikerProtocol","Guardian:Reroute"],"picked":"Guardian:PolyBeam","floor":6.0},{"not_picked":["Guardian:PiercingHide+1","Guardian:FierceBash"],"picked":"Guardian:Preprogram+1","floor":8.0},{"not_picked":["Guardian:CrystalBeam","Guardian:PrismaticBarrier+1","Guardian:WalkerClaw"],"picked":"SKIP","floor":10.0},{"not_picked":["Guardian:ShieldCharger+1","Guardian:RefractedBeam"],"picked":"Guardian:PrimingBeam","floor":11.0},{"not_picked":["Guardian:Planning+1","Guardian:Gem_Lightblue"],"picked":"Guardian:Gem_Cyan","floor":12.0},{"not_picked":["Guardian:PiercingHide+1","Guardian:Planning+1"],"picked":"Guardian:GatlingBeam","floor":13.0},{"not_picked":["Guardian:RollAttack","Guardian:Reroute"],"picked":"Guardian:PrimingBeam","floor":15.0},{"not_picked":["Guardian:GatlingBeam","Guardian:FastForward+1"],"picked":"Guardian:ExploitGems+1","floor":16.0},{"not_picked":["Guardian:PrimingBeam","Guardian:DonusPower+1"],"picked":"Guardian:Gem_Red","floor":18.0},{"not_picked":["Guardian:PrismaticBeam","Guardian:Suspension+1"],"picked":"Guardian:Incinerate","floor":19.0},{"not_picked":["Guardian:Planning+1","Guardian:DonusPower+1"],"picked":"Guardian:Gem_Lightblue","floor":21.0},{"not_picked":["Guardian:ChargeCore","Guardian:ShieldCharger+1","Guardian:Incinerate"],"picked":"SKIP","floor":26.0},{"not_picked":["Guardian:Orbwalk","Guardian:PolyBeam"],"picked":"Guardian:Recover+1","floor":27.0},{"not_picked":["Guardian:Incinerate+1","Guardian:MultiBeam+1"],"picked":"Guardian:BronzeArmor+1","floor":30.0},{"not_picked":["Guardian:RollAttack","Guardian:Gem_Cyan"],"picked":"Guardian:Gem_Fragmented","floor":31.0},{"not_picked":["Guardian:CrystalBeam","Guardian:Planning+1"],"picked":"Guardian:Incinerate","floor":32.0},{"not_picked":["Guardian:TimeSifter","Guardian:BaubleBeam"],"picked":"Guardian:Gem_Synthetic","floor":33.0},{"not_picked":["Guardian:Preprogram+1","Guardian:TemporalStrike"],"picked":"Guardian:BodySlam","floor":35.0},{"not_picked":["Guardian:ShieldCharger+1","Guardian:Incinerate+1"],"picked":"Guardian:Gem_Cyan","floor":36.0},{"not_picked":["Guardian:FuturePlans","Guardian:ChargeCore+1","Guardian:Preprogram+1"],"picked":"SKIP","floor":37.0},{"not_picked":["Guardian:VentSteam+1","Guardian:Reroute"],"picked":"Guardian:CompilePackage+1","floor":40.0},{"not_picked":["Guardian:TemporalShield+1","Guardian:FloatingOrbs","Guardian:PrimingBeam+1"],"picked":"SKIP","floor":43.0},{"not_picked":["Gensokyo:NewMoon","Gensokyo:SalamanderShield"],"picked":"Gensokyo:BrilliantDragonBullet","floor":47},{"not_picked":["Guardian:Reroute","Guardian:PrimingBeam+1"],"picked":"Guardian:Gem_Blue","floor":48},{"not_picked":["Guardian:Recover+1","Guardian:ChargeUp+1","Guardian:ShieldCharger+1"],"picked":"SKIP","floor":49},{"not_picked":["Guardian:StasisStrike+1","Guardian:RefractedBeam"],"picked":"Guardian:Gem_Crimson","floor":52},{"not_picked":["Guardian:Emergency+1","Guardian:Incinerate+1"],"picked":"Guardian:Gem_Cyan","floor":54}],"player_experience":310496,"relics_obtained":[{"floor":6.0,"key":"Toxic Egg 2"},{"floor":10.0,"key":"Dream Catcher"},{"floor":24.0,"key":"DemoMod:Junk"},{"floor":28.0,"key":"DemoMod:Junk"},{"floor":28.0,"key":"DemoMod:Junk"},{"floor":38.0,"key":"Pen Nib"},{"floor":38.0,"key":"SynthV:C4"},{"floor":41.0,"key":"hubris:GlazedTorus"},{"floor":46,"key":"infinitespire:WardingShard"},{"floor":52,"key":"DianDianMeat"}],"event_choices":[{"damage_healed":0.0,"max_hp_gain":0.0,"max_hp_loss":0.0,"gold_gain":1.0,"event_name":"betterThird:BetterScrap","player_choice":"Relic ","floor":5.0,"gold_loss":0.0,"damage_taken":18.0,"cards_obtained":["Combust"]},{"damage_healed":0.0,"max_hp_gain":0.0,"max_hp_loss":0.0,"gold_gain":0.0,"event_name":"Addict","player_choice":"Stole Relic","floor":29.0,"gold_loss":0.0,"damage_taken":0.0,"relics_obtained":["infinitespire:Bottled Soul"],"cards_obtained":["Pride"]}],"is_beta":false,"boss_relics":[{"not_picked":["RhineCircuit","GuanYuAspect"],"picked":"hubris:ScarierMask"},{"not_picked":["FrostBlade","Busted Crown"],"picked":"ShadowXiaoBlade"}],"items_purged_floors":[],"is_endless":false,"potions_floor_spawned":[2,4,15,16,19,30,37,49,52],"ascension_level":0}}