{"host":"7z347kdhnquy3q4q","time":1611402710,"event":{"mods":["Act Like it!","BaseMod","Hubris","Minty Spire (QoL Compilation)","MostiFishMod","Permanent Neow","Potionbrewer","Robot Space Explorer","Spicy Shops","StSLib","The Marked","Wandering Minibosses"],"gold_per_floor":[117,192,192,172,97,97,117,117,117,117,152,152,327,358,358,411,411,424,35,35,35,35,35,47,47,95,95,119,3,34,48,48,149,149,162,341,0,0,19,19,68,101,126,142,142,142,160,192,192,192],"floor_reached":51,"language":"ENG","playtime":1921,"items_purged":["theMarked:Strike","Doubt"],"score":1204,"play_id":"e0e821aa-4529-4534-b196-d463590638e1","local_time":"20210123055150","is_ascension_mode":true,"campfire_choices":[{"data":"theMarked:SoldierOfQuellstein","floor":6.0,"key":"SMITH"},{"data":"theMarked:ComboAttacks","floor":8.0,"key":"SMITH"},{"floor":15.0,"key":"REST"},{"floor":23.0,"key":"REST"},{"floor":27.0,"key":"REST"},{"floor":32.0,"key":"REST"},{"data":"theMarked:Indomitable","floor":40,"key":"SMITH"},{"data":"theMarked:TakeOffHeels","floor":46,"key":"SMITH"},{"data":"theMarked:BanishingWave","floor":49,"key":"SMITH"}],"circlet_count":0,"master_deck":["theMarked:Strike+1","theMarked:Strike","theMarked:Strike+1","theMarked:Strike","theMarked:Defend","theMarked:Defend","theMarked:Defend","theMarked:Defend","theMarked:SoldierOfQuellstein+1","MostiFishMod:Mottled","theMarked:Panic+1","theMarked:ComboAttacks+1","theMarked:EmpowerWeapon","theMarked:BanishingWave+1","theMarked:DispelDoubt+1","CurseOfTheBell","theMarked:HeightenedSenses+1","hubris:NaturalOne","theMarked:TakeOffHeels+1","theMarked:EternalStudent","theMarked:EmpowerWeapon+1","theMarked:Indomitable+1","Bandage Up","Master of Strategy","Good Instincts","theMarked:SoldierOfQuellstein+1","theMarked:ParalyzingBlade","theMarked:ElementalBlade+1","theMarked:MysticalArsenal+1","theMarked:Improvise+1"],"relics":["theMarked:ArtifactOfAir","DaveBox","HereWithMe","SynthV:TestCard","hubris:Icosahedron","hubris:SphereOfDissonance","Strawberry","hubris:Teleporter","hubris:CrystalStatue","Calling Bell","Ancient Tea Set","Sundial","hubris:FunFungus","Ginger","hubris:Towel","The Courier","Medical Kit","Technique","MutagenicStrength","PreservedInsect","Oddly Smooth Stone","Dodecahedron","Blood Vial","PatriotShield","Juzu Bracelet","hubris:NiceRug","Ice Cream","Boot","Civilization","Art of War","hubris:Potato","HandDrill","Red Mask","Gambling Chip","theMarked:DemonDagger","Lantern","Ornamental Fan"],"acts_visited":["Exordium","TheCity","TheBeyond"],"potions_floor_usage":[41,44,50],"damage_taken":[{"damage":2.0,"enemies":"Jaw Worm","floor":1.0,"turns":3.0},{"damage":0.0,"enemies":"2 Louse","floor":7.0,"turns":1.0},{"damage":0.0,"enemies":"3 Sentries","floor":11.0,"turns":3.0},{"damage":20.0,"enemies":"Lagavulin","floor":14.0,"turns":4.0},{"damage":15.0,"enemies":"Slime Boss","floor":16.0,"turns":7.0},{"damage":13.0,"enemies":"2 Thieves","floor":18.0,"turns":3.0},{"damage":0.0,"enemies":"3 Byrds","floor":24.0,"turns":6.0},{"damage":0.0,"enemies":"Book of Stabbing","floor":30.0,"turns":2.0},{"damage":20.0,"enemies":"Centurion and Healer","floor":31.0,"turns":6.0},{"damage":21.0,"enemies":"hubris:MusketHawk","floor":33.0,"turns":6.0},{"damage":0.0,"enemies":"3 Darklings","floor":35.0,"turns":2.0},{"damage":0,"enemies":"hubris:Merchant","floor":36,"turns":3},{"damage":0,"enemies":"3 Shapes","floor":39,"turns":2},{"damage":0,"enemies":"2 Orb Walkers","floor":41,"turns":2},{"damage":0,"enemies":"Giant Head","floor":42,"turns":2},{"damage":0,"enemies":"Spire Growth","floor":44,"turns":1},{"damage":0,"enemies":"3 Darklings","floor":47,"turns":1},{"damage":0,"enemies":"Reptomancer","floor":48,"turns":1},{"damage":0,"enemies":"hubris:GrandSnecko","floor":50,"turns":2}],"seed_played":"5456128345146074342","potions_obtained":[{"floor":1.0,"key":"SkillPotion"},{"floor":4.0,"key":"EssenceOfSteel"},{"floor":14.0,"key":"potionbrewer:BarricadePotion"},{"floor":18.0,"key":"potionbrewer:QuicksilverPotion"},{"floor":31.0,"key":"potionbrewer:DiscountPotion"},{"floor":33.0,"key":"Energy Potion"},{"floor":35.0,"key":"EntropicBrew"},{"floor":36,"key":"theMarked:SummonPotion"},{"floor":42,"key":"potionbrewer:NoxiousPotion"},{"floor":44,"key":"potionbrewer:QuicksilverPotion"}],"is_trial":false,"path_per_floor":["M","?","?","?","$","R","M","R","T","?","E","?","?","E","R","B",null,"M","$","?","$","$","R","M","?","T","R","T","$","E","M","R","B",null,"M","$","?","?","M","R","?","E","T","M","?","R","M","E","R","B",null],"character_chosen":"THE_DEFAULT","items_purchased":["Ginger","The Courier","Medical Kit","Technique","Dodecahedron","Juzu Bracelet"],"campfire_rested":4,"item_purchase_floors":[19,21,21,21,29,36],"current_hp_per_floor":[61,50,50,50,50,50,50,50,50,37,44,44,44,24,45,30,70,57,57,57,21,21,42,56,56,56,70,70,70,70,54,70,51,70,70,70,70,70,73,73,78,83,83,88,88,88,93,98,98,103],"gold":192,"neow_bonus":"RANDOM_COLORLESS_2","is_daily":false,"chose_seed":false,"campfire_upgraded":5,"win_rate":0.0,"timestamp":1611402710,"path_taken":["M","?","?","?","$","R","?","R","T","?","E","?","?","E","R","BOSS","M","$","?","?","?","R","?","?","T","R","?","?","E","M","R","BOSS","M","$","?","?","M","R","?","E","T","M","?","R","M","E","R","BOSS"],"items_purchased_type":["Relic","Relic","Relic","Relic","Relic","Relic"],"build_version":"2020-12-22","purchased_purges":2,"victory":true,"max_hp_per_floor":[63,63,63,63,63,63,63,63,63,63,70,70,70,70,70,70,70,70,70,70,70,70,70,70,70,70,70,70,70,70,70,70,70,70,70,70,70,70,73,73,78,83,83,88,88,88,93,98,98,103],"card_choices":[{"not_picked":["MostiFishMod:MusicBox","Master of Strategy"],"picked":"MostiFishMod:Mottled","floor":0.0},{"not_picked":["theMarked:ChainLightning","theMarked:Aftermath"],"picked":"theMarked:Panic","floor":1.0},{"not_picked":["theMarked:ResourceFulStrike","theMarked:ChainLightning","theMarked:ElectricStrings","theMarked:WardOff"],"picked":"theMarked:ComboAttacks","floor":7.0},{"not_picked":["theMarked:RepellingDischarge","theMarked:ShockingTouch","theMarked:PowerFlow","theMarked:TunnelVision"],"picked":"theMarked:EmpowerWeapon","floor":11.0},{"not_picked":["theMarked:Panic","theMarked:ResourceFulStrike","theMarked:RogueSparks","theMarked:TwofoldDefense"],"picked":"theMarked:BanishingWave","floor":14.0},{"not_picked":["theMarked:Vacuum","theMarked:MagicAdept","theMarked:MuscleMemory","theMarked:ThrowWeapon"],"picked":"theMarked:DispelDoubt","floor":16.0},{"not_picked":["theMarked:EmpowerWeapon","theMarked:Opportunist","theMarked:RepellingDischarge","theMarked:Electrify","theMarked:Aftermath"],"picked":"SKIP","floor":18.0},{"not_picked":["theMarked:Parkour","theMarked:Improvise","theMarked:ElectricStrings","theMarked:ResourceFulStrike"],"picked":"theMarked:HeightenedSenses+1","floor":24.0},{"not_picked":["theMarked:WardOff","theMarked:HeightenedSenses+1","theMarked:EmpowerWeapon","theMarked:TakeCover"],"picked":"theMarked:TakeOffHeels","floor":30.0},{"not_picked":["theMarked:ChainLightning","theMarked:Improvise","theMarked:Static","theMarked:RepellingDischarge+1","theMarked:WastefulAttack+1"],"picked":"SKIP","floor":31.0},{"not_picked":["theMarked:FavorableWinds","theMarked:Vacuum","theMarked:Snap","theMarked:ThrowWeapon"],"picked":"theMarked:EternalStudent","floor":33.0},{"not_picked":["theMarked:BanishingStrike+1","theMarked:Overcharge+1","theMarked:ElectricStrings","theMarked:LightningStrikesTwice"],"picked":"theMarked:EmpowerWeapon+1","floor":35.0},{"not_picked":[],"picked":"theMarked:Indomitable","floor":36},{"not_picked":[],"picked":"Bandage Up","floor":36},{"not_picked":[],"picked":"Master of Strategy","floor":36},{"not_picked":["theMarked:ShockingTouch"],"picked":"SKIP","floor":36},{"not_picked":["theMarked:Frustration"],"picked":"SKIP","floor":36},{"not_picked":["theMarked:WastefulDefense"],"picked":"SKIP","floor":36},{"not_picked":["theMarked:ComboAttacks"],"picked":"SKIP","floor":36},{"not_picked":["theMarked:MaelstromOfLightning+1","theMarked:ContemptForTheProud","theMarked:TwofoldDefense+1","theMarked:Aftermath"],"picked":"theMarked:ParalyzingBlade","floor":39},{"not_picked":["theMarked:Panic","theMarked:WardOff","theMarked:Frustration","theMarked:ContemptForTheProud"],"picked":"theMarked:ElementalBlade+1","floor":42},{"not_picked":["theMarked:KeepCalmAndFightOn","theMarked:RepellingDischarge+1","theMarked:ElectricStrings","theMarked:Parry","theMarked:BanishingStrike"],"picked":"SKIP","floor":44},{"not_picked":["theMarked:Parkour+1","theMarked:HeritageOfTheMarked+1","theMarked:ResourceFulStrike+1","theMarked:Aftermath"],"picked":"theMarked:MysticalArsenal+1","floor":47},{"not_picked":["theMarked:DeterminationOfTheMarked","theMarked:ChainLightning+1","theMarked:Parkour+1","theMarked:BanishingWave+1"],"picked":"theMarked:Improvise+1","floor":48}],"player_experience":1958826,"relics_obtained":[{"floor":1.0,"key":"SynthV:TestCard"},{"floor":9.0,"key":"hubris:SphereOfDissonance"},{"floor":11.0,"key":"Strawberry"},{"floor":14.0,"key":"hubris:CrystalStatue"},{"floor":17.0,"key":"Ancient Tea Set"},{"floor":17.0,"key":"Sundial"},{"floor":17.0,"key":"hubris:FunFungus"},{"floor":26.0,"key":"PreservedInsect"},{"floor":28.0,"key":"Oddly Smooth Stone"},{"floor":30.0,"key":"Blood Vial"},{"floor":36,"key":"Ice Cream"},{"floor":36,"key":"Boot"},{"floor":36,"key":"Civilization"},{"floor":36,"key":"Art of War"},{"floor":36,"key":"hubris:Potato"},{"floor":36,"key":"HandDrill"},{"floor":41,"key":"Gambling Chip"},{"floor":42,"key":"theMarked:DemonDagger"},{"floor":43,"key":"Lantern"},{"floor":48,"key":"Ornamental Fan"}],"event_choices":[{"damage_healed":0.0,"max_hp_gain":0.0,"max_hp_loss":0.0,"gold_gain":75.0,"event_name":"World of Goop","player_choice":"Gather Gold","floor":2.0,"gold_loss":0.0,"damage_taken":11.0},{"damage_healed":0.0,"max_hp_gain":0.0,"max_hp_loss":0.0,"gold_gain":0.0,"event_name":"The Woman in Blue","player_choice":"Bought 1 Potion","floor":4.0,"gold_loss":0.0,"damage_taken":0.0},{"damage_healed":0.0,"max_hp_gain":0.0,"max_hp_loss":0.0,"gold_gain":0.0,"event_name":"Shining Light","player_choice":"Entered Light","floor":10.0,"gold_loss":0.0,"damage_taken":13.0,"cards_upgraded":["theMarked:Strike","theMarked:Strike"]},{"damage_healed":0.0,"max_hp_gain":0.0,"max_hp_loss":0.0,"gold_gain":0.0,"event_name":"Dead Adventurer","player_choice":"Searched \u00272\u0027 times","floor":12.0,"gold_loss":0.0,"damage_taken":0.0,"relics_obtained":["hubris:Teleporter"]},{"damage_healed":0.0,"max_hp_gain":0.0,"max_hp_loss":0.0,"gold_gain":175.0,"event_name":"Liars Game","player_choice":"AGREE","floor":13.0,"gold_loss":0.0,"damage_taken":0.0,"cards_obtained":["Doubt"]},{"damage_healed":0.0,"max_hp_gain":0.0,"max_hp_loss":0.0,"gold_gain":0.0,"event_name":"Drug Dealer","player_choice":"Inject Mutagens","floor":25.0,"gold_loss":0.0,"damage_taken":0.0,"relics_obtained":["MutagenicStrength"]},{"damage_healed":0,"gold_gain":0,"player_choice":"Paid","damage_taken":0,"relics_obtained":["Red Mask"],"max_hp_gain":0,"max_hp_loss":0,"event_name":"Tomb of Lord Red Mask","floor":37,"gold_loss":341},{"damage_healed":0,"gold_gain":0,"player_choice":"2 cards matched","damage_taken":0,"max_hp_gain":0,"max_hp_loss":0,"event_name":"Match and Keep!","floor":38,"gold_loss":0,"cards_obtained":["Good Instincts","theMarked:SoldierOfQuellstein"]},{"damage_healed":0,"gold_gain":0,"player_choice":"Fight","damage_taken":0,"max_hp_gain":0,"max_hp_loss":0,"event_name":"Mysterious Sphere","floor":41,"gold_loss":0}],"is_beta":false,"boss_relics":[{"not_picked":["hubris:VirtuousBlindfold","BloodWine"],"picked":"Calling Bell"},{"not_picked":["potionbrewer:BhaskarasWheel","Tiny House"],"picked":"PatriotShield"}],"items_purged_floors":[5,19],"is_endless":false,"potions_floor_spawned":[1,14,18,31,33,35,42,44,48],"ascension_level":3}}