{"host":"9xv6exvwmlpefxuw","time":1611380941,"event":{"mods":["ATMod(阿瑾Mod)","AchievementEnabler","Act Like it!","Aspiration","BaseMod","Chen","Colored Powertips","Conspire","Downfall","Friendly Minions","Gensokyo","GifTheSpireLib","KinomotoSakuraMod(木之本樱)","Koishi","KomeijiMod","Marisa（F雨　魔理沙）","Minty Spire (QoL Compilation)","Pale of the Ancients","Rare Cards Sparkle","Reimu（博丽灵梦）","Remilia_Scarlet Moed（蕾米莉亚・斯卡雷特）3.3.5","Remilia（蕾米莉亚）","RumiaBox-露米娅的神秘盒子","StSLib","The Administrix","The Animator","The Blackbeard","The Mystic","The Servant 0.9.4","WarShipGirlsR/战舰少女R mod","Yakumo Yukari mod","Youmu（魂魄妖梦）","Yuyuko","【功能Mod】混沌之环修复补丁","【功能Mod】聪明的最终Boss"],"gold_per_floor":[116,132,146,158,171,171,186,201,228,261,275,275,294,309,309,405,405,389,409,428,80,100,134,134,144,144,159,159,159,159],"floor_reached":29,"language":"ZHS","playtime":1555,"items_purged":[],"score":257,"play_id":"3900a72f-a802-47d3-8610-8cf8ee8ac299","local_time":"20210123134901","is_ascension_mode":false,"campfire_choices":[{"floor":6,"key":"REST"},{"data":"Inflame","floor":12,"key":"SMITH"},{"floor":15,"key":"REST"},{"floor":24,"key":"REST"},{"floor":28,"key":"REST"}],"circlet_count":0,"master_deck":["Strike_R","Strike_R","Strike_R","Strike_R","Strike_R","Defend_R","Defend_R","Defend_R","Defend_R","Bash","Inflame+1","Shrug It Off","Clash","Anger","Thunderclap","Dual Wield","Cleave","Twin Strike","Iron Wave","Uppercut","AT_Dispersion","Flex","Rampage","Dropkick","conspire:ExplosiveBarrier","conspire:HitWhereItHurts","Flex"],"relics":["Burning Blood","AT_ATBox","AddBug","SecretRecord","SecretRecord","SecretRecord","SecretRecord"],"acts_visited":["Exordium","TheCity"],"potions_floor_usage":[20,29,29],"damage_taken":[{"damage":12,"enemies":"Cultist","floor":1,"turns":5},{"damage":15,"enemies":"2 Louse","floor":2,"turns":4},{"damage":0,"enemies":"Small Slimes","floor":3,"turns":4},{"damage":38,"enemies":"Gremlin Gang","floor":4,"turns":6},{"damage":11,"enemies":"Large Slime","floor":5,"turns":5},{"damage":9,"enemies":"2 Fungi Beasts","floor":7,"turns":4},{"damage":8,"enemies":"Exordium Thugs","floor":8,"turns":3},{"damage":27,"enemies":"Gremlin Nob","floor":10,"turns":4},{"damage":4,"enemies":"Gremlin Gang","floor":11,"turns":2},{"damage":5,"enemies":"Looter","floor":13,"turns":2},{"damage":18,"enemies":"3 Louse","floor":14,"turns":2},{"damage":29,"enemies":"Hexaghost","floor":16,"turns":6},{"damage":10,"enemies":"2 Thieves","floor":18,"turns":4},{"damage":1,"enemies":"conspire:FuzzyDice","floor":19,"turns":4},{"damage":10,"enemies":"Snecko","floor":20,"turns":4},{"damage":17,"enemies":"Cultist and Chosen","floor":22,"turns":5},{"damage":49,"enemies":"Gremlin Leader","floor":23,"turns":5},{"damage":29,"enemies":"Snake Plant","floor":25,"turns":4},{"damage":36,"enemies":"3 Cultists","floor":27,"turns":5},{"damage":40,"enemies":"Book of Stabbing","floor":29,"turns":4}],"seed_played":"-1788325853703188658","potions_obtained":[{"floor":2,"key":"SpeedPotion"},{"floor":3,"key":"Block Potion"},{"floor":5,"key":"SmokeBomb"},{"floor":7,"key":"bronze:BurnAndBuffPotion"},{"floor":19,"key":"Fruit Juice"},{"floor":22,"key":"LiquidBronze"}],"is_trial":false,"path_per_floor":["M","M","M","M","M","R","M","M","T","E","M","R","M","M","R","B",null,"M","M","M","$","M","E","R","M","T","M","R","E"],"character_chosen":"IRONCLAD","items_purchased":["Dropkick","Vajra","AT_BellDemon"],"campfire_rested":4,"item_purchase_floors":[21,21,21],"current_hp_per_floor":[82,73,79,47,42,68,65,63,63,42,44,44,45,33,59,36,88,84,88,89,89,78,35,62,39,39,9,36,0,0],"gold":159,"neow_bonus":"TEN_PERCENT_HP_BONUS","is_daily":false,"chose_seed":false,"campfire_upgraded":1,"win_rate":0.0,"timestamp":1611380941,"path_taken":["M","M","M","M","M","R","M","M","T","E","M","R","M","M","R","BOSS","M","M","M","$","M","E","R","M","T","M","R","E"],"items_purchased_type":["Card","Relic","Relic"],"build_version":"2020-12-22","purchased_purges":0,"victory":false,"max_hp_per_floor":[88,88,88,88,88,88,88,88,88,88,88,88,88,88,88,88,88,88,88,93,93,93,93,93,93,93,93,93,93,93],"card_choices":[{"not_picked":["Thunderclap","Headbutt"],"picked":"Inflame","floor":1},{"not_picked":["Dark Embrace","Clothesline"],"picked":"Shrug It Off","floor":2},{"not_picked":["Dark Embrace","AT_IchimonjiDouble"],"picked":"Clash","floor":3},{"not_picked":["Ghostly Armor","Thunderclap"],"picked":"Anger","floor":4},{"not_picked":["Shrug It Off","True Grit"],"picked":"Thunderclap","floor":5},{"not_picked":["Headbutt","Burning Pact","Body Slam"],"picked":"SKIP","floor":7},{"not_picked":["Thunderclap","Headbutt"],"picked":"Dual Wield","floor":8},{"not_picked":["Burning Pact","Juggernaut"],"picked":"Cleave","floor":10},{"not_picked":["Thunderclap","Perfected Strike"],"picked":"Twin Strike","floor":11},{"not_picked":["AT_DrawKnifeCut","Rupture"],"picked":"Iron Wave","floor":13},{"not_picked":["Dual Wield","Clash"],"picked":"Uppercut","floor":14},{"not_picked":["Feed","Offering"],"picked":"AT_Dispersion","floor":16},{"not_picked":["Shrug It Off+1","Clothesline","Cleave"],"picked":"SKIP","floor":18},{"not_picked":["Shrug It Off+1","AT_CaressingTears"],"picked":"Flex","floor":19},{"not_picked":["Dual Wield+1","AT_BodySlamDance+1"],"picked":"Rampage","floor":20},{"not_picked":["Sword Boomerang","Disarm"],"picked":"conspire:ExplosiveBarrier","floor":22},{"not_picked":["Anger","Cleave"],"picked":"conspire:HitWhereItHurts","floor":23},{"not_picked":["Second Wind","Clash"],"picked":"Flex","floor":25},{"not_picked":["Thunderclap","AT_BodySlamDance+1","AT_IchimonjiDouble"],"picked":"SKIP","floor":27}],"player_experience":4152,"relics_obtained":[{"floor":1,"key":"AddBug"},{"floor":7,"key":"SecretRecord"},{"floor":9,"key":"Lantern"},{"floor":10,"key":"ZombieArmy"},{"floor":13,"key":"SecretRecord"},{"floor":23,"key":"SecretRecord"},{"floor":23,"key":"HoshigumaDish"}],"event_choices":[],"is_beta":false,"boss_relics":[{"not_picked":["Mark of Pain","Runic Pyramid"],"picked":"Calling Bell"}],"items_purged_floors":[],"is_endless":false,"potions_floor_spawned":[2,3,5,7,13,19,22,23],"killed_by":"Book of Stabbing","ascension_level":0}}