{"host":"usru02jcpe2a942d","time":1611397869,"event":{"mods":["Act Like it!","BaseMod","Colored Powertips","Downfall","GifTheSpireLib","Highlight Path","HololiveMod","Hubris","Lobotomy","LobotomyExtend","Minty Spire (QoL Compilation)","MostiFishMod","Quick Restart","Relic Stats","RumiaBox-露米娅的神秘盒子","StSLib","Waifu the Spire","noobMod","【遗物卡牌】REMEMod","篝火指南"],"gold_per_floor":[99,113,113,23,23,23,46,46,58,78,142,159,94,113,126,222,222,122,135,146,161,161,179,179,179,194,250,279,306,206,306,316,413,413,220,230,249,259,277,277,301,154,206,220,63,13,63,75,85,85],"floor_reached":51,"language":"ZHS","playtime":3276,"items_purged":["champ:Strike","champ:Defend","champ:Strike","champ:Defend","champ:FanOfKnives"],"score":763,"play_id":"98565e7f-f73a-4c8a-9c3b-27960eec9d7b","local_time":"20210123183109","is_ascension_mode":false,"campfire_choices":[{"data":"champ:Taunt","floor":1,"key":"SMITH"},{"floor":8,"key":"RECALL"},{"data":"champ:StrikeOfGenius","floor":18,"key":"SMITH"},{"data":"champ:StanceDance","floor":30,"key":"SMITH"}],"circlet_count":0,"master_deck":["champ:Execute","champ:Taunt+1","Berserk","champ:BerserkersShout","champ:Duel","champ:UltimateStance+1","hubris:Wrath","champ:StanceDance+1","champ:ArenaPreparation","champ:FancyFootwork+1","champ:StrikeOfGenius+1","champ:FancyFootwork","Necronomicurse","champ:FaceSlap+1","champ:SetATrap","champ:SetATrap","champ:FocusedDefense","J.A.X.+1","champ:CalledShot","champ:TripleStrike+1","champ:EnragedBash+1","champ:RapidStrikes+1","champ:ShieldWall+1","champ:FocusedDefense+1"],"relics":["champ:ChampionCrown","DaveBox","ice","REME_ComplimentaryCards","BirthdayGift-Icosahedron","LetterFromLob","downfall:ShatteredFragment","Smiling Mask","Hololive_LightStick","GreenFoldingFan","downfall:HeartBlessingRed","Necronomicon","LastBattle","Gaze_r","Heaven_r","MagicBullet_r","hubris:EmptyBottle","hubris:DeckOfHolding","downfall:HeartBlessingBlue","MutagenicStrength","NightmareShop","Technique","hubris:Towel","hubris:TenFootPole","REME_CardOfGreed","Dead Branch","War Paint","Thread and Needle"],"acts_visited":["Exordium","TheCity","TheBeyond"],"potions_floor_usage":[13,13,13,28,33,50,50,50,50,50,50],"damage_taken":[{"damage":8,"enemies":"Jaw Worm","floor":2,"turns":2},{"damage":50,"enemies":"downfall:FleeingMerchant","floor":4,"turns":4},{"damage":27,"enemies":"Small Slimes","floor":9,"turns":2},{"damage":12,"enemies":"Cultist","floor":10,"turns":2},{"damage":37,"enemies":"Lagavulin Event","floor":11,"turns":3},{"damage":0,"enemies":"2 Fungi Beasts","floor":12,"turns":2},{"damage":21,"enemies":"downfall:FleeingMerchant","floor":13,"turns":4},{"damage":10,"enemies":"Exordium Thugs","floor":14,"turns":2},{"damage":15,"enemies":"Lots of Slimes","floor":15,"turns":2},{"damage":86,"enemies":"DF_ARCHETYPE_STREAMLINE","floor":16,"turns":5},{"damage":12,"enemies":"3 Byrds","floor":19,"turns":2},{"damage":2,"enemies":"Shell Parasite","floor":20,"turns":2},{"damage":12,"enemies":"Snake Plant","floor":21,"turns":2},{"damage":29,"enemies":"Sentry and Sphere","floor":23,"turns":3},{"damage":9,"enemies":"downfall:FaceTrader","floor":25,"turns":1},{"damage":0,"enemies":"downfall:FaceTrader","floor":25,"turns":2},{"damage":0,"enemies":"Snecko","floor":26,"turns":2},{"damage":4,"enemies":"downfall:FleeingMerchant","floor":27,"turns":1},{"damage":0,"enemies":"REME_1_Revenger","floor":28,"turns":2},{"damage":45,"enemies":"downfall:Augmenter","floor":31,"turns":3},{"damage":21,"enemies":"Centurion and Healer","floor":32,"turns":2},{"damage":35,"enemies":"WA_ARCHETYPE_CALM","floor":33,"turns":4},{"damage":28,"enemies":"3 Darklings","floor":36,"turns":2},{"damage":10,"enemies":"3 Shapes","floor":37,"turns":1},{"damage":20,"enemies":"Sphere and 2 Shapes","floor":38,"turns":1},{"damage":42,"enemies":"4 Shapes","floor":39,"turns":1},{"damage":42,"enemies":"2 Orb Walkers","floor":43,"turns":2},{"damage":32,"enemies":"Writhing Mass","floor":44,"turns":1},{"damage":58,"enemies":"Writhing Mass","floor":47,"turns":3},{"damage":13,"enemies":"3 Darklings","floor":48,"turns":1},{"damage":23,"enemies":"Sphere and 2 Shapes","floor":49,"turns":2},{"damage":65,"enemies":"IC_BLOCK_ARCHETYPE","floor":50,"turns":4}],"seed_played":"4650262576180004485","potions_obtained":[{"floor":9,"key":"Energy Potion"},{"floor":11,"key":"PowerPotion"},{"floor":12,"key":"Explosive Potion"},{"floor":15,"key":"SmokeBomb"},{"floor":16,"key":"Dexterity Potion"},{"floor":19,"key":"SteroidPotion"},{"floor":33,"key":"Weak Potion"},{"floor":39,"key":"BlessingOfTheForge"},{"floor":43,"key":"SkillPotion"},{"floor":49,"key":"Explosive Potion"}],"is_trial":false,"path_per_floor":["R","M","?","$","?","?","T","R","M","M","?","M","$","M","M","B",null,"R","M","M","M","?","M","T","?","M","$","E","T","R","?","M","B",null,"R","M","M","M","M","?","T","R","?","M","R","$","?","M","M","B",null],"character_chosen":"THE_CHAMP","items_purchased":["hubris:EmptyBottle","champ:SetATrap","Technique","REME_CardOfGreed","War Paint"],"campfire_rested":0,"item_purchase_floors":[27,27,35,42,45],"current_hp_per_floor":[99,99,102,93,66,66,66,66,70,74,53,64,79,100,102,62,102,102,102,102,101,85,97,97,102,102,102,102,102,112,112,112,112,112,112,112,112,112,112,112,112,112,101,105,105,105,112,112,112,112],"gold":85,"neow_bonus":"TEN_PERCENT_HP_BONUS","is_daily":false,"chose_seed":false,"campfire_upgraded":3,"win_rate":0.0,"timestamp":1611397869,"path_taken":["R","M","?","$","?","?","T","R","?","M","?","M","$","M","M","BOSS","R","M","M","M","?","M","T","?","?","$","E","?","R","?","M","BOSS","R","M","M","M","M","?","T","R","?","M","R","$","?","M","M","BOSS"],"items_purchased_type":["Relic","Card","Relic","Relic","Relic"],"build_version":"2020-12-22","purchased_purges":5,"victory":true,"max_hp_per_floor":[99,99,102,102,102,102,102,102,102,102,102,102,102,102,102,102,102,102,102,102,102,102,102,102,102,102,102,102,102,112,112,112,112,112,112,112,112,112,112,112,112,112,112,112,112,112,112,112,112,112],"relic_stats":{"counters":[32,72],"Dead Branch":[20],"Necronomicon":[20],"War Paint":["champ:FancyFootwork","J.A.X."],"Smiling Mask":350,"obtain_stats":[{"DaveBox":0,"champ:ChampionCrown":0,"ice":0,"BirthdayGift-Icosahedron":0,"hubris:EmptyBottle":27,"Smiling Mask":7,"GreenFoldingFan":17,"downfall:HeartBlessingBlue":30,"NightmareShop":34,"hubris:DeckOfHolding":28,"Necronomicon":22,"downfall:ShatteredFragment":5,"downfall:HeartBlessingRed":18,"MagicBullet_r":25,"Dead Branch":43,"Thread and Needle":47,"LastBattle":24,"hubris:Towel":40,"War Paint":45,"Gaze_r":25,"Heaven_r":25,"Hololive_LightStick":11,"MutagenicStrength":31,"LetterFromLob":2,"hubris:TenFootPole":41,"Technique":35,"REME_CardOfGreed":42,"REME_ComplimentaryCards":0},{"DaveBox":0,"champ:ChampionCrown":0,"ice":0,"BirthdayGift-Icosahedron":0,"hubris:EmptyBottle":18,"Smiling Mask":2,"GreenFoldingFan":10,"downfall:HeartBlessingBlue":19,"NightmareShop":22,"hubris:DeckOfHolding":19,"Necronomicon":13,"downfall:ShatteredFragment":2,"downfall:HeartBlessingRed":10,"MagicBullet_r":16,"Dead Branch":27,"Thread and Needle":29,"LastBattle":14,"hubris:Towel":26,"War Paint":28,"Gaze_r":15,"Heaven_r":16,"Hololive_LightStick":5,"MutagenicStrength":20,"LetterFromLob":1,"hubris:TenFootPole":26,"Technique":22,"REME_CardOfGreed":26,"REME_ComplimentaryCards":0},{"DaveBox":0,"champ:ChampionCrown":0,"ice":0,"BirthdayGift-Icosahedron":0,"hubris:EmptyBottle":43,"Smiling Mask":6,"GreenFoldingFan":28,"downfall:HeartBlessingBlue":45,"NightmareShop":54,"hubris:DeckOfHolding":45,"Necronomicon":34,"downfall:ShatteredFragment":6,"downfall:HeartBlessingRed":28,"MagicBullet_r":40,"Dead Branch":61,"Thread and Needle":65,"LastBattle":37,"hubris:Towel":59,"War Paint":62,"Gaze_r":38,"Heaven_r":40,"Hololive_LightStick":13,"MutagenicStrength":48,"LetterFromLob":2,"hubris:TenFootPole":59,"Technique":54,"REME_CardOfGreed":59,"REME_ComplimentaryCards":0}]},"card_choices":[{"not_picked":["champ:PreciseThrust","champ:Haymaker"],"picked":"champ:BerserkersShout","floor":2},{"not_picked":["champ:Encircle","champ:RecklessLeap"],"picked":"champ:Duel","floor":4},{"not_picked":["champ:FlashCut","champ:BladeFlurry","champ:BringItOn"],"picked":"SKIP","floor":9},{"not_picked":["champ:EnGarde","champ:PerfectedStrike","champ:Circumvent"],"picked":"SKIP","floor":10},{"not_picked":["champ:RisingSlash","champ:FaceSlap"],"picked":"champ:StanceDance","floor":12},{"not_picked":["champ:CrownThrow","champ:FocusedDefense"],"picked":"champ:ArenaPreparation","floor":13},{"not_picked":["champ:PreciseThrust","champ:Shatter"],"picked":"champ:FancyFootwork","floor":14},{"not_picked":["champ:RecklessLeap","champ:BringItOn"],"picked":"champ:FanOfKnives","floor":15},{"not_picked":["champ:LastStand","champ:HeavySlash"],"picked":"champ:StrikeOfGenius","floor":16},{"not_picked":["champ:TornadoPunch+1","champ:BringItOn","champ:PerfectedStrike+1"],"picked":"SKIP","floor":19},{"not_picked":["champ:FalseCounter","champ:RecklessLeap","champ:CrownThrow+1"],"picked":"SKIP","floor":20},{"not_picked":["champ:EnGarde","champ:Endure+1"],"picked":"champ:FancyFootwork","floor":21},{"not_picked":["champ:TornadoPunch","champ:GladiatorStyle+1","champ:GutPunch"],"picked":"SKIP","floor":23},{"not_picked":["champ:RecklessLeap","champ:TornadoPunch"],"picked":"champ:FaceSlap+1","floor":26},{"not_picked":["champ:SteelEdge","champ:RecklessLeap","champ:CrookedStrike"],"picked":"SKIP","floor":27},{"not_picked":["champ:Parry","champ:CrookedStrike","champ:StrikeOfGenius"],"picked":"SKIP","floor":28},{"not_picked":[],"picked":"J.A.X.","floor":31},{"not_picked":["champ:Endure","champ:Encircle+1"],"picked":"champ:CalledShot","floor":31},{"not_picked":["champ:CrownThrow","champ:Backstep","champ:Lariat"],"picked":"SKIP","floor":32},{"not_picked":["champ:SwordThrow","champ:IgnorePain"],"picked":"champ:TripleStrike","floor":33},{"not_picked":["champ:RisingSlash","champ:FlashCut+1","champ:FanOfKnives+1"],"picked":"SKIP","floor":36},{"not_picked":["champ:Endure+1","champ:GutPunch+1"],"picked":"champ:EnragedBash+1","floor":37},{"not_picked":["champ:CrownThrow","champ:IronFortress"],"picked":"champ:RapidStrikes+1","floor":38},{"not_picked":["champ:BringItOn","champ:StanceDance"],"picked":"champ:ShieldWall+1","floor":39},{"not_picked":["champ:Backstep","champ:Haymaker","champ:FanOfKnives+1"],"picked":"SKIP","floor":44},{"not_picked":["champ:ShieldWall+1","champ:PerfectedStrike+1","champ:AdrenalArmor+1"],"picked":"SKIP","floor":48},{"not_picked":["champ:AdrenalArmor+1","champ:BerserkersShout"],"picked":"champ:FocusedDefense+1","floor":49}],"player_experience":397567,"relics_obtained":[{"floor":2,"key":"LetterFromLob"},{"floor":7,"key":"Smiling Mask"},{"floor":11,"key":"Hololive_LightStick"},{"floor":22,"key":"Necronomicon"},{"floor":24,"key":"LastBattle"},{"floor":28,"key":"hubris:DeckOfHolding"},{"floor":31,"key":"MutagenicStrength"},{"floor":41,"key":"hubris:TenFootPole"},{"floor":43,"key":"Dead Branch"},{"floor":47,"key":"Thread and Needle"}],"event_choices":[{"damage_healed":0,"gold_gain":0,"player_choice":"Fight","damage_taken":0,"max_hp_gain":0,"max_hp_loss":0,"event_name":"Mysterious Sphere","floor":43,"gold_loss":0}],"is_beta":false,"boss_relics":[{"not_picked":["hubris:VirtuousBlindfold","SlaversCollar"],"picked":"GreenFoldingFan"},{"not_picked":["FixedStarFall","Hololive_ChaosS"],"picked":"NightmareShop"}],"items_purged_floors":[4,13,27,35,46],"is_endless":false,"potions_floor_spawned":[9,11,12,15,16,19,20,25,25,31,33,36,39,43,48,49],"ascension_level":0}}