{"host":"rebz3hljwx9r2qks","time":1611435465,"event":{"mods":["BaseMod","DeckTracker","GifTheSpireLib","Googly Eyes","Infinite Spire","Minty Spire (QoL Compilation)","StSLib","Unceasing Turn Reminder"],"gold_per_floor":[213,213,227,227,245,245,265,265,265,284,209,228,228,248,248,248,248],"floor_reached":16,"language":"ENG","playtime":477,"items_purged":["Defend_G"],"score":94,"play_id":"828fc7f8-642e-447e-9878-15531484da7e","local_time":"20210123235745","is_ascension_mode":false,"campfire_choices":[{"data":"Bouncing Flask","floor":6,"key":"SMITH"},{"floor":13,"key":"REST"},{"data":"Envenom","floor":15,"key":"SMITH"}],"circlet_count":0,"master_deck":["Strike_G","Strike_G","Strike_G","Strike_G","Strike_G","Defend_G","Defend_G","Defend_G","Defend_G+1","Survivor","Neutralize+1","Bouncing Flask+1","Blur","PiercingWail","Bouncing Flask","Envenom+1"],"relics":["Ring of the Snake","Peace Pipe","infinitespire:CheckeredPen"],"acts_visited":["Exordium"],"potions_floor_usage":[7,12],"damage_taken":[{"damage":11,"enemies":"Jaw Worm","floor":1,"turns":6},{"damage":0,"enemies":"Small Slimes","floor":3,"turns":4},{"damage":1,"enemies":"Cultist","floor":5,"turns":4},{"damage":0,"enemies":"2 Fungi Beasts","floor":7,"turns":2},{"damage":0,"enemies":"Blue Slaver","floor":10,"turns":3},{"damage":5,"enemies":"Lots of Slimes","floor":12,"turns":3},{"damage":2,"enemies":"Looter","floor":14,"turns":3},{"damage":54,"enemies":"Slime Boss","floor":16,"turns":10}],"seed_played":"-4043892769076261274","potions_obtained":[{"floor":1,"key":"ColorlessPotion"},{"floor":5,"key":"BlessingOfTheForge"},{"floor":7,"key":"infinitespire:BlackPotion"}],"is_trial":false,"path_per_floor":["M","?","M","?","M","R","M","?","T","M","$","M","R","M","R","B"],"character_chosen":"THE_SILENT","items_purchased":[],"campfire_rested":1,"item_purchase_floors":[],"current_hp_per_floor":[59,45,45,45,44,44,44,37,37,37,37,32,53,51,51,0,0],"gold":248,"neow_bonus":"HUNDRED_GOLD","is_daily":false,"chose_seed":false,"campfire_upgraded":2,"win_rate":0.0,"timestamp":1611435465,"path_taken":["M","?","M","?","?","R","M","?","T","M","$","M","R","M","R","BOSS"],"items_purchased_type":[],"build_version":"2020-12-22","purchased_purges":1,"victory":false,"max_hp_per_floor":[70,70,70,70,70,70,70,70,70,70,70,70,70,70,70,70,70],"card_choices":[{"not_picked":["PiercingWail","Heel Hook"],"picked":"Bouncing Flask","floor":1},{"not_picked":["Outmaneuver","Blade Dance"],"picked":"Blur","floor":3},{"not_picked":["Flechettes","Choke"],"picked":"PiercingWail","floor":5},{"not_picked":["Slice","Dash"],"picked":"Bouncing Flask","floor":7},{"not_picked":["Sucker Punch","Distraction","Quick Slash"],"picked":"SKIP","floor":10},{"not_picked":["Backflip","Cloak And Dagger"],"picked":"Envenom","floor":12},{"not_picked":["Dodge and Roll","Dash","Quick Slash"],"picked":"SKIP","floor":14}],"player_experience":717506,"relics_obtained":[{"floor":9,"key":"infinitespire:CheckeredPen"}],"event_choices":[{"damage_healed":0,"gold_gain":0,"player_choice":"Entered Light","damage_taken":14,"max_hp_gain":0,"max_hp_loss":0,"event_name":"Shining Light","floor":2,"gold_loss":0,"cards_upgraded":["Defend_G","Neutralize"]},{"damage_healed":0,"gold_gain":0,"player_choice":"Ignored","damage_taken":0,"max_hp_gain":0,"max_hp_loss":0,"event_name":"NoteForYourself","floor":4,"gold_loss":0},{"damage_healed":0,"gold_gain":0,"player_choice":"Success","damage_taken":7,"relics_obtained":["Peace Pipe"],"max_hp_gain":0,"max_hp_loss":0,"event_name":"Scrap Ooze","floor":8,"gold_loss":0}],"is_beta":false,"boss_relics":[],"items_purged_floors":[11],"is_endless":false,"potions_floor_spawned":[1,5,7],"killed_by":"Slime Boss","ascension_level":0}}