{"host":"jumrmhf584hajrnz","time":1611418741,"event":{"mods":["BaseMod","Duelist Mod","GifTheSpireLib","Minty Spire (QoL Compilation)","Quick Restart","Replay The Spire","StSLib"],"gold_per_floor":[144,154,168,168,168,200,200,215,238,238,41,11,44,55,55,133,133,144,144,144,160,160,160,194,194,194,39,66,79,79,79],"floor_reached":30,"language":"ENG","playtime":2162,"items_purged":["theDuelist:VampireCurse","theDuelist:CurseArmaments"],"score":556,"play_id":"4900f3ad-49a7-4682-bf62-2009d830e420","local_time":"20210123171901","is_ascension_mode":true,"campfire_choices":[{"floor":7,"key":"RECALL"},{"data":"theDuelist:InjectionFairy","floor":10,"key":"SMITH"},{"floor":15,"key":"REST"},{"floor":23,"key":"REST"},{"floor":25,"key":"REST"}],"circlet_count":0,"master_deck":["AscendersBane","theDuelist:CastleWalls","theDuelist:CastleWalls","theDuelist:DarkMagician","theDuelist:MysticalElf","theDuelist:MysticalElf","theDuelist:NeoMagic+1","theDuelist:NeoMagic","theDuelist:Sparks","theDuelist:Sparks","theDuelist:Sparks","theDuelist:InjectionFairy+1","theDuelist:BlizzardPrincess","theDuelist:LightningDarts","theDuelist:SummoningCurse","theDuelist:ApprenticeIllusionMagician","theDuelist:CallAtlanteans","theDuelist:Wildfire","theDuelist:DarklordSuperbia","theDuelist:SilentDoom","theDuelist:StatueAnguishPattern","theDuelist:IrisEarthMother","theDuelist:FutureFusion+1","theDuelist:MagiciansRobe+1","Decay","theDuelist:Raigeki","theDuelist:InjectionFairy","theDuelist:InjectionFairy","theDuelist:SwordsRevealing"],"relics":["theDuelist:MillenniumPuzzle","theDuelist:CardPoolRelic","theDuelist:CardPoolBasicRelic","theDuelist:BoosterPackPoolRelic","theDuelist:CardPoolAddRelic","theDuelist:CardPoolMinusRelic","theDuelist:CardPoolSaveRelic","theDuelist:CardPoolOptionsRelic","Anchor","Regal Pillow","ChewingGum","ReplayTheSpireMod:Ring of Exchange","Ring of Searing","Art of War","Sundial","theDuelist:DuelistTeaSet"],"acts_visited":["Exordium","TheCity"],"potions_floor_usage":[8,12,21,28],"damage_taken":[{"damage":0,"enemies":"Jaw Worm","floor":1,"turns":3},{"damage":0,"enemies":"2 Louse","floor":2,"turns":2},{"damage":0,"enemies":"Cultist","floor":3,"turns":3},{"damage":7,"enemies":"3 Sentries","floor":6,"turns":7},{"damage":1,"enemies":"3 Louse","floor":8,"turns":3},{"damage":10,"enemies":"Exordium Thugs","floor":12,"turns":5},{"damage":42,"enemies":"Lagavulin","floor":13,"turns":10},{"damage":10,"enemies":"Exordium Wildlife","floor":14,"turns":3},{"damage":67,"enemies":"Slime Boss","floor":16,"turns":15},{"damage":8,"enemies":"Chosen","floor":18,"turns":5},{"damage":9,"enemies":"2 Thieves","floor":21,"turns":4},{"damage":32,"enemies":"theDuelist:KaibaA2","floor":24,"turns":5},{"damage":77,"enemies":"Slavers","floor":28,"turns":4},{"damage":5,"enemies":"Centurion and Healer","floor":29,"turns":6},{"damage":20,"enemies":"Snecko","floor":30,"turns":3}],"seed_played":"5471095331837823621","potions_obtained":[{"floor":2,"key":"Adrenaline Potion"},{"floor":6,"key":"theDuelist:FireBottle"},{"floor":12,"key":"FocusPotion"},{"floor":13,"key":"theDuelist:LavaBottle"},{"floor":14,"key":"PowerPotion"}],"is_trial":false,"path_per_floor":["M","M","M","?","?","E","R","M","T","R","$","M","E","M","R","B",null,"M","?","?","M","?","R","E","R","T","$","E","M","M"],"character_chosen":"THE_DUELIST","items_purchased":["theDuelist:Wildfire","theDuelist:InjectionFairy"],"campfire_rested":3,"item_purchase_floors":[11,27],"current_hp_per_floor":[63,67,70,70,82,78,78,77,77,77,77,77,45,40,79,22,67,64,40,40,31,31,72,45,86,86,86,9,13,0,0],"gold":79,"neow_bonus":"RANDOM_EVENT","is_daily":false,"chose_seed":false,"campfire_upgraded":1,"win_rate":0.0,"timestamp":1611418741,"path_taken":["M","M","M","?","?","E","R","M","T","R","$","M","E","M","R","BOSS","M","?","?","M","?","R","E","R","T","$","E","M","M"],"items_purchased_type":["Card","Card"],"build_version":"2020-12-22","purchased_purges":2,"victory":false,"max_hp_per_floor":[70,70,70,70,82,82,82,82,82,82,82,82,82,82,82,82,82,82,87,87,87,87,87,87,87,87,87,87,87,87,87],"card_choices":[{"not_picked":["theDuelist:OnslaughtFireKings","theDuelist:DarkMagicianGirl","theDuelist:ExodiaLL","theDuelist:FogKing"],"picked":"theDuelist:InjectionFairy","floor":1},{"not_picked":["theDuelist:BlizzardWarrior","theDuelist:SangaThunder","theDuelist:InjectionFairy","theDuelist:DarkMagician"],"picked":"theDuelist:BlizzardPrincess","floor":2},{"not_picked":["theDuelist:CharcoalInpachi","theDuelist:ClearKuriboh","theDuelist:OneForOne+1","theDuelist:Wiretap"],"picked":"theDuelist:LightningDarts","floor":3},{"not_picked":["theDuelist:ExodiaHead","theDuelist:CharcoalInpachi","theDuelist:InfernoFireBlast+1","theDuelist:Wildfire+1"],"picked":"theDuelist:ApprenticeIllusionMagician","floor":6},{"not_picked":["theDuelist:NeoMagic","theDuelist:ExodiaLL","theDuelist:SpellShatteringArrow","theDuelist:Mudballman"],"picked":"theDuelist:CallAtlanteans","floor":8},{"not_picked":["theDuelist:StrayLambs","theDuelist:GreenGraveOni","theDuelist:Hinotama","theDuelist:GoldenApples"],"picked":"theDuelist:DarklordSuperbia","floor":12},{"not_picked":["theDuelist:ExodiaRA","theDuelist:ExodiaLA"],"picked":"theDuelist:SilentDoom","floor":13},{"not_picked":["theDuelist:WhiteHowling","theDuelist:DarkHorizon","theDuelist:IcyCrevasse","theDuelist:BadReaction"],"picked":"theDuelist:StatueAnguishPattern","floor":14},{"not_picked":["theDuelist:RainbowDarkDragon","theDuelist:RainbowMagician","theDuelist:RainbowKuriboh","theDuelist:RainbowOverdragon"],"picked":"theDuelist:IrisEarthMother","floor":16},{"not_picked":["theDuelist:ClearKuriboh","theDuelist:LightningDarts","theDuelist:HeavyStorm","theDuelist:EarthquakeGiant"],"picked":"theDuelist:FutureFusion+1","floor":18},{"not_picked":["theDuelist:TimeWizard+1","theDuelist:BadReaction+1","theDuelist:VoidExpansion+1","theDuelist:StatueAnguishPattern+1"],"picked":"theDuelist:MagiciansRobe+1","floor":21},{"not_picked":["theDuelist:BattleguardKing","theDuelist:DarklordSuperbia","theDuelist:FuryFire","theDuelist:Blockman"],"picked":"theDuelist:Raigeki","floor":24},{"not_picked":["theDuelist:SangaThunder","theDuelist:NeoMagic","theDuelist:BlizzardWarrior","theDuelist:DarkMagician"],"picked":"theDuelist:InjectionFairy","floor":28},{"not_picked":["theDuelist:VoidVanishment","theDuelist:SwordsBurning+1"],"picked":"theDuelist:SwordsRevealing","floor":29}],"player_experience":1493140,"relics_obtained":[{"floor":6,"key":"Anchor"},{"floor":13,"key":"Regal Pillow"},{"floor":22,"key":"ReplayTheSpireMod:Ring of Exchange"},{"floor":22,"key":"Ring of Searing"},{"floor":24,"key":"Art of War"},{"floor":26,"key":"Sundial"},{"floor":28,"key":"theDuelist:DuelistTeaSet"}],"event_choices":[{"damage_healed":0,"gold_gain":0,"player_choice":"Leave","damage_taken":0,"max_hp_gain":0,"max_hp_loss":0,"event_name":"The Cleric","floor":4,"gold_loss":0},{"damage_healed":0,"gold_gain":0,"player_choice":"Break - +12 Max HP","duelist":true,"damage_taken":0,"max_hp_gain":0,"max_hp_loss":0,"event_name":"Tomb of the Nameless","floor":5,"gold_loss":0},{"damage_healed":0,"gold_gain":0,"player_choice":"Shed Blood","damage_taken":29,"max_hp_gain":5,"max_hp_loss":0,"event_name":"Forgotten Altar","floor":19,"gold_loss":0}],"is_beta":false,"boss_relics":[{"not_picked":["Philosopher\u0027s Stone","Tiny House"],"picked":"ChewingGum"}],"items_purged_floors":[11,27],"is_endless":false,"potions_floor_spawned":[2,6,12,13,14,18],"killed_by":"Snecko","ascension_level":20}}