{"host":"ockkdcgl3b18tfz9","time":1611420051,"event":{"mods":["2.2 Compatiblity","BaseMod","Better Skull","Better Third Choice","BetterRewards","Hermit","Minty Spire (QoL Compilation)","Quick Restart","Replay The Spire","Spicy Shops","StSLib","SuperFastMode","The Jungle"],"gold_per_floor":[110,50,50,13,13,13,13],"floor_reached":6,"language":"ENG","playtime":80,"items_purged":[],"score":56,"play_id":"6957c712-ad9f-4bc8-9135-947ca7a0c7a9","local_time":"20210123234051","is_ascension_mode":true,"campfire_choices":[],"circlet_count":0,"master_deck":["AscendersBane","Strike_G","Strike_G","Strike_G","Strike_G","Strike_G","Defend_G","Defend_G","Defend_G","Defend_G","Defend_G","Survivor","Neutralize","Poisoned Stab","Catalyst+1","Acrobatics","Infinite Blades","Storm of Steel","Dagger Spray","Dagger Spray"],"relics":["Ring of the Snake","Orrery","Gremlin Food"],"acts_visited":["Exordium"],"potions_floor_usage":[],"damage_taken":[{"damage":15,"enemies":"Jaw Worm","floor":1,"turns":4},{"damage":15,"enemies":"Lagavulin","floor":6,"turns":4}],"seed_played":"641515333661317086","potions_obtained":[],"is_trial":false,"path_per_floor":["M","$","?","$","?","E"],"character_chosen":"THE_SILENT","items_purchased":["Orrery","Gremlin Food","Dagger Spray"],"campfire_rested":0,"item_purchase_floors":[0,2,4],"current_hp_per_floor":[33,33,26,26,26,11,11],"gold":13,"neow_bonus":"","is_daily":false,"chose_seed":false,"campfire_upgraded":0,"win_rate":0.0,"timestamp":1611420051,"path_taken":["M","$","?","$","?","E"],"items_purchased_type":["Relic","Relic","Card"],"build_version":"2020-12-22","purchased_purges":0,"victory":false,"max_hp_per_floor":[66,66,63,63,63,63,63],"card_choices":[{"not_picked":["Riddle With Holes","ReplayTheSpireMod:Shiv Toss"],"picked":"Poisoned Stab","floor":0},{"not_picked":["Outmaneuver","A Thousand Cuts"],"picked":"Catalyst","floor":0},{"not_picked":["Doppelganger","Hidden Blade"],"picked":"Acrobatics","floor":0},{"not_picked":["ReplayTheSpireMod:The Works","Flying Knee"],"picked":"Infinite Blades","floor":0},{"not_picked":["Well Laid Plans","Underhanded Strike"],"picked":"Storm of Steel","floor":0},{"not_picked":["Dodge and Roll","Flying Knee","Outmaneuver"],"picked":"SKIP","floor":1}],"player_experience":313448,"relics_obtained":[],"event_choices":[{"cards_removed":["Parasite"],"damage_healed":0,"gold_gain":0,"player_choice":"Card Removal","damage_taken":7,"max_hp_gain":0,"max_hp_loss":0,"event_name":"Golden Wing","floor":3,"gold_loss":0},{"damage_healed":0,"gold_gain":0,"player_choice":"Forge","damage_taken":0,"max_hp_gain":0,"max_hp_loss":0,"event_name":"Accursed Blacksmith","floor":5,"gold_loss":0,"cards_upgraded":["Catalyst"]}],"is_beta":false,"boss_relics":[],"items_purged_floors":[],"is_endless":false,"potions_floor_spawned":[],"killed_by":"Lagavulin","ascension_level":15}}