{"host":"k5wd0jv1m6dz3iwi","time":1611399360,"event":{"mods":["BaseMod","Better Vampires","Challenge The Spire","Custom Start","Highlight Path","Minty Spire (QoL Compilation)","Rare Cards Sparkle","Relic Stats","Slay the Relics Exporter","StSLib","everything is the same but u backflip on backflip"],"gold_per_floor":[109,125,136,28,39,70,126,146,171,171,189,220,220,237,237,312,312,325,40,58,58,69,102,14,49,76,95,95,95,124,124,124,196,196,213,183,37,57,57,97,97,106,184,184,224,59,59,93,93,93,93,93,31,65,65,65],"floor_reached":55,"language":"ENG","playtime":3315,"items_purged":["Zap","Eruption","Writhe"],"score":1509,"play_id":"89a7909f-07fc-4e2c-9d6e-9291352b4993","local_time":"20210123105600","daily_mods":["Chimera","Colorless Cards","Night Terrors"],"is_ascension_mode":true,"campfire_choices":[{"floor":13,"key":"REST"},{"data":"Spot Weakness","floor":15,"key":"SMITH"},{"data":"Rage","floor":28,"key":"SMITH"},{"data":"Bite","floor":32,"key":"SMITH"},{"data":"Shockwave","floor":41,"key":"SMITH"},{"data":"Feel No Pain","floor":44,"key":"SMITH"},{"floor":47,"key":"RECALL"},{"data":"Battle Trance","floor":49,"key":"SMITH"},{"data":"Dark Shackles","floor":52,"key":"SMITH"}],"circlet_count":0,"master_deck":["AscendersBane","Bash","Survivor","Defend_R","Defend_G","Defend_P","Headbutt","Headbutt","Sword Boomerang","Whirlwind","Anger","Battle Trance+1","Spot Weakness+1","Rage+1","Immolate","Bandage Up","Dark Shackles+1","Feel No Pain+1","Shockwave+1","Flash of Steel","Madness+1","Armaments+1","RitualDagger","Dark Shackles+1","Bite+1","Bite","Bite","Offering+1","Deep Breath+1","Enlightenment+1","Bloodletting+1","Shame","Offering+1","Flex+1","Dark Embrace+1","Power Through+1","Feel No Pain"],"relics":["Burning Blood","Bag of Marbles","PreservedInsect","Bronze Scales","Runic Pyramid","Medical Kit","NlothsMask","MawBank","Toxic Egg 2","Oddly Smooth Stone","Cursed Key","ClockworkSouvenir","CeramicFish","Self Forming Clay","Red Skull","Mercury Hourglass","Ornamental Fan"],"acts_visited":["Exordium","TheCity","TheBeyond","TheEnding"],"potions_floor_usage":[3,5,12,22,27,27,30,30,33,39,45,50,55],"damage_taken":[{"damage":0,"enemies":"Cultist","floor":1,"turns":2},{"damage":5,"enemies":"2 Louse","floor":2,"turns":3},{"damage":0,"enemies":"Small Slimes","floor":3,"turns":2},{"damage":25,"enemies":"Exordium Thugs","floor":5,"turns":4},{"damage":29,"enemies":"Gremlin Nob","floor":6,"turns":4},{"damage":29,"enemies":"3 Sentries","floor":7,"turns":7},{"damage":9,"enemies":"Looter","floor":8,"turns":3},{"damage":6,"enemies":"Exordium Wildlife","floor":11,"turns":2},{"damage":2,"enemies":"3 Sentries","floor":12,"turns":3},{"damage":0,"enemies":"Blue Slaver","floor":14,"turns":2},{"damage":37,"enemies":"The Guardian","floor":16,"turns":7},{"damage":14,"enemies":"Spheric Guardian","floor":18,"turns":3},{"damage":5,"enemies":"Shell Parasite","floor":20,"turns":4},{"damage":17,"enemies":"Centurion and Healer","floor":22,"turns":5},{"damage":0,"enemies":"Gremlin Leader","floor":23,"turns":3},{"damage":15,"enemies":"Book of Stabbing","floor":25,"turns":5},{"damage":4,"enemies":"Snecko","floor":27,"turns":3},{"damage":19,"enemies":"Gremlin Leader","floor":30,"turns":5},{"damage":22,"enemies":"Champ","floor":33,"turns":10},{"damage":13,"enemies":"3 Shapes","floor":35,"turns":4},{"damage":6,"enemies":"3 Darklings","floor":38,"turns":2},{"damage":0,"enemies":"4 Shapes","floor":39,"turns":1},{"damage":9,"enemies":"Giant Head","floor":40,"turns":6},{"damage":12,"enemies":"Nemesis","floor":45,"turns":5},{"damage":3,"enemies":"Reptomancer","floor":48,"turns":4},{"damage":35,"enemies":"Awakened One","floor":50,"turns":9},{"damage":20,"enemies":"Shield and Spear","floor":54,"turns":4},{"damage":76,"enemies":"The Heart","floor":55,"turns":5}],"seed_played":"-914700323812516896","potions_obtained":[{"floor":2,"key":"Explosive Potion"},{"floor":3,"key":"Dexterity Potion"},{"floor":8,"key":"Weak Potion"},{"floor":11,"key":"Block Potion"},{"floor":20,"key":"Energy Potion"},{"floor":22,"key":"EntropicBrew"},{"floor":30,"key":"CultistPotion"},{"floor":36,"key":"SmokeBomb"},{"floor":36,"key":"SpeedPotion"},{"floor":40,"key":"Block Potion"},{"floor":48,"key":"Swift Potion"}],"is_trial":true,"path_per_floor":["M","M","M","$","M","E","?","M","T","?","M","E","R","M","R","B",null,"M","$","M","?","M","E","$","E","T","M","R","?","E","?","R","B",null,"M","?","$","M","M","E","R","T","T","R","E","$","R","E","R","B",null,"R","$","E","B"],"character_chosen":"IRONCLAD","items_purchased":["Whirlwind","Dark Shackles","Medical Kit","Feel No Pain","ClockworkSouvenir","Flex+1","Power Through+1"],"campfire_rested":1,"item_purchase_floors":[4,19,19,19,37,46,53],"current_hp_per_floor":[74,75,75,75,56,33,12,11,11,11,13,19,70,70,70,39,62,56,56,63,63,58,66,66,63,63,67,67,61,54,54,54,59,67,69,69,69,70,70,70,70,70,70,70,70,70,70,70,70,62,68,68,68,63,0,0],"gold":65,"neow_bonus":"","is_daily":false,"chose_seed":false,"campfire_upgraded":7,"win_rate":0.0,"timestamp":1611399360,"path_taken":["M","M","M","$","M","E","?","M","T","?","?","E","R","M","R","BOSS","M","$","M","?","M","E","?","E","T","?","R","?","E","?","R","BOSS","M","?","$","?","M","E","R","?","T","R","E","?","R","E","R","BOSS","R","$","E","BOSS"],"items_purchased_type":["Card","Card","Relic","Card","Relic","Card","Card"],"build_version":"2020-12-22","purchased_purges":3,"victory":false,"max_hp_per_floor":[75,75,75,75,75,75,75,75,75,75,75,75,70,70,70,70,70,70,70,70,70,70,70,70,70,70,70,70,70,70,70,70,70,70,70,70,70,70,70,70,70,70,70,70,70,70,70,70,70,70,70,70,70,70,70,70],"relic_stats":{"counters":[28,117],"Self Forming Clay":[39],"Ornamental Fan":[0],"Bronze Scales":[297],"CeramicFish":72,"PreservedInsect":499,"Medical Kit":[13],"MawBank":12,"Cursed Key":2,"obtain_stats":[{"Self Forming Clay":43,"CeramicFish":40,"Oddly Smooth Stone":30,"PreservedInsect":9,"Medical Kit":19,"MawBank":23,"Cursed Key":34,"Burning Blood":0,"ClockworkSouvenir":37,"Mercury Hourglass":48,"Blood Vial":6,"Ornamental Fan":54,"Bronze Scales":12,"Bag of Marbles":7,"Toxic Egg 2":25,"Red Skull":45,"Runic Pyramid":17,"NlothsMask":21},{"Self Forming Clay":23,"CeramicFish":23,"Oddly Smooth Stone":18,"PreservedInsect":7,"Medical Kit":12,"MawBank":15,"Cursed Key":19,"Burning Blood":0,"ClockworkSouvenir":20,"Mercury Hourglass":25,"Blood Vial":5,"Ornamental Fan":27,"Bronze Scales":9,"Bag of Marbles":6,"Toxic Egg 2":16,"Red Skull":24,"Runic Pyramid":11,"NlothsMask":13},{"Self Forming Clay":90,"CeramicFish":90,"Oddly Smooth Stone":67,"PreservedInsect":25,"Medical Kit":42,"MawBank":54,"Cursed Key":77,"Burning Blood":0,"ClockworkSouvenir":81,"Mercury Hourglass":99,"Blood Vial":15,"Ornamental Fan":112,"Bronze Scales":30,"Bag of Marbles":22,"Toxic Egg 2":59,"Red Skull":95,"Runic Pyramid":39,"NlothsMask":46}],"Burning Blood":130,"Mercury Hourglass":[63]},"card_choices":[{"not_picked":["Iron Wave","Heavy Blade"],"picked":"Headbutt","floor":1},{"not_picked":["Warcry","Mind Blast"],"picked":"Headbutt","floor":2},{"not_picked":["Shrug It Off","Sentinel"],"picked":"Sword Boomerang","floor":3},{"not_picked":["Thunderclap","Warcry"],"picked":"Anger","floor":5},{"not_picked":["Whirlwind","Armaments","Clothesline"],"picked":"SKIP","floor":6},{"not_picked":["Finesse","Jack Of All Trades"],"picked":"Battle Trance","floor":8},{"not_picked":["Headbutt","Evolve"],"picked":"Spot Weakness","floor":11},{"not_picked":["Pommel Strike","Sadistic Nature","Headbutt"],"picked":"SKIP","floor":12},{"not_picked":["Body Slam","Iron Wave"],"picked":"Rage","floor":14},{"not_picked":["Secret Technique","Chrysalis"],"picked":"Immolate","floor":16},{"not_picked":["Pommel Strike","Anger"],"picked":"Bandage Up","floor":18},{"not_picked":["Wild Strike","Thunderclap"],"picked":"Shockwave","floor":20},{"not_picked":["Perfected Strike","True Grit","Headbutt"],"picked":"SKIP","floor":22},{"not_picked":["Perfected Strike","True Grit","Headbutt"],"picked":"SKIP","floor":22},{"not_picked":["True Grit","Mind Blast"],"picked":"Flash of Steel","floor":23},{"not_picked":["Mind Blast","Dropkick"],"picked":"Madness+1","floor":25},{"not_picked":["Trip+1","Rampage"],"picked":"Armaments+1","floor":27},{"not_picked":["Clothesline","Thunderclap"],"picked":"Dark Shackles+1","floor":30},{"not_picked":["Magnetism","Panache"],"picked":"Offering+1","floor":33},{"not_picked":["Clothesline+1","Perfected Strike"],"picked":"Deep Breath+1","floor":35},{"not_picked":["Sentinel+1","Searing Blow+1"],"picked":"Enlightenment+1","floor":38},{"not_picked":["Havoc+1","Whirlwind+1"],"picked":"Bloodletting+1","floor":40},{"not_picked":["Warcry+1","Anger"],"picked":"Offering+1","floor":45},{"not_picked":["Shrug It Off+1","Flex+1"],"picked":"Dark Embrace+1","floor":48},{"not_picked":["Body Slam+1","Sword Boomerang"],"picked":"Feel No Pain","floor":54}],"player_experience":1265516,"relics_obtained":[{"floor":6,"key":"Blood Vial"},{"floor":7,"key":"Bag of Marbles"},{"floor":9,"key":"PreservedInsect"},{"floor":12,"key":"Bronze Scales"},{"floor":23,"key":"MawBank"},{"floor":25,"key":"Toxic Egg 2"},{"floor":30,"key":"Oddly Smooth Stone"},{"floor":40,"key":"CeramicFish"},{"floor":43,"key":"Self Forming Clay"},{"floor":45,"key":"Red Skull"},{"floor":48,"key":"Mercury Hourglass"},{"floor":54,"key":"Ornamental Fan"}],"event_choices":[{"damage_healed":0,"gold_gain":0,"player_choice":"Searched \u00271\u0027 times","damage_taken":0,"max_hp_gain":0,"max_hp_loss":0,"event_name":"Dead Adventurer","floor":7,"gold_loss":0},{"damage_healed":0,"gold_gain":0,"player_choice":"Fled","damage_taken":0,"max_hp_gain":0,"max_hp_loss":0,"event_name":"Scrap Ooze","floor":10,"gold_loss":0},{"damage_healed":0,"gold_gain":0,"player_choice":"Trade","damage_taken":0,"relics_obtained":["NlothsMask"],"max_hp_gain":0,"max_hp_loss":0,"event_name":"FaceTrader","floor":21,"gold_loss":0},{"damage_healed":0,"gold_gain":0,"player_choice":"Joined the Cult","damage_taken":6,"max_hp_gain":0,"max_hp_loss":0,"event_name":"Nest","floor":29,"gold_loss":0,"cards_obtained":["RitualDagger"]},{"damage_healed":0,"gold_gain":0,"player_choice":"Became a vampire (Vial)","damage_taken":0,"max_hp_gain":0,"max_hp_loss":0,"event_name":"Vampires","floor":31,"relics_lost":["Blood Vial"],"gold_loss":0,"cards_obtained":["Bite","Bite","Bite"]},{"damage_healed":0,"gold_gain":0,"player_choice":"Bought 2 Potions","damage_taken":0,"max_hp_gain":0,"max_hp_loss":0,"event_name":"The Woman in Blue","floor":36,"gold_loss":0}],"is_beta":false,"boss_relics":[{"not_picked":["Fusion Hammer","Runic Dome"],"picked":"Runic Pyramid"},{"not_picked":["Black Blood","Runic Cube"],"picked":"Cursed Key"}],"items_purged_floors":[4,24,46],"is_endless":false,"potions_floor_spawned":[2,3,8,11,20,22,23,27,30,40,48],"killed_by":"The Heart","ascension_level":15}}