{"host":"u5p72gjg7qm9i6r4","time":1611441510,"event":{"mods":["AchievementEnabler","BaseMod","Curses Come First","Highlight Path","Minty Spire (QoL Compilation)","Rare Cards Sparkle","StSLib"],"gold_per_floor":[118,129,148,148,158,158,158,158,208,237,249,268,268,286,286,390,390,380,380],"floor_reached":18,"language":"ENG","playtime":733,"items_purged":[],"score":216,"play_id":"b2cc8f36-fab3-4416-b7ef-6f3196a7760f","local_time":"20210123163830","is_ascension_mode":true,"campfire_choices":[{"floor":6.0,"key":"REST"},{"data":"Neutralize","floor":8.0,"key":"SMITH"},{"floor":15.0,"key":"REST"}],"circlet_count":0,"master_deck":["Strike_G","Strike_G","Strike_G","Strike_G","Strike_G","Defend_G","Defend_G","Defend_G","Defend_G","Defend_G","Survivor","Neutralize+1","Bullet Time","Infinite Blades","Poisoned Stab","Flying Knee","Sucker Punch","All Out Attack","Bouncing Flask+1","Blur","Dodge and Roll","Venomology","Dagger Spray"],"relics":["Ring of the Snake","CultistMask","Boot","Potion Belt","Coffee Dripper"],"acts_visited":["Exordium","TheCity"],"potions_floor_usage":[],"damage_taken":[{"damage":2.0,"enemies":"Small Slimes","floor":1.0,"turns":5.0},{"damage":1.0,"enemies":"2 Louse","floor":2.0,"turns":3.0},{"damage":5.0,"enemies":"Cultist","floor":3.0,"turns":4.0},{"damage":0.0,"enemies":"3 Louse","floor":5.0,"turns":3.0},{"damage":17.0,"enemies":"Lagavulin","floor":10.0,"turns":5.0},{"damage":21.0,"enemies":"Large Slime","floor":11.0,"turns":6.0},{"damage":9.0,"enemies":"2 Fungi Beasts","floor":12.0,"turns":3.0},{"damage":0.0,"enemies":"Looter","floor":14.0,"turns":2.0},{"damage":17.0,"enemies":"Hexaghost","floor":16.0,"turns":8.0},{"damage":21,"enemies":"2 Thieves","floor":18,"turns":4}],"seed_played":"1764436776307543952","potions_obtained":[{"floor":2.0,"key":"FearPotion"},{"floor":5.0,"key":"ColorlessPotion"},{"floor":11.0,"key":"Block Potion"}],"is_trial":false,"path_per_floor":["M","M","M","?","M","R","?","R","T","E","M","M","?","M","R","B",null,"M"],"character_chosen":"THE_SILENT","items_purchased":[],"campfire_rested":2,"item_purchase_floors":[],"current_hp_per_floor":[61,60,55,48,48,69,69,69,69,52,31,22,22,22,43,26,59,38,38],"gold":380,"neow_bonus":"THREE_RARE_CARDS","is_daily":false,"chose_seed":false,"campfire_upgraded":1,"win_rate":0.0,"timestamp":1611441510,"path_taken":["M","M","M","?","M","R","?","R","T","E","?","M","?","M","R","BOSS","M"],"items_purchased_type":[],"build_version":"2020-12-22","purchased_purges":0,"victory":false,"max_hp_per_floor":[70,70,70,70,70,70,70,70,70,70,70,70,70,70,70,70,70,70,70],"card_choices":[{"not_picked":["A Thousand Cuts","Malaise"],"picked":"Bullet Time","floor":0.0},{"not_picked":["Endless Agony","Quick Slash"],"picked":"Infinite Blades","floor":1.0},{"not_picked":["Eviscerate","Acrobatics"],"picked":"Poisoned Stab","floor":2.0},{"not_picked":["Cloak And Dagger","Reflex"],"picked":"Flying Knee","floor":3.0},{"not_picked":["Choke","Cloak And Dagger"],"picked":"Sucker Punch","floor":5.0},{"not_picked":["Expertise","Deflect"],"picked":"All Out Attack","floor":10.0},{"not_picked":["Quick Slash","Dodge and Roll"],"picked":"Bouncing Flask","floor":11.0},{"not_picked":["Sucker Punch","Heel Hook"],"picked":"Blur","floor":12.0},{"not_picked":["Infinite Blades","Acrobatics"],"picked":"Dodge and Roll","floor":14.0},{"not_picked":["Tools of the Trade","Burst"],"picked":"Venomology","floor":16.0},{"not_picked":["Acrobatics+1","Riddle With Holes"],"picked":"Dagger Spray","floor":18}],"player_experience":134736,"relics_obtained":[{"floor":9.0,"key":"Boot"},{"floor":10.0,"key":"Potion Belt"}],"event_choices":[{"cards_removed":["Writhe"],"damage_healed":0.0,"max_hp_gain":0.0,"max_hp_loss":0.0,"gold_gain":0.0,"event_name":"Golden Wing","player_choice":"Card Removal","floor":4.0,"gold_loss":0.0,"damage_taken":7.0},{"damage_healed":0.0,"max_hp_gain":0.0,"max_hp_loss":0.0,"gold_gain":0.0,"event_name":"FaceTrader","player_choice":"Trade","floor":7.0,"gold_loss":0.0,"damage_taken":0.0,"relics_obtained":["CultistMask"]},{"damage_healed":0.0,"max_hp_gain":0.0,"max_hp_loss":0.0,"gold_gain":0.0,"event_name":"Living Wall","player_choice":"Grow","floor":13.0,"gold_loss":0.0,"damage_taken":0.0,"cards_upgraded":["Bouncing Flask"]}],"is_beta":false,"boss_relics":[{"not_picked":["Busted Crown","Empty Cage"],"picked":"Coffee Dripper"}],"items_purged_floors":[],"is_endless":false,"potions_floor_spawned":[2,5,11],"killed_by":"2 Thieves","ascension_level":6}}