{"host":"l491xr9n6v7t2d5g","time":1611438444,"event":{"mods":["Act Like it!","Arknights The Spire","BaseMod","Gensokyo","Marisa£®ÏF”Í°°ƒß¿Ì…≥£©","Minty Spire (QoL Compilation)","Remilia£®¿Ÿ√◊¿Ú—«£©","StSLib","Youmu£®ªÍ∆«—˝√Œ£©","[IsaacMod]“‘»ˆº‚À˛"],"gold_per_floor":[111,161,161,214,228,269,288,288,288,363,388,313,334,352,352,471,471,484,545,545,616,616,446,446,446,446,446,488,266,266,323,323,453,453,569,569,614,614,10,10,43,43,97,75,75,114,114,149,149,284,284,284,284,229,229,250,285,362,543,543,144,1218,1257,1257,1257,1257,1257,1257,526,921,947,947],"floor_reached":56,"language":"ZHS","playtime":3928,"items_purged":["Strike_MRS","Strike_MRS","Strike_MRS","UpSweep","Defend_MRS"],"score":1353,"play_id":"df21f2f1-f460-4c28-811e-635977769d39","local_time":"20210124054724","is_ascension_mode":false,"campfire_choices":[{"data":"AlicesGift","floor":8.0,"key":"SMITH"},{"floor":15.0,"key":"REST"},{"data":"PulseMagic","floor":25.0,"key":"SMITH"},{"data":"OortCloud","floor":27.0,"key":"SMITH"},{"data":"EnergyFlow","floor":30.0,"key":"SMITH"},{"data":"EnergyRecoil","floor":32.0,"key":"SMITH"},{"floor":40.0,"key":"RECALL"},{"data":"EarthLightRay","floor":42.0,"key":"SMITH"},{"data":"AsteroidBelt","floor":45.0,"key":"SMITH"},{"data":"PowerUp","floor":49.0,"key":"SMITH"},{"data":"UltimateShortwave","floor":40.0,"key":"SMITH"},{"data":"AsteroidBelt","floor":45.0,"key":"SMITH"},{"data":"EnergyFlow","floor":49.0,"key":"SMITH"},{"data":"Acceleration","floor":53.0,"key":"SMITH"}],"circlet_count":0,"master_deck":["Defend_MRS","Defend_MRS","Defend_MRS","MasterSpark+1","AlicesGift+1","PowerUp+1","PulseMagic+1","EnergyFlow+1","EnergyRecoil+1","Robbery+1","OortCloud+1","Occultation+1","AsteroidBelt+1","AsteroidBelt+1","EarthLightRay+1","Acceleration+1","PowerUp+1","MagicAbsorber","UltimateShortwave+1","Trip","EnergyRecoil","AsteroidBelt+1","PulseMagic","EnergyFlow+1","SporeBomb","OortCloud+1","SprinkleStarSeal"],"relics":["MiniHakkero","HushsDoor","YumHeart","NeowsBlessing","BookOfRevelations","Bottled Lightning","Golden Idol","Pen Nib","AnarchistCookbook","Coffee Dripper","The Courier","Chaos","Membership Card","ChampionBelt","Pear","SatanicBible","Molten Egg 2","Bag of Marbles","Mummified Hand","BelialBook","BlankCard","Ginger","EdensBlessing","HandmadeGrimoire","Happy Flower","Du-Vu Doll","Ice Cream","AmplifyWand","Ornamental Fan","Blue Candle","Akabeko","Sozu"],"acts_visited":["Exordium","TheCity","TheBeyond","TheEnding"],"potions_floor_usage":[56,56],"damage_taken":[{"damage":0.0,"enemies":"2 Louse","floor":1.0,"turns":1.0},{"damage":0.0,"enemies":"Hiden Room Battle","floor":2.0,"turns":1.0},{"damage":0.0,"enemies":"Cultist","floor":5.0,"turns":1.0},{"damage":12.0,"enemies":"Gremlin Nob","floor":6.0,"turns":4.0},{"damage":1.0,"enemies":"Jaw Worm","floor":7.0,"turns":3.0},{"damage":5.0,"enemies":"3 Louse","floor":11.0,"turns":3.0},{"damage":9.0,"enemies":"Blue Slaver","floor":13.0,"turns":3.0},{"damage":16.0,"enemies":"Exordium Thugs","floor":14.0,"turns":4.0},{"damage":10.0,"enemies":"The Guardian","floor":16.0,"turns":12.0},{"damage":16.0,"enemies":"3 Byrds","floor":18.0,"turns":3.0},{"damage":6.0,"enemies":"Chosen","floor":19.0,"turns":5.0},{"damage":0.0,"enemies":"Centurion and Healer","floor":21.0,"turns":5.0},{"damage":6.0,"enemies":"Shelled Parasite and Fungi","floor":28.0,"turns":4.0},{"damage":21.0,"enemies":"Snake Plant","floor":31.0,"turns":4.0},{"damage":0.0,"enemies":"Champ","floor":33.0,"turns":8.0},{"damage":39.0,"enemies":"3 Shapes","floor":35.0,"turns":3.0},{"damage":13.0,"enemies":"3 Darklings","floor":37.0,"turns":20.0},{"damage":0.0,"enemies":"Reptomancer","floor":41.0,"turns":2.0},{"damage":0.0,"enemies":"Giant Head","floor":46.0,"turns":6.0},{"damage":30.0,"enemies":"Nemesis","floor":48.0,"turns":7.0},{"damage":24.0,"enemies":"Nemesis","floor":35.0,"turns":7.0},{"damage":0.0,"enemies":"3 Darklings","floor":41.0,"turns":1.0},{"damage":9.0,"enemies":"Reptomancer","floor":42.0,"turns":3.0},{"damage":0.0,"enemies":"Mind Bloom Boss Battle","floor":44.0,"turns":6.0},{"damage":0.0,"enemies":"Giant Head","floor":47.0,"turns":7.0},{"damage":11.0,"enemies":"Nemesis","floor":48.0,"turns":5.0},{"damage":12.0,"enemies":"Time Eater","floor":50.0,"turns":6.0},{"damage":4.0,"enemies":"Donu and Deca","floor":51.0,"turns":8.0},{"damage":25.0,"enemies":"Shield and Spear","floor":55.0,"turns":8.0},{"damage":128,"enemies":"Delirium","floor":56,"turns":21}],"seed_played":"3254816502643701600","potions_obtained":[{"floor":1.0,"key":"LiquidMemories"},{"floor":2.0,"key":"SkillPotion"},{"floor":5.0,"key":"Block Potion"},{"floor":16.0,"key":"Strength Potion"},{"floor":19.0,"key":"SkillPotion"},{"floor":21.0,"key":"SteroidPotion"},{"floor":37.0,"key":"SteroidPotion"},{"floor":48.0,"key":"DuplicationPotion"},{"floor":41.0,"key":"LiquidBronze"},{"floor":44.0,"key":"GamblersBrew"},{"floor":47.0,"key":"DuplicationPotion"}],"is_trial":false,"path_per_floor":["M","?","?","T","M","E","M","R","T","?","M","$","M","M","R","B",null,"M","M","?","M","?","$","?","R","T","R","M","$","R","M","R","B",null,"M","?","M","?","$","R","M","R","T","$","R","E","?","E","R","M","?","$","?","$","R","M","E","T","?","R","$","M","M","R","B","B",null,"R","$","E","B"],"character_chosen":"MARISA","items_purchased":["OortCloud","Chaos","ChampionBelt","Pear","ForgetMeNow","Acceleration","EnergyRecoil","AsteroidBelt","EdensBlessing","HandmadeGrimoire","EnergyFlow","SporeBomb","FairyPotion","Du-Vu Doll","Ice Cream","AmplifyWand","Ornamental Fan","Blue Candle","Akabeko","Dexterity Potion"],"campfire_rested":1,"item_purchase_floors":[23,29,39,39,39,44,39,39,46,46,46,46,46,54,54,54,54,54,54,54],"current_hp_per_floor":[75,75,57,57,57,45,44,44,44,58,53,53,44,28,50,40,75,59,69,69,69,69,69,69,69,69,69,63,63,63,42,42,42,75,61,61,48,48,58,58,58,58,58,58,58,64,95,65,94,71,71,71,71,71,71,71,68,68,74,74,74,80,75,75,69,86,89,89,89,70,0,0],"gold":947,"neow_bonus":"THREE_ENEMY_KILL","is_daily":false,"chose_seed":false,"campfire_upgraded":12,"win_rate":0.0,"timestamp":1611438444,"path_taken":["M","?","?","?","?","E","M","R","T","?","M","$","M","M","R","BOSS","M","M","?","M","?","$","?","R","T","R","M","$","R","M","R","BOSS","M","?","M","?","$","R","?","R","T","$","R","E","?","E","R","M","?","$","?","?","R","M","E","T","?","R","$","M","M","R","BOSS","BOSS","R","$","E","BOSS"],"items_purchased_type":["Card","Card","Relic","Relic","Relic","Card","Card","Card","Relic","Relic","Card","Card","Potion","Relic","Relic","Relic","Relic","Relic","Relic","Potion"],"build_version":"2020-12-22","purchased_purges":5,"victory":false,"max_hp_per_floor":[75,75,75,75,75,75,75,75,75,75,75,75,75,75,75,75,75,75,75,75,75,75,75,75,75,75,75,75,75,75,75,75,75,75,75,75,75,75,85,85,85,85,85,85,85,85,95,95,95,95,95,95,90,90,90,90,90,90,90,90,90,90,90,90,90,90,90,90,90,90,90,90],"card_choices":[{"not_picked":[],"picked":"SuicideKing","floor":0.0},{"not_picked":["DarkMatter","MilkyWay"],"picked":"Bomb","floor":1.0},{"not_picked":["MagicChant","ManaConvection"],"picked":"AlicesGift","floor":2.0},{"not_picked":["ShootingEcho","MilkyWay"],"picked":"PowerUp","floor":5.0},{"not_picked":["DC","MachineGunSpark"],"picked":"PulseMagic","floor":6.0},{"not_picked":["UnstableBomb","OpenUniverse"],"picked":"Bomb","floor":7.0},{"not_picked":["UnstableBomb","6A"],"picked":"EnergyFlow","floor":11.0},{"not_picked":["SprinkleStarSeal","NonDirectionalLaser"],"picked":"EnergyRecoil","floor":13.0},{"not_picked":["LuminesStrike","DC","EscapeVelocity"],"picked":"SKIP","floor":14.0},{"not_picked":["MilkyWay","RefractionSpark"],"picked":"Robbery+1","floor":18.0},{"not_picked":["PowerUp+1","RefractionSpark","PulseMagic"],"picked":"SKIP","floor":19.0},{"not_picked":["Robbery","WitchOfGreed","ChargeUpSpray+1"],"picked":"SKIP","floor":21.0},{"not_picked":["6A","LuminesStrike","OneTimeOff"],"picked":"SKIP","floor":28.0},{"not_picked":["DC","MysteriousBeam+1"],"picked":"Occultation+1","floor":31.0},{"not_picked":["DoubleSpark","NonDirectionalLaser"],"picked":"AsteroidBelt+1","floor":35.0},{"not_picked":["LuminesStrike","6A+1"],"picked":"AsteroidBelt","floor":37.0},{"not_picked":["GalacticHalo+1","FinalSpark"],"picked":"EarthLightRay","floor":41.0},{"not_picked":["DC+1","UnstableBomb+1"],"picked":"PowerUp+1","floor":46.0},{"not_picked":["StarlightTyphoon+1","MilkyWay+1"],"picked":"MagicAbsorber","floor":48.0},{"not_picked":["GalacticHalo","BlazingStar+1"],"picked":"UltimateShortwave","floor":35.0},{"not_picked":["HandOfGreed+1","Purity"],"picked":"Trip","floor":36.0},{"not_picked":["MysteriousBeam+1","NonDirectionalLaser+1","ChargeUpSpray+1"],"picked":"SKIP","floor":41.0},{"not_picked":["MilkyWay","SatelliteIllusion"],"picked":"PulseMagic","floor":42.0},{"not_picked":["MagicChant+1","MilkyWay"],"picked":"OortCloud+1","floor":47.0},{"not_picked":["OrrerysSun","OneTimeOff+1","WitchLeyline+1"],"picked":"SKIP","floor":48.0},{"not_picked":["ChargingUp","SporeBomb"],"picked":"SprinkleStarSeal","floor":55.0}],"player_experience":243893,"relics_obtained":[{"floor":2.0,"key":"BookOfRevelations"},{"floor":2.0,"key":"Bottled Lightning"},{"floor":4.0,"key":"Pen Nib"},{"floor":6.0,"key":"AnarchistCookbook"},{"floor":26.0,"key":"The Courier"},{"floor":41.0,"key":"SatanicBible"},{"floor":43.0,"key":"Molten Egg 2"},{"floor":46.0,"key":"Bag of Marbles"},{"floor":48.0,"key":"Mummified Hand"},{"floor":35.0,"key":"BelialBook"},{"floor":42.0,"key":"BlankCard"},{"floor":43.0,"key":"Ginger"},{"floor":47.0,"key":"Happy Flower"},{"floor":55.0,"key":"Sozu"}],"event_choices":[{"damage_healed":0.0,"max_hp_gain":0.0,"max_hp_loss":0.0,"gold_gain":0.0,"event_name":"HidenRoomEvent","player_choice":"Fight","floor":2.0,"gold_loss":0.0,"damage_taken":0.0},{"damage_healed":0.0,"max_hp_gain":0.0,"max_hp_loss":0.0,"gold_gain":0.0,"event_name":"Golden Idol","player_choice":"Take Damage","floor":3.0,"gold_loss":0.0,"damage_taken":18.0,"relics_obtained":["Golden Idol"]},{"damage_healed":0.0,"max_hp_gain":0.0,"max_hp_loss":0.0,"gold_gain":75.0,"event_name":"World of Goop","player_choice":"Gather Gold","floor":10.0,"gold_loss":0.0,"damage_taken":11.0},{"cards_removed":["Strike_MRS"],"damage_healed":0.0,"max_hp_gain":0.0,"max_hp_loss":0.0,"gold_gain":0.0,"event_name":"Back to Basics","player_choice":"Elegance","floor":22.0,"gold_loss":0.0,"damage_taken":0.0},{"damage_healed":0.0,"max_hp_gain":0.0,"max_hp_loss":0.0,"gold_gain":0.0,"event_name":"Ghosts","player_choice":"Ignored","floor":24.0,"gold_loss":0.0,"damage_taken":0.0},{"damage_healed":0.0,"max_hp_gain":0.0,"max_hp_loss":0.0,"gold_gain":0.0,"event_name":"Accursed Blacksmith","player_choice":"Forge","floor":36.0,"gold_loss":0.0,"damage_taken":0.0,"cards_upgraded":["MasterSpark"]},{"damage_healed":0.0,"max_hp_gain":0.0,"max_hp_loss":0.0,"gold_gain":0.0,"event_name":"SensoryStone","player_choice":"Memory 1","floor":38.0,"gold_loss":0.0,"damage_taken":0.0},{"cards_removed":["SuicideKing"],"damage_healed":21.0,"max_hp_gain":10.0,"max_hp_loss":0.0,"gold_gain":0.0,"event_name":"Bonfire Elementals","player_choice":"Offered Rare","floor":47.0,"gold_loss":0.0,"damage_taken":0.0},{"damage_healed":0.0,"max_hp_gain":0.0,"max_hp_loss":0.0,"gold_gain":0.0,"event_name":"SensoryStone","player_choice":"Memory 1","floor":36.0,"gold_loss":0.0,"damage_taken":0.0},{"damage_healed":0.0,"max_hp_gain":0.0,"max_hp_loss":5.0,"gold_gain":0.0,"event_name":"Winding Halls","player_choice":"Max HP","floor":38.0,"gold_loss":0.0,"damage_taken":0.0},{"damage_healed":0.0,"max_hp_gain":0.0,"max_hp_loss":0.0,"gold_gain":0.0,"event_name":"MindBloom","player_choice":"Fight","floor":44.0,"gold_loss":0.0,"damage_taken":0.0}],"is_beta":false,"boss_relics":[{"not_picked":["Cursed Key","Ectoplasm"],"picked":"Coffee Dripper"},{"not_picked":[]},{"not_picked":["Thread and Needle","Vajra"],"picked":"Membership Card"},{"not_picked":[]}],"items_purged_floors":[12,23,29,46,54],"is_endless":false,"potions_floor_spawned":[1,2,5,16,19,21,33,35,37,48,41,44,47],"killed_by":"Delirium","ascension_level":20}}