{"host":"mi0eibewekhugwl1","time":1611375715,"event":{"mods":["AchievementEnabler","BaseMod","Colored Map","Colored Powertips","DeckTracker","Keyboard Shortcuts","Minty Spire (QoL Compilation)","Quick Restart","Rare Cards Sparkle","Relic Stats","StSLib","SuperFastMode","everything is the same but u backflip on backflip"],"gold_per_floor":[114,132,132,143,155,155,189,189,189,189,99,99,124,134,134,134,134],"floor_reached":16,"language":"KOR","playtime":273,"items_purged":["Strike_R"],"score":220,"play_id":"dd2c565a-bf37-4310-8d0c-b0cc02492fdc","local_time":"20210123132155","is_ascension_mode":true,"campfire_choices":[{"data":"Searing Blow","floor":6,"key":"SMITH"},{"data":"Searing Blow+1","floor":8,"key":"SMITH"},{"data":"Searing Blow+2","floor":10,"key":"SMITH"},{"data":"Flame Barrier","floor":15,"key":"SMITH"}],"circlet_count":0,"master_deck":["AscendersBane","Strike_R","Strike_R","Strike_R","Strike_R","Defend_R","Defend_R","Defend_R","Defend_R","Bash","Carnage","Searing Blow+3","Flame Barrier+1","Whirlwind","Inflame","Power Through","Shrug It Off"],"relics":["Burning Blood","The Courier","Nunchaku","Orichalcum"],"acts_visited":["Exordium"],"potions_floor_usage":[7,13,16],"damage_taken":[{"damage":3,"enemies":"2 Louse","floor":1,"turns":3},{"damage":1,"enemies":"Cultist","floor":2,"turns":3},{"damage":6,"enemies":"Jaw Worm","floor":4,"turns":5},{"damage":17,"enemies":"Looter","floor":5,"turns":3},{"damage":33,"enemies":"Gremlin Nob","floor":7,"turns":4},{"damage":18,"enemies":"Lagavulin","floor":13,"turns":6},{"damage":0,"enemies":"Red Slaver","floor":14,"turns":2},{"damage":36,"enemies":"The Guardian","floor":16,"turns":11}],"seed_played":"1063412101760628833","potions_obtained":[{"floor":1,"key":"AttackPotion"},{"floor":7,"key":"BloodPotion"},{"floor":13,"key":"Swift Potion"}],"is_trial":false,"path_per_floor":["M","M","?","M","M","R","E","R","T","R","$","?","E","M","R","B"],"character_chosen":"IRONCLAD","items_purchased":["Inflame"],"campfire_rested":0,"item_purchase_floors":[11],"current_hp_per_floor":[71,75,75,75,64,64,37,37,37,37,37,26,29,35,35,0,0],"gold":134,"neow_bonus":"THREE_CARDS","is_daily":false,"chose_seed":false,"campfire_upgraded":4,"win_rate":0.0,"timestamp":1611375715,"path_taken":["M","M","?","M","M","R","E","R","T","R","?","?","E","M","R","BOSS"],"items_purchased_type":["Card"],"build_version":"2020-12-22","purchased_purges":1,"victory":false,"max_hp_per_floor":[75,75,75,75,75,75,75,75,75,75,75,75,75,75,75,75,75],"relic_stats":{"Nunchaku":[2],"counters":[8,37],"Orichalcum":[18],"obtain_stats":[{"Nunchaku":12,"The Courier":7,"Orichalcum":13,"Burning Blood":0},{"Nunchaku":5,"The Courier":5,"Orichalcum":6,"Burning Blood":0},{"Nunchaku":18,"The Courier":18,"Orichalcum":24,"Burning Blood":0}],"Burning Blood":41},"card_choices":[{"not_picked":["Flame Barrier","Anger"],"picked":"Carnage","floor":0},{"not_picked":["Warcry","Thunderclap"],"picked":"Searing Blow","floor":1},{"not_picked":["Anger","Armaments","Heavy Blade"],"picked":"SKIP","floor":2},{"not_picked":["Flex","Twin Strike"],"picked":"Flame Barrier","floor":4},{"not_picked":["Blood for Blood","Armaments","Dark Embrace"],"picked":"SKIP","floor":5},{"not_picked":["Blood for Blood","Combust"],"picked":"Whirlwind","floor":7},{"not_picked":["Whirlwind","Havoc"],"picked":"Power Through","floor":13},{"not_picked":["Body Slam","Bloodletting"],"picked":"Shrug It Off","floor":14}],"player_experience":1757354,"relics_obtained":[{"floor":7,"key":"The Courier"},{"floor":13,"key":"Orichalcum"}],"event_choices":[{"damage_healed":0,"gold_gain":0,"player_choice":"0 cards matched","damage_taken":0,"max_hp_gain":0,"max_hp_loss":0,"event_name":"Match and Keep!","floor":3,"gold_loss":0,"cards_obtained":[]},{"damage_healed":0,"gold_gain":0,"player_choice":"Success","damage_taken":11,"relics_obtained":["Nunchaku"],"max_hp_gain":0,"max_hp_loss":0,"event_name":"Scrap Ooze","floor":12,"gold_loss":0}],"is_beta":false,"boss_relics":[],"items_purged_floors":[11],"is_endless":false,"potions_floor_spawned":[1,7,13],"killed_by":"The Guardian","ascension_level":20}}