{"host":"tfascwgynrmsv7c9","time":1611380416,"event":{"mods":["Act Like it!","BaseMod","Downfall","Highlight Path","Minty Spire (QoL Compilation)","StSLib"],"gold_per_floor":[99,118,138,155,155,155,155,155,166,192,207,224,32,132,147,245,245,245,16,1,51,101,115,115,144,194,224,242,85,102,169,187,287,287,287,306,356,406,422,487,487,503,607,657,674,674,687,21,31,31],"floor_reached":51,"language":"ENG","playtime":13133,"items_purged":["downfall:Malfunctioning"],"score":793,"play_id":"7e046288-d597-4e7f-980d-09507c3410be","local_time":"20210123064016","is_ascension_mode":false,"campfire_choices":[{"data":"Slimebound:CorrosiveSpit","floor":1,"key":"SMITH"},{"data":"Slimebound:Split","floor":18,"key":"SMITH"},{"data":"Slimebound:Grow","floor":35,"key":"SMITH"},{"data":"Slimebound:Nibble","floor":46,"key":"SMITH"}],"circlet_count":0,"master_deck":["Slimebound:Strike_Slimebound+1","Slimebound:Strike_Slimebound+1","Slimebound:Tackle+1","Slimebound:Defend_Slimebound+1","Slimebound:Defend_Slimebound+1","Slimebound:Defend_Slimebound+1","Slimebound:Defend_Slimebound+1","Slimebound:Split+1","Slimebound:CorrosiveSpit+1","Slimebound:HauntingLick","Slimebound:SpikyOuterGoop+1","Slimebound:GoopTackle","Slimebound:MegaLick","Slimebound:Prepare","Slimebound:GrowthPunch","Slimebound:Equalize+1","Slimebound:Repurpose","Slimebound:SamplingLick","Slimebound:RollThrough","Slimebound:Grow+1","Slimebound:RejuvenatingLick","Slimebound:MassFeed","Slimebound:GoopSpray+1","Slimebound:Schlurp","Slimebound:GoopSpray+1","Slimebound:FlameTackle","RitualDagger","Slimebound:Chomp","Slimebound:ForwardTackle+1","Slimebound:Gluttony","Slimebound:FinishingTackle+1","Slimebound:SplitMire+1","Slimebound:Replication+1","Slimebound:Prepare+1","Slimebound:Nibble+1","Slimebound:ViciousTackle","Slimebound:RejuvenatingLick+1","Slimebound:FinishingTackle","Slimebound:OozeBath+1","Slimebound:SpikyOuterGoop+1","Slimebound:SplitAcid+1","Slimebound:GoopSpray+1","Slimebound:LeadByExample+1","Slimebound:Gluttony+1","Slimebound:SamplingLick+1","Slimebound:LeechingTouch","Parasite","Slimebound:RejuvenatingLick+1","Slimebound:FormOfPuddle+1","Master of Strategy+1","Slimebound:BestDefense+1"],"relics":["Slimebound:AbsorbEndCombatUpgraded","Bag of Preparation","Strawberry","Question Card","downfall:CloakOfManyFaces","CultistMask","FaceOfCleric","NlothsMask","GremlinMask","SsserpentHead","Sozu","Gremlin Horn","Meat on the Bone","Bag of Marbles","Toxic Egg 2","PreservedInsect","CaptainsWheel","InkBottle","Frozen Eye"],"acts_visited":["Exordium","TheCity","TheBeyond"],"potions_floor_usage":[10,12,14,16,16],"damage_taken":[{"damage":0,"enemies":"Cultist","floor":2,"turns":3},{"damage":7,"enemies":"Jaw Worm","floor":3,"turns":4},{"damage":7,"enemies":"Small Slimes","floor":4,"turns":4},{"damage":1,"enemies":"2 Fungi Beasts","floor":9,"turns":2},{"damage":20,"enemies":"Lagavulin","floor":10,"turns":4},{"damage":0,"enemies":"Exordium Wildlife","floor":11,"turns":3},{"damage":3,"enemies":"Lots of Slimes","floor":12,"turns":2},{"damage":14,"enemies":"downfall:FleeingMerchant","floor":13,"turns":4},{"damage":8,"enemies":"downfall:FaceTrader","floor":14,"turns":7},{"damage":3,"enemies":"Exordium Wildlife","floor":15,"turns":3},{"damage":33,"enemies":"DF_ARCHETYPE_STREAMLINE","floor":16,"turns":6},{"damage":18,"enemies":"downfall:FleeingMerchant","floor":19,"turns":4},{"damage":7,"enemies":"downfall:FleeingMerchant","floor":20,"turns":4},{"damage":1,"enemies":"Spheric Guardian","floor":23,"turns":3},{"damage":10,"enemies":"Gremlin Leader","floor":25,"turns":5},{"damage":8,"enemies":"Slavers","floor":27,"turns":6},{"damage":2,"enemies":"Chosen","floor":28,"turns":5},{"damage":31,"enemies":"downfall:FleeingMerchant","floor":29,"turns":4},{"damage":15,"enemies":"Snake Plant","floor":30,"turns":2},{"damage":2,"enemies":"Shelled Parasite and Fungi","floor":31,"turns":6},{"damage":5,"enemies":"Snecko","floor":32,"turns":5},{"damage":5,"enemies":"SI_MIRROR_ARCHETYPE","floor":33,"turns":7},{"damage":0,"enemies":"Orb Walker","floor":36,"turns":3},{"damage":14,"enemies":"Orb Walker","floor":37,"turns":4},{"damage":3,"enemies":"3 Shapes","floor":39,"turns":4},{"damage":44,"enemies":"Writhing Mass","floor":40,"turns":5},{"damage":7,"enemies":"Jaw Worm Horde","floor":42,"turns":6},{"damage":23,"enemies":"2 Orb Walkers","floor":43,"turns":4},{"damage":0,"enemies":"Spire Growth","floor":45,"turns":6},{"damage":7,"enemies":"Writhing Mass","floor":47,"turns":3},{"damage":11,"enemies":"Maw","floor":49,"turns":6},{"damage":36,"enemies":"WA_ARCHETYPE_DIVINITY","floor":50,"turns":11}],"seed_played":"427450656883834587","potions_obtained":[{"floor":2,"key":"Explosive Potion"},{"floor":3,"key":"hexamod:SoulburnPotion"},{"floor":9,"key":"Weak Potion"},{"floor":12,"key":"LiquidMemories"},{"floor":14,"key":"Strength Potion"}],"is_trial":false,"path_per_floor":["R","M","M","M","?","?","T","?","M","E","M","M","$","?","M","B",null,"R","$","$","?","?","M","T","E","?","E","M","$","M","M","M","B",null,"R","M","?","?","M","M","T","M","?","?","M","R","M","$","M","B",null],"character_chosen":"SLIMEBOUND","items_purchased":["Slimebound:SamplingLick","Slimebound:RollThrough","Gremlin Horn","Slimebound:Schlurp","Toxic Egg 2","Slimebound:Replication+1","PreservedInsect","Slimebound:Prepare+1","Slimebound:Nibble","Slimebound:FormOfPuddle+1","Master of Strategy+1","InkBottle","Frozen Eye"],"campfire_rested":0,"item_purchase_floors":[13,13,19,19,29,29,29,29,29,48,48,48,48],"current_hp_per_floor":[71,71,70,71,64,64,71,71,74,62,68,73,67,75,79,53,80,80,73,82,82,76,83,83,82,82,83,90,68,58,68,74,82,100,100,101,91,83,93,65,65,77,73,101,105,105,106,106,107,82],"gold":31,"neow_bonus":"TEN_PERCENT_HP_BONUS","is_daily":false,"chose_seed":false,"campfire_upgraded":4,"win_rate":0.0,"timestamp":1611380416,"path_taken":["R","M","?","M","?","?","T","?","M","E","?","M","$","?","M","BOSS","R","?","$","?","?","M","T","E","?","E","M","?","M","?","M","BOSS","R","M","?","?","M","?","T","M","?","?","M","R","M","$","M","BOSS"],"items_purchased_type":["Card","Card","Relic","Card","Relic","Card","Relic","Card","Card","Card","Card","Relic","Relic"],"build_version":"2020-12-22","purchased_purges":1,"victory":true,"max_hp_per_floor":[71,71,71,71,71,71,78,78,78,78,78,78,78,78,79,80,80,80,81,82,82,82,83,83,84,84,91,92,93,94,98,99,100,100,100,101,102,102,103,107,107,111,115,101,105,105,106,106,107,108],"card_choices":[{"not_picked":["Slimebound:ViciousTackle","Slimebound:SplitLeeching"],"picked":"Slimebound:HauntingLick","floor":2},{"not_picked":["Slimebound:ViciousTackle","Slimebound:ProtectTheBoss"],"picked":"Slimebound:SpikyOuterGoop","floor":3},{"not_picked":["Slimebound:SplitBruiser","Slimebound:SplitAcid"],"picked":"Slimebound:GoopTackle","floor":4},{"not_picked":["Slimebound:LeadByExample","Slimebound:RollThrough"],"picked":"Slimebound:MegaLick","floor":9},{"not_picked":["Slimebound:SplitMire","Slimebound:TongueLash"],"picked":"Slimebound:Prepare","floor":10},{"not_picked":["Slimebound:TongueLash","Slimebound:SplitAcid","Slimebound:LeechEnergy"],"picked":"Slimebound:GrowthPunch","floor":11},{"not_picked":["Slimebound:PrepareCrush","Slimebound:HauntingLick","Slimebound:LeechingTouch"],"picked":"Slimebound:Equalize","floor":12},{"not_picked":["Slimebound:WasteNot","Slimebound:MegaLick","Slimebound:ForwardTackle"],"picked":"Slimebound:Repurpose","floor":13},{"not_picked":["Slimebound:ComboTackle","Slimebound:RollThrough","Slimebound:GoopTackle"],"picked":"Slimebound:Grow","floor":14},{"not_picked":["Slimebound:GrowthPunch","Slimebound:SamplingLick","Slimebound:HauntingLick"],"picked":"Slimebound:RejuvenatingLick","floor":15},{"not_picked":["Slimebound:Teamwork","Slimebound:SelfFormingGoo","Slimebound:PrepareCrush"],"picked":"Slimebound:MassFeed","floor":16},{"not_picked":["Slimebound:MegaLick","Slimebound:LeechEnergy","Slimebound:SamplingLick"],"picked":"Slimebound:GoopSpray+1","floor":19},{"not_picked":["Slimebound:AcidTongue+1","Slimebound:ProtectTheBoss","Slimebound:LevelUp"],"picked":"Slimebound:GoopSpray+1","floor":20},{"not_picked":["Slimebound:AcidTongue","Slimebound:SplitMire","Slimebound:SlimeSlap"],"picked":"Slimebound:Chomp","floor":23},{"not_picked":["Slimebound:LeechEnergy","Slimebound:SplitBruiser","Slimebound:MegaLick"],"picked":"Slimebound:ForwardTackle+1","floor":25},{"not_picked":["Slimebound:SplitAcid+1","Slimebound:TongueLash","Slimebound:MegaLick"],"picked":"Slimebound:Gluttony","floor":27},{"not_picked":["Slimebound:RejuvenatingLick","Slimebound:SplitAcid","Slimebound:MegaLick+1"],"picked":"Slimebound:FinishingTackle+1","floor":28},{"not_picked":["Slimebound:GoopTackle","Slimebound:RollThrough","Slimebound:Grow"],"picked":"Slimebound:SplitMire+1","floor":29},{"not_picked":["Slimebound:SlimeBarrage","Slimebound:PressTheAttack","Slimebound:MinionMaster"],"picked":"Slimebound:ViciousTackle","floor":30},{"not_picked":["Slimebound:BestDefense","Slimebound:Schlurp+1","Slimebound:SplitLeeching+1"],"picked":"Slimebound:RejuvenatingLick+1","floor":31},{"not_picked":["Slimebound:AcidTongue","Slimebound:ItLooksTasty","Slimebound:OneTwoCombo"],"picked":"Slimebound:FinishingTackle","floor":32},{"not_picked":["Slimebound:MassRepurpose+1","Slimebound:MinionMaster","Slimebound:LeechLife"],"picked":"Slimebound:OozeBath+1","floor":33},{"not_picked":["Slimebound:Repurpose+1","Slimebound:Schlurp+1","Slimebound:GrowthPunch+1"],"picked":"Slimebound:SpikyOuterGoop+1","floor":36},{"not_picked":["Slimebound:ProtectTheBoss","Slimebound:ItLooksTasty+1","Slimebound:DisruptingSlam"],"picked":"Slimebound:SplitAcid+1","floor":37},{"not_picked":["Slimebound:Grow+1","Slimebound:ForwardTackle+1","Slimebound:SlimeTap+1"],"picked":"Slimebound:GoopSpray+1","floor":39},{"not_picked":["Slimebound:GoopTackle","Slimebound:RollThrough+1","Slimebound:SplitMire+1"],"picked":"Slimebound:LeadByExample+1","floor":40},{"not_picked":["Slimebound:RallyTheTroops","Slimebound:LivingWall+1","Slimebound:Prepare+1"],"picked":"Slimebound:Gluttony+1","floor":42},{"not_picked":["Slimebound:RollThrough+1","Slimebound:SplitLeeching+1","Slimebound:PressTheAttack"],"picked":"Slimebound:SamplingLick+1","floor":43},{"not_picked":["Slimebound:Prepare+1","Slimebound:SplitLeeching+1","Slimebound:Grow+1"],"picked":"Slimebound:LeechingTouch","floor":45},{"not_picked":["Slimebound:Replication+1","Slimebound:Prepare+1","Slimebound:SlimeBrawl+1"],"picked":"Slimebound:RejuvenatingLick+1","floor":47},{"not_picked":["Slimebound:SplitLeeching+1","Slimebound:FormOfPuddle+1","Slimebound:LeechingTouch+1"],"picked":"Slimebound:BestDefense+1","floor":49}],"player_experience":62287,"relics_obtained":[{"floor":7,"key":"Strawberry"},{"floor":10,"key":"Question Card"},{"floor":14,"key":"downfall:CloakOfManyFaces"},{"floor":25,"key":"Meat on the Bone"},{"floor":27,"key":"Bag of Marbles"},{"floor":43,"key":"CaptainsWheel"}],"event_choices":[{"damage_healed":0,"gold_gain":0,"player_choice":"Success","damage_taken":7,"relics_obtained":["Bag of Preparation"],"max_hp_gain":0,"max_hp_loss":0,"event_name":"Scrap Ooze","floor":5,"gold_loss":0},{"damage_healed":0,"gold_gain":0,"player_choice":"Read","damage_taken":0,"max_hp_gain":0,"max_hp_loss":0,"event_name":"The Library","floor":21,"gold_loss":0,"cards_obtained":["Slimebound:FlameTackle"]},{"damage_healed":0,"gold_gain":0,"player_choice":"Fight","damage_taken":0,"max_hp_gain":0,"max_hp_loss":0,"event_name":"Mysterious Sphere","floor":43,"gold_loss":0}],"is_beta":false,"boss_relics":[{"not_picked":["Tiny House","Astrolabe"],"picked":"Sozu"},{"not_picked":["Runic Pyramid","Coffee Dripper"],"picked":"Slimebound:AbsorbEndCombatUpgraded"}],"items_purged_floors":[13],"is_endless":false,"potions_floor_spawned":[2,3,9,12,14,25,27,30,31,33,37,39,40,49],"ascension_level":0}}