{"host":"ao4lxi9bhtts409i","time":1611439627,"event":{"mods":["AchievementEnabler","BaseMod","Colored Map","Colored Powertips","Minty Spire (QoL Compilation)","SuperFastMode"],"gold_per_floor":[109,109,109,59,73,106,28,60,60,60,116,116,116],"floor_reached":12,"language":"ENG","playtime":517,"items_purged":[],"score":101,"play_id":"a06cb415-1cc2-4314-a5d8-9628e8cb6bc7","local_time":"20210123230707","is_ascension_mode":true,"campfire_choices":[{"floor":10,"key":"REST"}],"circlet_count":0,"master_deck":["Strike_R","Strike_R","Strike_R","Strike_R","Defend_R","Defend_R","Defend_R","Defend_R","Bash","Armaments+1","Dropkick","Rampage","Fire Breathing","Evolve","Warcry"],"relics":["Black Star","WingedGreaves","Art of War","Regal Pillow","Strawberry","Darkstone Periapt","Question Card"],"acts_visited":["Exordium"],"potions_floor_usage":[8,12],"damage_taken":[{"damage":7,"enemies":"Small Slimes","floor":1,"turns":4},{"damage":2,"enemies":"Jaw Worm","floor":5,"turns":4},{"damage":22,"enemies":"Lagavulin","floor":6,"turns":5},{"damage":30,"enemies":"3 Sentries","floor":8,"turns":5},{"damage":30,"enemies":"3 Sentries","floor":11,"turns":5},{"damage":64,"enemies":"Gremlin Nob","floor":12,"turns":4}],"seed_played":"-2559347134611266155","potions_obtained":[{"floor":6,"key":"BloodPotion"},{"floor":11,"key":"SkillPotion"}],"is_trial":false,"path_per_floor":["M","?","$","?","M","E","$","E","T","R","?","E"],"character_chosen":"IRONCLAD","items_purchased":["Fire Breathing"],"campfire_rested":1,"item_purchase_floors":[7],"current_hp_per_floor":[73,73,73,73,71,49,49,42,42,83,53,0,0],"gold":116,"neow_bonus":"BOSS_RELIC","is_daily":false,"chose_seed":false,"campfire_upgraded":0,"win_rate":0.0,"timestamp":1611439627,"path_taken":["M","?","$","?","M","E","$","E","T","R","?","E"],"items_purchased_type":["Card"],"build_version":"2020-12-22","purchased_purges":0,"victory":false,"max_hp_per_floor":[80,80,80,80,80,80,80,87,87,87,87,87,87],"card_choices":[{"not_picked":["Headbutt","Pummel"],"picked":"Armaments","floor":1},{"not_picked":["Rage","Perfected Strike"],"picked":"Dropkick","floor":5},{"not_picked":["Battle Trance","Heavy Blade"],"picked":"Rampage","floor":6},{"not_picked":["Searing Blow","Sword Boomerang"],"picked":"Evolve","floor":8},{"not_picked":["Flex","Twin Strike"],"picked":"Warcry","floor":11}],"player_experience":255152,"relics_obtained":[{"floor":6,"key":"WingedGreaves"},{"floor":6,"key":"Art of War"},{"floor":8,"key":"Regal Pillow"},{"floor":8,"key":"Strawberry"},{"floor":9,"key":"Darkstone Periapt"},{"floor":11,"key":"Question Card"}],"event_choices":[{"damage_healed":0,"gold_gain":0,"player_choice":"Grow","damage_taken":0,"max_hp_gain":0,"max_hp_loss":0,"event_name":"Living Wall","floor":2,"gold_loss":0,"cards_upgraded":["Armaments"]},{"cards_removed":["Strike_R"],"damage_healed":0,"gold_gain":0,"player_choice":"Card Removal","damage_taken":0,"max_hp_gain":0,"max_hp_loss":0,"event_name":"The Cleric","floor":4,"gold_loss":50},{"damage_healed":0,"gold_gain":0,"player_choice":"Searched \u00272\u0027 times","damage_taken":0,"max_hp_gain":0,"max_hp_loss":0,"event_name":"Dead Adventurer","floor":11,"gold_loss":0}],"is_beta":false,"boss_relics":[],"items_purged_floors":[],"is_endless":false,"potions_floor_spawned":[6,11],"killed_by":"Gremlin Nob","ascension_level":4}}