{"host":"22ezjknwheybwqtz","time":1611390173,"event":{"mods":["BaseMod","Minty Spire (QoL Compilation)","Replay The Spire","Shop Mod","StSLib"],"gold_per_floor":[118,137,59,59,59,100,175,175,245,420,31,62,78,102,102,227,227,242,242,265,279,22,60,60,99,149,74,93,106,141,162,162,292,292,305,385,208,208,208,251,251,289,362,362,396,409,409,427,427,427,427,427,112,147,147],"floor_reached":56,"language":"ENG","playtime":1987,"items_purged":["Strike_B","ReplayTheSpireMod:Splinters"],"score":1759,"play_id":"61c20407-1922-49f9-acca-f37e25c4dc70","local_time":"20210123162253","is_ascension_mode":true,"campfire_choices":[{"data":"Storm","floor":8,"key":"SMITH"},{"data":"White Noise","floor":15,"key":"SMITH"},{"data":"Defragment","floor":24,"key":"SMITH"},{"floor":32,"key":"RECALL"},{"data":"Defragment","floor":44,"key":"SMITH"},{"data":"Machine Learning","floor":47,"key":"SMITH"},{"data":"Voices","floor":49,"key":"PURGE"},{"data":"Time Bomb","floor":52,"key":"SMITH"}],"circlet_count":0,"master_deck":["Strike_B","Strike_B","Defend_B","Defend_B","Defend_B","Defend_B","Zap","Dualcast","Defragment+1","Storm+1","Defragment+1","Amnesia","Machine Learning+1","Doubt","White Noise+1","Time Bomb+1","Cold Snap","Amplify","Biased Cognition+1","Replay:Hysterical Blindness","Defragment+1","Redo","Loop+1","Capacitor+1","Crystallizer+1","Replay:Hysterical Blindness","Defragment+1","ReplayTheSpireMod:Faulty Equipment","Decay","Redo+1","ReplayTheSpireMod:System Scan","Loop+1","Clumsy"],"relics":["Cracked Core","NeowsBlessing","Golden Idol","Ring of Misfortune","ReplayTheSpireMod:Ring of Collecting","MealTicket","Ring of Peace","Mercury Hourglass","Frozen Egg 2","Replay:WaspNest","Cursed Key","Mummified Hand","Gambling Chip","White Beast Statue","Ring of Greed","Tiny Chest","Replay:Wax Seal","Gremlin Horn","Black Star","Blood Vial","Replay:Bottled Steam","ReplayTheSpireMod:Ring of Addiction","SacredBark","Potion Belt","Sundial","Kunai","Cables","Darkstone Periapt","Ring of Panic","Carrot","Pear","Replay:Rubber Ducky","ReplayTheSpireMod:Shallot","Orichalcum","Replay:Bottled Flurry"],"acts_visited":["Exordium","TheCity","TheBeyond","TheEnding"],"potions_floor_usage":[12,16,21,25,29,40,40,45,50,50,55,55],"damage_taken":[{"damage":0,"enemies":"2 Louse","floor":1,"turns":1},{"damage":0,"enemies":"Jaw Worm","floor":2,"turns":1},{"damage":0,"enemies":"Lagavulin","floor":6,"turns":1},{"damage":17,"enemies":"Gremlin Nob","floor":12,"turns":4},{"damage":0,"enemies":"Small Slimes","floor":13,"turns":3},{"damage":0,"enemies":"Red Slaver","floor":14,"turns":3},{"damage":0,"enemies":"The Guardian","floor":16,"turns":6},{"damage":0,"enemies":"Chosen","floor":18,"turns":3},{"damage":7,"enemies":"2 Thieves","floor":20,"turns":2},{"damage":3,"enemies":"Cultist and Chosen","floor":21,"turns":4},{"damage":0,"enemies":"Gremlin Leader","floor":23,"turns":4},{"damage":0,"enemies":"Slavers","floor":25,"turns":3},{"damage":0,"enemies":"3 Cultists","floor":28,"turns":3},{"damage":12,"enemies":"Shelled Parasite and Fungi","floor":29,"turns":3},{"damage":0,"enemies":"Gremlin Leader","floor":30,"turns":4},{"damage":0,"enemies":"Cultist and Chosen","floor":31,"turns":3},{"damage":0,"enemies":"Champ","floor":33,"turns":5},{"damage":6,"enemies":"3 Darklings","floor":35,"turns":3},{"damage":0,"enemies":"Nemesis","floor":40,"turns":5},{"damage":0,"enemies":"R_Hoarder","floor":42,"turns":5},{"damage":11,"enemies":"Nemesis","floor":45,"turns":3},{"damage":0,"enemies":"3 Shapes","floor":46,"turns":2},{"damage":0,"enemies":"3 Darklings","floor":48,"turns":3},{"damage":0,"enemies":"Replay:Hell Engine","floor":50,"turns":6},{"damage":37,"enemies":"Shield and Spear","floor":54,"turns":4},{"damage":0,"enemies":"The Heart","floor":55,"turns":6}],"seed_played":"3277926540155129926","potions_obtained":[{"floor":1,"key":"BlessingOfTheForge"},{"floor":6,"key":"PowerPotion"},{"floor":12,"key":"Block Potion"},{"floor":16,"key":"LifebloodPotion"},{"floor":18,"key":"Adrenaline Potion"},{"floor":21,"key":"SkillPotion"},{"floor":28,"key":"CultistPotion"},{"floor":29,"key":"AttackPotion"},{"floor":31,"key":"Weak Potion"},{"floor":35,"key":"DuplicationPotion"},{"floor":39,"key":"Strength Potion"},{"floor":39,"key":"DuplicationPotion"},{"floor":39,"key":"AttackPotion"},{"floor":40,"key":"PowerPotion"},{"floor":42,"key":"Fruit Juice"},{"floor":45,"key":"PotionOfCapacity"},{"floor":54,"key":"FocusPotion"}],"is_trial":false,"path_per_floor":["M","M","$","?","?","E","?","R","T","?","$","E","M","M","R","B",null,"M","?","M","M","$","E","R","E","T","$","M","M","E","M","R","B",null,"M","?","$","?","T","E","?","E","T","R","E","M","R","M","R","B",null,"R","$","E","B",null],"character_chosen":"DEFECT","items_purchased":["Defragment","White Noise","Frozen Egg 2","Mummified Hand","Defragment+1","Crystallizer+1","Loop+1","ReplayTheSpireMod:Shallot"],"campfire_rested":0,"item_purchase_floors":[3,11,11,22,27,37,53,53],"current_hp_per_floor":[75,75,75,57,57,57,46,46,46,46,61,44,44,44,44,44,75,75,68,61,58,73,73,73,73,73,75,75,63,63,63,63,63,75,69,69,75,75,75,75,75,75,87,85,94,96,96,98,98,100,103,103,103,70,72],"gold":147,"neow_bonus":"THREE_ENEMY_KILL","is_daily":false,"chose_seed":false,"campfire_upgraded":6,"win_rate":0.0,"timestamp":1611390173,"path_taken":["M","M","$","?","?","E","?","R","T","?","$","E","M","M","R","BOSS","M","?","?","M","$","E","R","E","T","$","M","?","E","M","R","BOSS","M","?","$","?","?","E","?","E","T","R","E","M","R","M","R","BOSS","R","$","E","BOSS"],"items_purchased_type":["Card","Card","Relic","Relic","Card","Card","Card","Relic"],"build_version":"2020-12-22","purchased_purges":2,"victory":true,"max_hp_per_floor":[75,75,75,75,75,75,75,75,75,75,75,75,75,75,75,75,75,75,75,75,75,75,75,75,75,75,75,75,75,75,75,75,75,75,75,75,75,75,75,75,75,75,87,85,105,105,105,105,103,103,103,103,103,107,107],"card_choices":[{"not_picked":["White Noise","Steam"],"picked":"Defragment","floor":1},{"not_picked":["Skim","Panic Button"],"picked":"Storm","floor":2},{"not_picked":["Redo","BasicCrystalCard"],"picked":"Machine Learning","floor":6},{"not_picked":["ReplayTheSpireMod:Calculation Training","Redo"],"picked":"Time Bomb","floor":12},{"not_picked":["Leap","Rebound"],"picked":"Cold Snap","floor":13},{"not_picked":["BasicCrystalCard","Barrage"],"picked":"Amplify","floor":14},{"not_picked":["Multi-Cast","Amplify"],"picked":"Biased Cognition+1","floor":16},{"not_picked":["Ball Lightning","Go for the Eyes","Sweeping Beam"],"picked":"SKIP","floor":18},{"not_picked":["Undo","FTL","Glacier"],"picked":"SKIP","floor":20},{"not_picked":["Turbo","BasicCrystalCard","Chill"],"picked":"SKIP","floor":21},{"not_picked":["Hologram","Panic Button","Sweeping Beam"],"picked":"SKIP","floor":23},{"not_picked":["Beam Cell","Turbo+1","Core Surge"],"picked":"SKIP","floor":25},{"not_picked":["Glacier","Scrape+1"],"picked":"Redo","floor":28},{"not_picked":["Barrage","Undo"],"picked":"Loop+1","floor":29},{"not_picked":["Sweeping Beam","Tempest"],"picked":"Capacitor+1","floor":30},{"not_picked":["Leap","Rebound","Beam Cell"],"picked":"SKIP","floor":31},{"not_picked":["Steam+1","Panic Button+1","Conserve Battery+1"],"picked":"SKIP","floor":35},{"not_picked":["Fission","Meteor Strike","FTL+1"],"picked":"SKIP","floor":40},{"not_picked":["Sunder","Conserve Battery"],"picked":"Defragment+1","floor":42},{"not_picked":["Rebound+1","Gash+1"],"picked":"Redo+1","floor":45},{"not_picked":["BootSequence+1","Rebound+1","Beam Cell+1"],"picked":"SKIP","floor":46},{"not_picked":["Go for the Eyes","Reinforced Body+1"],"picked":"ReplayTheSpireMod:System Scan","floor":48},{"not_picked":["Cold Snap+1","Steam Power+1","Coolheaded"],"picked":"SKIP","floor":54}],"player_experience":67360,"relics_obtained":[{"floor":5,"key":"Ring of Misfortune"},{"floor":5,"key":"ReplayTheSpireMod:Ring of Collecting"},{"floor":6,"key":"MealTicket"},{"floor":9,"key":"Ring of Peace"},{"floor":9,"key":"Mercury Hourglass"},{"floor":12,"key":"Replay:WaspNest"},{"floor":23,"key":"Gambling Chip"},{"floor":25,"key":"White Beast Statue"},{"floor":26,"key":"Ring of Greed"},{"floor":26,"key":"Tiny Chest"},{"floor":26,"key":"Replay:Wax Seal"},{"floor":30,"key":"Gremlin Horn"},{"floor":36,"key":"Blood Vial"},{"floor":39,"key":"Replay:Bottled Steam"},{"floor":39,"key":"ReplayTheSpireMod:Ring of Addiction"},{"floor":39,"key":"SacredBark"},{"floor":39,"key":"Potion Belt"},{"floor":40,"key":"Sundial"},{"floor":40,"key":"Kunai"},{"floor":42,"key":"Cables"},{"floor":42,"key":"Darkstone Periapt"},{"floor":43,"key":"Ring of Panic"},{"floor":43,"key":"Carrot"},{"floor":45,"key":"Pear"},{"floor":45,"key":"Replay:Rubber Ducky"},{"floor":54,"key":"Orichalcum"},{"floor":54,"key":"Replay:Bottled Flurry"}],"event_choices":[{"damage_healed":0,"gold_gain":0,"player_choice":"Take Damage","damage_taken":18,"relics_obtained":["Golden Idol"],"max_hp_gain":0,"max_hp_loss":0,"event_name":"Golden Idol","floor":4,"gold_loss":0},{"damage_healed":0,"gold_gain":75,"player_choice":"Gather Gold","damage_taken":11,"max_hp_gain":0,"max_hp_loss":0,"event_name":"World of Goop","floor":7,"gold_loss":0},{"damage_healed":0,"gold_gain":175,"player_choice":"AGREE","damage_taken":0,"max_hp_gain":0,"max_hp_loss":0,"event_name":"Liars Game","floor":10,"gold_loss":0,"cards_obtained":["Doubt"]},{"damage_healed":0,"gold_gain":0,"player_choice":"Damaged","damage_taken":7,"max_hp_gain":0,"max_hp_loss":0,"event_name":"Wheel of Change","floor":19,"gold_loss":0},{"cards_removed":["Strike_B"],"damage_healed":0,"gold_gain":0,"player_choice":"Removed Attack","damage_taken":0,"max_hp_gain":0,"max_hp_loss":0,"event_name":"Falling","floor":38,"gold_loss":0},{"damage_healed":0,"gold_gain":0,"player_choice":"Ignored","damage_taken":0,"max_hp_gain":0,"max_hp_loss":0,"event_name":"The Moai Head","floor":41,"gold_loss":0}],"is_beta":false,"boss_relics":[{"not_picked":["Replay:Wanted Poster","Snecko Eye"],"picked":"Cursed Key"},{"not_picked":["Runic Dome","FrozenCore"],"picked":"Black Star"}],"items_purged_floors":[11,37],"is_endless":false,"potions_floor_spawned":[1,6,12,16,18,21,28,29,30,31,33,35,40,42,45,46,48,54],"ascension_level":1}}