{"host":"9xv6exvwmlpefxuw","time":1611389162,"event":{"mods":["ATMod(阿瑾Mod)","AchievementEnabler","Act Like it!","Aspiration","BaseMod","Chen","Colored Powertips","Conspire","Downfall","Friendly Minions","Gensokyo","GifTheSpireLib","KinomotoSakuraMod(木之本樱)","Koishi","KomeijiMod","Marisa（F雨　魔理沙）","Minty Spire (QoL Compilation)","Pale of the Ancients","Rare Cards Sparkle","Reimu（博丽灵梦）","Remilia_Scarlet Moed（蕾米莉亚・斯卡雷特）3.3.5","Remilia（蕾米莉亚）","RumiaBox-露米娅的神秘盒子","StSLib","The Administrix","The Animator","The Blackbeard","The Mystic","The Servant 0.9.4","WarShipGirlsR/战舰少女R mod","Yakumo Yukari mod","Youmu（魂魄妖梦）","Yuyuko","【功能Mod】混沌之环修复补丁","【功能Mod】聪明的最终Boss"],"gold_per_floor":[117,135,147,158,172,172,197,41,96,111,129,129,161,161,161,161,161],"floor_reached":16,"language":"ZHS","playtime":952,"items_purged":[],"score":114,"play_id":"bbae9dfe-1bb8-40f4-9bb3-9e5223dbb1c0","local_time":"20210123160602","is_ascension_mode":false,"campfire_choices":[{"data":"Inflame","floor":6,"key":"SMITH"},{"floor":15,"key":"REST"}],"circlet_count":0,"master_deck":["Strike_R","Strike_R","Strike_R","Strike_R","Strike_R","Defend_R","Defend_R","Defend_R","Defend_R","Bash","Anger","Thunderclap","Flex","Inflame+1","Armaments","Pommel Strike"],"relics":["Burning Blood","AT_ATBox","Toy Ornithopter","AT_ArchangelStaff","Oddly Smooth Stone"],"acts_visited":["Exordium"],"potions_floor_usage":[13],"damage_taken":[{"damage":0,"enemies":"Small Slimes","floor":1,"turns":3},{"damage":6,"enemies":"Jaw Worm","floor":2,"turns":3},{"damage":4,"enemies":"Cultist","floor":3,"turns":4},{"damage":16,"enemies":"Lots of Slimes","floor":4,"turns":4},{"damage":8,"enemies":"2 Fungi Beasts","floor":5,"turns":3},{"damage":26,"enemies":"Lagavulin","floor":7,"turns":7},{"damage":14,"enemies":"Blue Slaver","floor":10,"turns":3},{"damage":13,"enemies":"Lots of Slimes","floor":11,"turns":3},{"damage":12,"enemies":"3 Sentries","floor":13,"turns":6},{"damage":71,"enemies":"Slime Boss","floor":16,"turns":6}],"seed_played":"-3811125612600119027","potions_obtained":[{"floor":2,"key":"FearPotion"},{"floor":4,"key":"SkillPotion"},{"floor":7,"key":"Explosive Potion"},{"floor":13,"key":"Strength Potion"}],"is_trial":false,"path_per_floor":["M","M","M","M","M","R","E","$","T","M","M","?","E","?","R","B"],"character_chosen":"IRONCLAD","items_purchased":["AT_ArchangelStaff"],"campfire_rested":1,"item_purchase_floors":[8],"current_hp_per_floor":[88,88,88,78,76,76,56,56,56,48,41,41,40,40,66,0,0],"gold":161,"neow_bonus":"TEN_PERCENT_HP_BONUS","is_daily":false,"chose_seed":false,"campfire_upgraded":1,"win_rate":0.0,"timestamp":1611389162,"path_taken":["M","M","M","M","M","R","E","$","T","M","M","?","E","?","R","BOSS"],"items_purchased_type":["Relic"],"build_version":"2020-12-22","purchased_purges":0,"victory":false,"max_hp_per_floor":[88,88,88,88,88,88,88,88,88,88,88,88,88,88,88,88,88],"card_choices":[{"not_picked":["AT_CaressingTears","Thunderclap"],"picked":"Anger","floor":1},{"not_picked":["Body Slam","Hemokinesis"],"picked":"Thunderclap","floor":2},{"not_picked":["Clothesline","Combust","True Grit"],"picked":"SKIP","floor":3},{"not_picked":["Fire Breathing","Sword Boomerang"],"picked":"Flex","floor":4},{"not_picked":["Feel No Pain","Headbutt"],"picked":"Inflame","floor":5},{"not_picked":["AT_BodySlamDance","AT_IchimonjiDouble"],"picked":"Armaments","floor":7},{"not_picked":["Intimidate","Warcry"],"picked":"Pommel Strike","floor":10},{"not_picked":["AT_BodySlamDance","True Grit","Clothesline"],"picked":"SKIP","floor":11},{"not_picked":["Uppercut","conspire:ExplosiveBarrier","Berserk"],"picked":"SKIP","floor":13}],"player_experience":8784,"relics_obtained":[{"floor":7,"key":"Toy Ornithopter"},{"floor":13,"key":"Oddly Smooth Stone"}],"event_choices":[{"damage_healed":0,"gold_gain":0,"player_choice":"Disagree","damage_taken":0,"max_hp_gain":0,"max_hp_loss":0,"event_name":"conspire:LoneGhost","floor":12,"gold_loss":0},{"damage_healed":0,"gold_gain":0,"player_choice":"Got Potions","damage_taken":0,"max_hp_gain":0,"max_hp_loss":0,"event_name":"Lab","floor":14,"gold_loss":0}],"is_beta":false,"boss_relics":[],"items_purged_floors":[],"is_endless":false,"potions_floor_spawned":[2,4,7,13],"killed_by":"Slime Boss","ascension_level":0}}