{"host":"0fm1w3v00gid44jl","time":1611429761,"event":{"mods":["AchievementEnabler","BaseMod","Colored Map","Colored Powertips","Displayed Cursed Tome","Downfall","Googly Eyes","Highlight Path","Minty Spire (QoL Compilation)","Permanent Neow","Relic Stats","StSLib","SuperFastMode","slay the spire mod where everything is the same but ironclad has a cowboy hat"],"gold_per_floor":[99,114,126,126,142,160,183,183,195,195,209,209,209,209,209],"floor_reached":13,"language":"ENG","playtime":305,"items_purged":[],"score":81,"play_id":"ae636dc6-de04-4e08-8e75-c71d0c9e0ad5","local_time":"20210123132241","is_ascension_mode":true,"campfire_choices":[{"data":"bronze:FineTuning","floor":1,"key":"SMITH"},{"data":"bronze:Separator","floor":8,"key":"SMITH"},{"data":"bronze:Philosophize","floor":10,"key":"SMITH"},{"data":"bronze:Boost","floor":12,"key":"SMITH"}],"circlet_count":0,"master_deck":["bronze:Strike","bronze:Strike","bronze:Strike","bronze:Defend","bronze:Defend","bronze:Defend","bronze:Replicate","bronze:Goto","bronze:DigitalCarnage+1","bronze:FineTuning+1","bronze:FineTuning+1","Decay","bronze:Backtrace","bronze:Separator+1","bronze:Philosophize+1","bronze:Boost+1"],"relics":["bronze:BronzeCore","Nunchaku"],"acts_visited":["Exordium"],"potions_floor_usage":[],"damage_taken":[{"damage":0,"enemies":"Cultist","floor":2,"turns":2},{"damage":0,"enemies":"2 Louse","floor":3,"turns":2},{"damage":3,"enemies":"Small Slimes","floor":5,"turns":2},{"damage":5,"enemies":"Exordium Thugs","floor":6,"turns":2},{"damage":8,"enemies":"Red Slaver","floor":9,"turns":2},{"damage":0,"enemies":"Blue Slaver","floor":11,"turns":1},{"damage":19,"enemies":"Lagavulin","floor":13,"turns":3}],"seed_played":"-2715218676291699208","potions_obtained":[{"floor":5,"key":"Guardian:BlockOnCardUsePotion"},{"floor":11,"key":"AttackPotion"}],"is_trial":false,"path_per_floor":["R","M","M","?","M","M","T","R","M","R","M","R","E"],"character_chosen":"THE_AUTOMATON","items_purchased":[],"campfire_rested":0,"item_purchase_floors":[],"current_hp_per_floor":[63,63,63,63,60,55,55,55,47,47,47,47,28,28,28],"gold":209,"neow_bonus":"TRANSFORM_TWO_CARDS","is_daily":false,"chose_seed":false,"campfire_upgraded":4,"win_rate":0.0,"timestamp":1611429761,"path_taken":["R","M","?","?","?","M","T","R","M","R","M","R","E"],"items_purchased_type":[],"build_version":"2020-12-22","purchased_purges":0,"victory":false,"max_hp_per_floor":[63,63,63,63,63,63,63,63,63,63,63,63,63,63,63],"relic_stats":{"Nunchaku":[1],"counters":[7,14],"obtain_stats":[{"Nunchaku":7,"bronze:BronzeCore":0},{"Nunchaku":4,"bronze:BronzeCore":0},{"Nunchaku":8,"bronze:BronzeCore":0}]},"card_choices":[{"not_picked":["bronze:Allocate","bronze:Return"],"picked":"bronze:FineTuning","floor":2},{"not_picked":["bronze:Invalidate","bronze:Overheat","bronze:ForceShield"],"picked":"SKIP","floor":3},{"not_picked":["bronze:CutThrough","bronze:Repulsor"],"picked":"bronze:Backtrace","floor":5},{"not_picked":["bronze:CutThrough","bronze:Branch"],"picked":"bronze:Separator","floor":6},{"not_picked":["bronze:Separator","bronze:CutThrough"],"picked":"bronze:Philosophize","floor":9},{"not_picked":["bronze:Optimize","bronze:Separator"],"picked":"bronze:Boost","floor":11}],"player_experience":1492486,"relics_obtained":[{"floor":7,"key":"Nunchaku"}],"event_choices":[],"is_beta":false,"boss_relics":[],"items_purged_floors":[],"is_endless":false,"potions_floor_spawned":[5,11],"killed_by":"Lagavulin","ascension_level":1}}