{"host":"vex7walpoxzv48nx","time":1611362723,"event":{"mods":["BaseMod","Bestiary","Minty Spire (QoL Compilation)","Permanent Neow","Quick Restart","Relic Stats"],"gold_per_floor":[115,21,38,113,113,138,138,148,194,222,239,251,265,299,299,400,400,416,416,35,49,49,49],"floor_reached":22,"language":"ENG","playtime":1518,"items_purged":["Strike_B"],"score":266,"play_id":"9bb757f5-5b51-4d93-8b5e-6768cdede3d0","local_time":"20210123014523","is_ascension_mode":true,"campfire_choices":[{"data":"Zap","floor":7.0,"key":"SMITH"},{"data":"Coolheaded","floor":15.0,"key":"SMITH"}],"circlet_count":0,"master_deck":["Strike_B","Strike_B","Strike_B","Defend_B","Defend_B","Defend_B","Defend_B","Zap+1","Dualcast","Self Repair+1","Capacitor","Hologram","Ball Lightning","Cold Snap","Streamline","Coolheaded+1","Coolheaded","Go for the Eyes","Barrage","Core Surge","Core Surge","Melter","Capacitor"],"relics":["Cracked Core","NeowsBlessing","Smiling Mask","Centennial Puzzle","Gambling Chip","Blood Vial","Sozu","Frozen Eye","Lantern"],"acts_visited":["Exordium","TheCity"],"potions_floor_usage":[],"damage_taken":[{"damage":0.0,"enemies":"Jaw Worm","floor":1.0,"turns":1.0},{"damage":0.0,"enemies":"Small Slimes","floor":3.0,"turns":1.0},{"damage":0.0,"enemies":"Lagavulin","floor":6.0,"turns":1.0},{"damage":4.0,"enemies":"Cultist","floor":8.0,"turns":4.0},{"damage":18.0,"enemies":"Gremlin Nob","floor":10.0,"turns":3.0},{"damage":1.0,"enemies":"Exordium Wildlife","floor":11.0,"turns":4.0},{"damage":9.0,"enemies":"Looter","floor":12.0,"turns":3.0},{"damage":8.0,"enemies":"Lots of Slimes","floor":13.0,"turns":4.0},{"damage":19.0,"enemies":"Lagavulin","floor":14.0,"turns":7.0},{"damage":30.0,"enemies":"Hexaghost","floor":16.0,"turns":10.0},{"damage":6.0,"enemies":"Spheric Guardian","floor":18.0,"turns":3.0},{"damage":9.0,"enemies":"3 Byrds","floor":21.0,"turns":5.0},{"damage":0,"enemies":"Shelled Parasite and Fungi","floor":22,"turns":1}],"seed_played":"6365500589853949637","potions_obtained":[{"floor":1.0,"key":"GamblersBrew"},{"floor":10.0,"key":"SteroidPotion"},{"floor":11.0,"key":"Weak Potion"},{"floor":13.0,"key":"GamblersBrew"},{"floor":16.0,"key":"SpeedPotion"}],"is_trial":false,"path_per_floor":["M","$","M","?","?","E","R","M","T","E","M","M","M","E","R","B",null,"M","?","$","M","M"],"character_chosen":"DEFECT","items_purchased":["Capacitor","Hologram","Frozen Eye","Lantern","Melter"],"campfire_rested":0,"item_purchase_floors":[2,2,20,20,20],"current_hp_per_floor":[75,75,75,64,64,64,64,70,70,62,71,72,64,55,55,37,75,75,75,75,75,75,75],"gold":49,"neow_bonus":"THREE_ENEMY_KILL","is_daily":false,"chose_seed":false,"campfire_upgraded":2,"win_rate":0.0,"timestamp":1611362723,"path_taken":["M","$","M","?","?","E","R","M","T","E","M","M","M","E","R","BOSS","M","?","$","M","M"],"items_purchased_type":["Card","Card","Relic","Relic","Card"],"build_version":"2020-12-22","purchased_purges":1,"victory":false,"max_hp_per_floor":[75,75,75,75,75,75,75,75,75,75,75,75,75,75,75,75,75,75,75,75,75,75,75],"relic_stats":{"Blood Vial":2,"Sozu":1,"Centennial Puzzle":[24],"counters":[13,47],"Gambling Chip":[15],"Smiling Mask":25,"obtain_stats":[{"Blood Vial":14,"Sozu":17,"Frozen Eye":20,"Centennial Puzzle":9,"Lantern":20,"NeowsBlessing":0,"Gambling Chip":10,"Cracked Core":0,"Smiling Mask":6},{"Blood Vial":9,"Sozu":10,"Frozen Eye":11,"Centennial Puzzle":4,"Lantern":11,"NeowsBlessing":0,"Gambling Chip":5,"Cracked Core":0,"Smiling Mask":3},{"Blood Vial":28,"Sozu":38,"Frozen Eye":41,"Centennial Puzzle":7,"Lantern":41,"NeowsBlessing":0,"Gambling Chip":10,"Cracked Core":0,"Smiling Mask":3}]},"card_choices":[{"not_picked":["Sweeping Beam","Turbo"],"picked":"Self Repair","floor":1.0},{"not_picked":["Steam","Turbo"],"picked":"Ball Lightning","floor":3.0},{"not_picked":["Rip and Tear","Stack"],"picked":"Cold Snap","floor":6.0},{"not_picked":["Turbo","Darkness"],"picked":"Streamline","floor":8.0},{"not_picked":["Reprogram","Thunder Strike"],"picked":"Coolheaded","floor":10.0},{"not_picked":["Rebound","Streamline","Reprogram"],"picked":"SKIP","floor":11.0},{"not_picked":["Rebound","Streamline","Reprogram"],"picked":"SKIP","floor":11.0},{"not_picked":["Turbo","Chaos"],"picked":"Coolheaded","floor":12.0},{"not_picked":["Cold Snap","Sweeping Beam"],"picked":"Go for the Eyes","floor":13.0},{"not_picked":["Gash","Beam Cell"],"picked":"Barrage","floor":14.0},{"not_picked":["Hyperbeam","Multi-Cast"],"picked":"Core Surge","floor":16.0},{"not_picked":["Go for the Eyes","Lockon","Beam Cell"],"picked":"SKIP","floor":18.0},{"not_picked":["Reinforced Body","Redo+1"],"picked":"Capacitor","floor":21.0}],"player_experience":191618,"relics_obtained":[{"floor":6.0,"key":"Smiling Mask"},{"floor":9.0,"key":"Centennial Puzzle"},{"floor":10.0,"key":"Gambling Chip"},{"floor":14.0,"key":"Blood Vial"}],"event_choices":[{"damage_healed":0.0,"max_hp_gain":0.0,"max_hp_loss":0.0,"gold_gain":75.0,"event_name":"World of Goop","player_choice":"Gather Gold","floor":4.0,"gold_loss":0.0,"damage_taken":11.0},{"damage_healed":0.0,"max_hp_gain":0.0,"max_hp_loss":0.0,"gold_gain":0.0,"event_name":"Living Wall","player_choice":"Grow","floor":5.0,"gold_loss":0.0,"damage_taken":0.0,"cards_upgraded":["Self Repair"]},{"damage_healed":0.0,"max_hp_gain":0.0,"max_hp_loss":0.0,"gold_gain":0.0,"event_name":"Duplicator","player_choice":"Copied","floor":19.0,"gold_loss":0.0,"damage_taken":0.0,"cards_obtained":["Core Surge"]}],"is_beta":false,"boss_relics":[{"not_picked":["Ectoplasm","SacredBark"],"picked":"Sozu"}],"items_purged_floors":[20],"is_endless":false,"potions_floor_spawned":[1,10,11,13,16,18],"killed_by":"Shelled Parasite and Fungi","ascension_level":3}}