{"host":"22ezjknwheybwqtz","time":1611385324,"event":{"mods":["BaseMod","Minty Spire (QoL Compilation)","Replay The Spire","Shop Mod","StSLib"],"gold_per_floor":[115,125,75,86,101,128,128,140,140,415,110,123,123,140,140,241,241,258,145,145,163,179,179,210,210,210],"floor_reached":25,"language":"ENG","playtime":1717,"items_purged":["Regret","Regret"],"score":236,"play_id":"af794253-be46-460b-9217-6a494c4a1590","local_time":"20210123150204","is_ascension_mode":true,"campfire_choices":[{"floor":7.0,"key":"REST"},{"floor":13.0,"key":"REST"},{"floor":15.0,"key":"REST"},{"floor":23,"key":"REST"}],"circlet_count":1,"master_deck":["Strike_G","Strike_G","Strike_G","Defend_G","Defend_G","Defend_G","Defend_G","Survivor","Neutralize","Strike_R","Defend_R","Venomology","Poisoned Stab","Heel Hook","Backflip","Madness","Dagger Throw","Crippling Poison","Infinite Blades","Swivel","Machine Learning","ReplayTheSpireMod:Scrap Shanks","Eviscerate","Prepared","Burst","Go for the Eyes"],"relics":["Ring of the Snake","Circlet","Mummified Hand","PrismaticShard","Empty Cage","Nloth\u0027s Gift","Replay:Baseball"],"acts_visited":["TheCity"],"potions_floor_usage":[21,24,24,24,25,25],"damage_taken":[{"damage":9.0,"enemies":"Cultist","floor":1.0,"turns":5.0},{"damage":7.0,"enemies":"2 Louse","floor":2.0,"turns":3.0},{"damage":18.0,"enemies":"Jaw Worm","floor":4.0,"turns":4.0},{"damage":10.0,"enemies":"Looter","floor":5.0,"turns":3.0},{"damage":23.0,"enemies":"3 Sentries","floor":6.0,"turns":8.0},{"damage":21.0,"enemies":"3 Louse","floor":8.0,"turns":5.0},{"damage":0.0,"enemies":"Large Slime","floor":12.0,"turns":4.0},{"damage":0.0,"enemies":"2 Fungi Beasts","floor":14.0,"turns":3.0},{"damage":31.0,"enemies":"The Guardian","floor":16.0,"turns":14.0},{"damage":34,"enemies":"3 Byrds","floor":18,"turns":7},{"damage":18,"enemies":"Shell Parasite","floor":21,"turns":6},{"damage":33,"enemies":"Shelled Parasite and Fungi","floor":22,"turns":7},{"damage":35,"enemies":"Book of Stabbing","floor":24,"turns":6},{"damage":2,"enemies":"Centurion and Healer","floor":25,"turns":2}],"seed_played":"-1361109571856421415","potions_obtained":[{"floor":5.0,"key":"Languid Potion"},{"floor":6.0,"key":"Fruit Juice"},{"floor":8.0,"key":"GamblersBrew"},{"floor":18,"key":"Dexterity Potion"},{"floor":22,"key":"SteroidPotion"},{"floor":24,"key":"Dexterity Potion"}],"is_trial":false,"path_per_floor":["M","M","?","M","M","E","R","M","T","?","$","M","R","M","R","B",null,"M","$","?","M","M","R","E","M"],"character_chosen":"THE_SILENT","items_purchased":["Infinite Blades","PrismaticShard","ReplayTheSpireMod:CursedCoin","ReplayTheSpireMod:Scrap Shanks","Eviscerate","Prepared"],"campfire_rested":4,"item_purchase_floors":[11,11,19,19,19,19],"current_hp_per_floor":[61,54,54,36,26,8,30,9,9,9,9,9,31,31,53,22,75,41,41,41,23,14,36,1,0,0],"gold":210,"neow_bonus":"THREE_RARE_CARDS","is_daily":false,"chose_seed":false,"campfire_upgraded":0,"win_rate":0.0,"timestamp":1611385324,"path_taken":["M","?","?","M","M","E","R","M","T","?","$","M","R","?","R","BOSS","M","$","?","M","?","R","E","M"],"items_purchased_type":["Card","Relic","Relic","Card","Card","Card"],"build_version":"2020-12-22","purchased_purges":2,"victory":false,"max_hp_per_floor":[70,70,70,70,70,75,75,75,75,75,75,75,75,75,75,75,75,75,75,75,75,75,75,75,75,75],"card_choices":[{"not_picked":["ReplayTheSpireMod:Necrosis","Night Terror"],"picked":"Venomology","floor":0.0},{"not_picked":["Acrobatics","Heel Hook"],"picked":"Poisoned Stab","floor":1.0},{"not_picked":["PiercingWail","Expertise"],"picked":"Heel Hook","floor":2.0},{"not_picked":["Riddle With Holes","Flechettes"],"picked":"Backflip","floor":4.0},{"not_picked":["Replay:Poison Smokescreen","All Out Attack"],"picked":"Hidden Blade","floor":5.0},{"not_picked":["Bane","Catalyst"],"picked":"Dagger Throw","floor":6.0},{"not_picked":["Backstab","Slice"],"picked":"Crippling Poison","floor":8.0},{"not_picked":["Nirvana","Blood for Blood"],"picked":"Swivel","floor":12.0},{"not_picked":["Blind","Clothesline","Bane"],"picked":"SKIP","floor":14.0},{"not_picked":["Fiend Fire","Electrodynamics"],"picked":"Machine Learning","floor":16.0},{"not_picked":["Clash","Intimidate","Gash"],"picked":"SKIP","floor":18},{"not_picked":["Sword Boomerang","Blizzard","BowlingBash"],"picked":"SKIP","floor":21},{"not_picked":["Rebound","Deadly Poison"],"picked":"Burst","floor":22},{"not_picked":["Malaise","Crescendo+1"],"picked":"Go for the Eyes","floor":24}],"player_experience":62938,"relics_obtained":[{"floor":6.0,"key":"Counterbalance"},{"floor":9.0,"key":"Mummified Hand"},{"floor":24,"key":"Replay:Baseball"}],"event_choices":[{"cards_removed":["Strike_G"],"damage_healed":0.0,"max_hp_gain":0.0,"max_hp_loss":0.0,"gold_gain":0.0,"event_name":"The Cleric","player_choice":"Card Removal","floor":3.0,"gold_loss":50.0,"damage_taken":0.0},{"damage_healed":0.0,"max_hp_gain":0.0,"max_hp_loss":0.0,"gold_gain":275.0,"event_name":"Golden Shrine","player_choice":"Desecrate","floor":10.0,"gold_loss":0.0,"damage_taken":0.0,"cards_obtained":["Regret"]},{"damage_healed":0,"gold_gain":0,"player_choice":"Traded Relic","damage_taken":0,"relics_obtained":["Nloth\u0027s Gift"],"max_hp_gain":0,"max_hp_loss":0,"event_name":"N\u0027loth","floor":20,"relics_lost":["ReplayTheSpireMod:CursedCoin"],"gold_loss":0}],"is_beta":false,"boss_relics":[{"not_picked":["Philosopher\u0027s Stone","Ring of the Serpent"],"picked":"Empty Cage"}],"items_purged_floors":[11,19],"is_endless":false,"potions_floor_spawned":[5,6,8,18,22,24],"killed_by":"Centurion and Healer","ascension_level":1}}