{"host":"rzkgkvyh4u9ypzaj","time":1611403640,"event":{"mods":["2.2 Compatiblity","AchievementEnabler","BaseMod","BetterRewards","Colored Map","Custom Start","Disable Question Mark Monsters","Highlight Path","Minty Spire (QoL Compilation)","Relic Sorter","Relic Stats"],"gold_per_floor":[116,127,202,220,237,266,266,282,307,307,324,128,161,178,178,283,283,302,302,316,316,316],"floor_reached":21,"language":"ENG","playtime":1003,"items_purged":["Strike_R"],"score":212,"play_id":"6d5a26d3-d736-4bb3-bb21-903bfe8ebfc2","local_time":"20210123120720","is_ascension_mode":true,"campfire_choices":[{"data":"Berserk","floor":7.0,"key":"SMITH"},{"data":"Searing Blow","floor":10.0,"key":"SMITH"},{"data":"Armaments","floor":15.0,"key":"SMITH"}],"circlet_count":0,"master_deck":["Strike_R","Strike_R","Strike_R","Strike_R","Defend_R","Defend_R","Bash","Entrench","Ghostly Armor","Iron Wave","Cleave","Corruption","Metallicize","Berserk+1","Searing Blow+1","Warcry","Armaments+1","Entrench","Inflame","Clash","Barricade","Iron Wave"],"relics":["Burning Blood","Kunai","Happy Flower","Bag of Marbles","Mark of Pain"],"acts_visited":["Exordium","TheCity"],"potions_floor_usage":[18,18],"damage_taken":[{"damage":5.0,"enemies":"2 Louse","floor":1.0,"turns":3.0},{"damage":6.0,"enemies":"Cultist","floor":2.0,"turns":3.0},{"damage":0.0,"enemies":"Small Slimes","floor":4.0,"turns":2.0},{"damage":12.0,"enemies":"Looter","floor":5.0,"turns":3.0},{"damage":20.0,"enemies":"Gremlin Nob","floor":6.0,"turns":5.0},{"damage":5.0,"enemies":"Blue Slaver","floor":8.0,"turns":5.0},{"damage":0.0,"enemies":"Exordium Wildlife","floor":11.0,"turns":4.0},{"damage":5.0,"enemies":"Lagavulin","floor":13.0,"turns":7.0},{"damage":2.0,"enemies":"Looter","floor":14.0,"turns":4.0},{"damage":37.0,"enemies":"Slime Boss","floor":16.0,"turns":6.0},{"damage":37,"enemies":"Chosen","floor":18,"turns":5},{"damage":37,"enemies":"Shell Parasite","floor":20,"turns":6},{"damage":0,"enemies":"Centurion and Healer","floor":21,"turns":1}],"seed_played":"-6924053653848189138","potions_obtained":[{"floor":2.0,"key":"ColorlessPotion"},{"floor":5.0,"key":"Fire Potion"},{"floor":13.0,"key":"BloodPotion"},{"floor":16.0,"key":"AttackPotion"},{"floor":18,"key":"SpeedPotion"}],"is_trial":false,"path_per_floor":["M","M","?","M","M","E","R","M","T","R","M","$","E","M","R","B",null,"M","?","M","M"],"character_chosen":"IRONCLAD","items_purchased":["Armaments","Entrench"],"campfire_rested":0,"item_purchase_floors":[12,12],"current_hp_per_floor":[72,72,65,71,65,51,51,52,52,52,58,58,59,63,63,32,72,55,55,24,24,24],"gold":316,"neow_bonus":"TRANSFORM_TWO_CARDS","is_daily":false,"chose_seed":false,"campfire_upgraded":3,"win_rate":0.0,"timestamp":1611403640,"path_taken":["M","M","?","?","M","E","R","M","T","R","M","$","E","M","R","BOSS","M","?","M","M"],"items_purchased_type":["Card","Card"],"build_version":"2020-12-22","purchased_purges":1,"victory":false,"max_hp_per_floor":[72,72,72,72,72,72,72,72,72,72,72,72,72,72,72,72,72,72,72,72,72,72],"relic_stats":{"Happy Flower":[11],"counters":[13,54],"Kunai":[6],"obtain_stats":[{"Happy Flower":9,"Mark of Pain":17,"Bag of Marbles":13,"Kunai":6,"Burning Blood":0},{"Happy Flower":6,"Mark of Pain":10,"Bag of Marbles":8,"Kunai":5,"Burning Blood":0},{"Happy Flower":21,"Mark of Pain":42,"Bag of Marbles":32,"Kunai":16,"Burning Blood":0}],"Burning Blood":71},"card_choices":[{"not_picked":["True Grit","Seeing Red"],"picked":"Iron Wave","floor":1.0},{"not_picked":["Dark Embrace","Twin Strike"],"picked":"Cleave","floor":2.0},{"not_picked":["Flame Barrier","Thunderclap"],"picked":"Corruption","floor":4.0},{"not_picked":["Dual Wield","Combust"],"picked":"Metallicize","floor":5.0},{"not_picked":["Iron Wave","Sword Boomerang"],"picked":"Berserk","floor":6.0},{"not_picked":["Hemokinesis","Iron Wave"],"picked":"Searing Blow","floor":8.0},{"not_picked":["Pommel Strike","Armaments"],"picked":"Warcry","floor":11.0},{"not_picked":["Berserk","Clothesline"],"picked":"Inflame","floor":13.0},{"not_picked":["Clothesline","Heavy Blade"],"picked":"Clash","floor":14.0},{"not_picked":["Limit Break","Demon Form"],"picked":"Barricade","floor":16.0},{"not_picked":["Anger","Dropkick","Thunderclap"],"picked":"SKIP","floor":18},{"not_picked":["Juggernaut","Anger"],"picked":"Iron Wave","floor":20}],"player_experience":20570,"relics_obtained":[{"floor":6.0,"key":"Kunai"},{"floor":9.0,"key":"Happy Flower"},{"floor":13.0,"key":"Bag of Marbles"}],"event_choices":[{"damage_healed":0.0,"max_hp_gain":0.0,"max_hp_loss":0.0,"gold_gain":75.0,"event_name":"FaceTrader","player_choice":"Touch","floor":3.0,"gold_loss":0.0,"damage_taken":7.0},{"damage_healed":0,"gold_gain":0,"player_choice":"Ignored","damage_taken":0,"max_hp_gain":0,"max_hp_loss":0,"event_name":"Ghosts","floor":19,"gold_loss":0}],"is_beta":false,"boss_relics":[{"not_picked":["Coffee Dripper","Sozu"],"picked":"Mark of Pain"}],"items_purged_floors":[12],"is_endless":false,"potions_floor_spawned":[2,5,13,16,18],"killed_by":"Centurion and Healer","ascension_level":2}}