{"host":"t7mx8yfj1no5p62f","time":1611429031,"event":{"mods":["BaseMod","Bestiary","Colored Map","Colored Powertips","Minty Spire (QoL Compilation)","Relic Stats","StSLib","ojb\u0027s Info Mod"],"gold_per_floor":[116,266,85,98,98,123,123,134,159,171,218,230,261,308,320,410,422,444,473,410,422,452,464,476,476],"floor_reached":24,"language":"ENG","playtime":785,"items_purged":["Doubt"],"score":503,"play_id":"3fc66693-f638-47c8-a0da-0530616f668f","local_time":"20210123141031","is_ascension_mode":true,"campfire_choices":[{"data":"Bludgeon","floor":7.0,"key":"SMITH"},{"data":"Shockwave","floor":10.0,"key":"SMITH"},{"data":"Second Wind","floor":12.0,"key":"SMITH"},{"data":"Armaments","floor":15.0,"key":"SMITH"},{"data":"Feed","floor":23,"key":"SMITH"}],"circlet_count":0,"master_deck":["AscendersBane","Strike_R","Strike_R","Strike_R","Strike_R","Defend_R","Defend_R","Defend_R","Defend_R","Bash","Wild Strike","Shockwave+1","Armaments+1","Second Wind+1","Bludgeon+1","Feed+1","Shrug It Off","Cleave","Impervious","Shrug It Off+1"],"relics":["Burning Blood","NeowsBlessing","Oddly Smooth Stone","MawBank","Anchor","Singing Bowl","Coffee Dripper","Nilry\u0027s Codex"],"acts_visited":["Exordium","TheCity"],"potions_floor_usage":[16,16,24,24],"damage_taken":[{"damage":0.0,"enemies":"Cultist","floor":1.0,"turns":1.0},{"damage":0.0,"enemies":"Small Slimes","floor":4.0,"turns":1.0},{"damage":0.0,"enemies":"Lagavulin","floor":6.0,"turns":1.0},{"damage":3.0,"enemies":"2 Louse","floor":8.0,"turns":3.0},{"damage":8.0,"enemies":"Gremlin Nob","floor":11.0,"turns":3.0},{"damage":24.0,"enemies":"Lots of Slimes","floor":13.0,"turns":5.0},{"damage":22.0,"enemies":"3 Sentries","floor":14.0,"turns":13.0},{"damage":43,"enemies":"Slime Boss","floor":16,"turns":9},{"damage":26,"enemies":"Spheric Guardian","floor":18,"turns":6},{"damage":17,"enemies":"2 Thieves","floor":19,"turns":4},{"damage":11,"enemies":"3 Cultists","floor":22,"turns":6},{"damage":24,"enemies":"Book of Stabbing","floor":24,"turns":7}],"seed_played":"-4300484861979585877","potions_obtained":[{"floor":5.0,"key":"FairyPotion"},{"floor":5.0,"key":"AttackPotion"},{"floor":6.0,"key":"DuplicationPotion"},{"floor":13.0,"key":"Energy Potion"},{"floor":14.0,"key":"DuplicationPotion"},{"floor":19,"key":"DistilledChaos"},{"floor":22,"key":"SteroidPotion"}],"is_trial":false,"path_per_floor":["M","?","$","M","?","E","R","M","T","R","E","R","M","E","R","B",null,"M","M","?","?","M","R","E"],"character_chosen":"IRONCLAD","items_purchased":["Shockwave","Armaments"],"campfire_rested":0,"item_purchase_floors":[3,3],"current_hp_per_floor":[74,74,74,75,75,75,75,75,75,75,73,73,58,45,45,11,66,52,46,46,25,20,20,0,0],"gold":476,"neow_bonus":"THREE_ENEMY_KILL","is_daily":false,"chose_seed":false,"campfire_upgraded":5,"win_rate":0.0,"timestamp":1611429031,"path_taken":["M","?","$","M","?","E","R","M","T","R","E","R","M","E","R","BOSS","M","M","?","?","M","R","E"],"items_purchased_type":["Card","Card"],"build_version":"2020-12-22","purchased_purges":1,"victory":false,"max_hp_per_floor":[75,75,75,75,75,75,75,75,75,75,75,75,78,81,81,84,84,90,95,95,95,95,95,95,95],"relic_stats":{"Singing Bowl":4,"counters":[12,59],"MawBank":180,"obtain_stats":[{"Anchor":11,"NeowsBlessing":0,"Singing Bowl":14,"Nilry\u0027s Codex":21,"Oddly Smooth Stone":6,"Coffee Dripper":17,"MawBank":9,"Burning Blood":0},{"Anchor":5,"NeowsBlessing":0,"Singing Bowl":7,"Nilry\u0027s Codex":10,"Oddly Smooth Stone":3,"Coffee Dripper":8,"MawBank":4,"Burning Blood":0},{"Anchor":9,"NeowsBlessing":0,"Singing Bowl":27,"Nilry\u0027s Codex":46,"Oddly Smooth Stone":3,"Coffee Dripper":36,"MawBank":6,"Burning Blood":0}],"Burning Blood":52},"card_choices":[{"not_picked":["Havoc","Body Slam"],"picked":"Wild Strike","floor":1.0},{"not_picked":["Body Slam","Disarm"],"picked":"Second Wind","floor":4.0},{"not_picked":["Armaments","Perfected Strike"],"picked":"Bludgeon","floor":6.0},{"not_picked":["Armaments","Second Wind","Blood for Blood"],"picked":"SKIP","floor":8.0},{"not_picked":["Armaments","Entrench"],"picked":"Feed","floor":11.0},{"not_picked":["Havoc","Body Slam"],"picked":"Shrug It Off","floor":13.0},{"not_picked":["Seeing Red","Body Slam"],"picked":"Cleave","floor":14.0},{"not_picked":["Offering","Exhume"],"picked":"Impervious","floor":16},{"not_picked":["Clash","Hemokinesis","Anger"],"picked":"Singing Bowl","floor":18},{"not_picked":["Cleave","Sword Boomerang","Warcry"],"picked":"Singing Bowl","floor":19},{"not_picked":["Body Slam","Dual Wield"],"picked":"Shrug It Off+1","floor":22}],"player_experience":1835823,"relics_obtained":[{"floor":6.0,"key":"Oddly Smooth Stone"},{"floor":9.0,"key":"MawBank"},{"floor":11.0,"key":"Anchor"},{"floor":14.0,"key":"Singing Bowl"},{"floor":21,"key":"Nilry\u0027s Codex"}],"event_choices":[{"damage_healed":0.0,"max_hp_gain":0.0,"max_hp_loss":0.0,"gold_gain":150.0,"event_name":"Liars Game","player_choice":"AGREE","floor":2.0,"gold_loss":0.0,"damage_taken":0.0,"cards_obtained":["Doubt"]},{"damage_healed":0.0,"max_hp_gain":0.0,"max_hp_loss":0.0,"gold_gain":0.0,"event_name":"Lab","player_choice":"Got Potions","floor":5.0,"gold_loss":0.0,"damage_taken":0.0},{"cards_removed":["Strike_R"],"damage_healed":0,"gold_gain":0,"player_choice":"Gave Gold","damage_taken":0,"max_hp_gain":0,"max_hp_loss":0,"event_name":"Beggar","floor":20,"gold_loss":75},{"damage_healed":0,"gold_gain":0,"player_choice":"Obtained Book","damage_taken":21,"max_hp_gain":0,"max_hp_loss":0,"event_name":"Cursed Tome","floor":21,"gold_loss":0}],"is_beta":false,"boss_relics":[{"not_picked":["Busted Crown","Pandora\u0027s Box"],"picked":"Coffee Dripper"}],"items_purged_floors":[3],"is_endless":false,"potions_floor_spawned":[6,13,14,19,22],"killed_by":"Book of Stabbing","ascension_level":20}}