{"host":"mp3zbolja7t2zuvr","time":1611440284,"event":{"mods":["AchievementEnabler","BaseMod","Curses Come First","Minty Spire (QoL Compilation)","Permanent Neow","Relic Stats","StSLib","Synergy Search","Uncapped"],"gold_per_floor":[113,130,149,164,178,208,208,228,280,315,331,76,90,119,119,217,217,231,231,245,90,107,107,133,133,133,146,180,200,226,126,126,226,226,242,262,316,334,3,30,30,56,56,56,68,68,68,68,68,68],"floor_reached":51,"language":"ENG","playtime":3860,"items_purged":["Strike_B","Strike_B","Strike_B"],"score":1200,"play_id":"aab97a4b-5ad0-46e4-ad8d-766120606654","local_time":"20210123171804","is_ascension_mode":true,"campfire_choices":[{"data":"Cold Snap","floor":7.0,"key":"SMITH"},{"data":"Coolheaded","floor":15,"key":"SMITH"},{"data":"Self Repair","floor":23,"key":"SMITH"},{"data":"Force Field","floor":25,"key":"SMITH"},{"data":"Creative AI","floor":32,"key":"SMITH"},{"data":"Buffer","floor":41,"key":"SMITH"},{"data":"Echo Form","floor":47,"key":"SMITH"},{"data":"Echo Form","floor":49,"key":"SMITH"}],"circlet_count":0,"master_deck":["Strike_B","Defend_B","Defend_B","Defend_B","Zap","Dualcast","Cold Snap+1","Sweeping Beam","Echo Form+1","Heatsinks","Self Repair+1","Force Field+1","Coolheaded+1","Panache","Creative AI+1","Conserve Battery","Fusion","Buffer+1","Coolheaded+1","Loop+1","Echo Form+1","Glacier+1"],"relics":["Snecko Eye","White Beast Statue","Strawberry","Juzu Bracelet","Bottled Lightning","Coffee Dripper","OrangePellets","Akabeko","Shuriken","InkBottle","Eternal Feather","Nuclear Battery","Unceasing Top","DollysMirror","Molten Egg 2","Question Card"],"acts_visited":["Exordium","TheCity","TheBeyond"],"potions_floor_usage":[24,27,28,29,30,35,36,37,38],"damage_taken":[{"damage":0.0,"enemies":"Jaw Worm","floor":1.0,"turns":4.0},{"damage":3.0,"enemies":"2 Louse","floor":2.0,"turns":5.0},{"damage":0.0,"enemies":"Small Slimes","floor":3.0,"turns":3.0},{"damage":4.0,"enemies":"Exordium Thugs","floor":4.0,"turns":5.0},{"damage":0.0,"enemies":"Looter","floor":5.0,"turns":4.0},{"damage":2.0,"enemies":"Lagavulin","floor":6.0,"turns":7.0},{"damage":0.0,"enemies":"3 Louse","floor":8.0,"turns":3.0},{"damage":0.0,"enemies":"3 Sentries","floor":10.0,"turns":7.0},{"damage":11.0,"enemies":"Large Slime","floor":11.0,"turns":6.0},{"damage":40.0,"enemies":"Lots of Slimes","floor":13.0,"turns":8.0},{"damage":32.0,"enemies":"Gremlin Nob","floor":14.0,"turns":5.0},{"damage":23,"enemies":"The Guardian","floor":16,"turns":13},{"damage":13,"enemies":"Spheric Guardian","floor":18,"turns":6},{"damage":5,"enemies":"Chosen","floor":20,"turns":6},{"damage":25,"enemies":"Snake Plant","floor":22,"turns":6},{"damage":14,"enemies":"Gremlin Leader","floor":24,"turns":7},{"damage":12,"enemies":"Chosen and Byrds","floor":27,"turns":7},{"damage":0,"enemies":"Book of Stabbing","floor":28,"turns":5},{"damage":44,"enemies":"3 Cultists","floor":29,"turns":6},{"damage":43,"enemies":"Gremlin Leader","floor":30,"turns":7},{"damage":5,"enemies":"Champ","floor":33,"turns":11},{"damage":0,"enemies":"3 Darklings","floor":35,"turns":5},{"damage":0,"enemies":"Orb Walker","floor":36,"turns":5},{"damage":102,"enemies":"2 Orb Walkers","floor":37,"turns":7},{"damage":20,"enemies":"Writhing Mass","floor":38,"turns":9},{"damage":0,"enemies":"Reptomancer","floor":40,"turns":5},{"damage":0,"enemies":"Nemesis","floor":42,"turns":9},{"damage":0,"enemies":"3 Darklings","floor":45,"turns":4},{"damage":9,"enemies":"Time Eater","floor":50,"turns":12}],"seed_played":"3201282644175935787","potions_obtained":[{"floor":2.0,"key":"SneckoOil"},{"floor":5.0,"key":"ColorlessPotion"},{"floor":8.0,"key":"EssenceOfSteel"},{"floor":10.0,"key":"Ancient Potion"},{"floor":11.0,"key":"FairyPotion"},{"floor":13.0,"key":"Fruit Juice"},{"floor":14,"key":"LiquidBronze"},{"floor":20,"key":"DuplicationPotion"},{"floor":22,"key":"Regen Potion"},{"floor":24,"key":"SpeedPotion"},{"floor":27,"key":"Energy Potion"},{"floor":28,"key":"AttackPotion"},{"floor":29,"key":"Weak Potion"},{"floor":30,"key":"DistilledChaos"},{"floor":35,"key":"SkillPotion"},{"floor":36,"key":"DistilledChaos"},{"floor":37,"key":"LiquidMemories"},{"floor":38,"key":"Strength Potion"},{"floor":45,"key":"Block Potion"}],"is_trial":false,"path_per_floor":["M","M","M","M","M","E","R","M","T","E","M","$","M","E","R","B",null,"M","?","M","$","M","R","E","R","T","M","E","M","E","$","R","B",null,"M","M","?","M","$","E","R","E","T","?","M","$","R","?","R","B",null],"character_chosen":"DEFECT","items_purchased":["Panache","OrangePellets","DollysMirror","Block Potion"],"campfire_rested":0,"item_purchase_floors":[12,21,39,39],"current_hp_per_floor":[68,65,65,61,61,59,59,73,80,82,82,82,61,36,36,27,72,73,56,65,65,54,54,75,75,75,83,92,68,45,45,54,59,84,92,92,47,47,47,57,69,89,89,89,92,92,92,92,92,92],"gold":68,"neow_bonus":"BOSS_RELIC","is_daily":false,"chose_seed":false,"campfire_upgraded":8,"win_rate":0.0,"timestamp":1611440284,"path_taken":["M","M","M","M","M","E","R","M","T","E","M","$","M","E","R","BOSS","M","?","M","$","M","R","E","R","T","M","E","M","E","$","R","BOSS","M","M","?","M","$","E","R","E","T","?","M","$","R","?","R","BOSS"],"items_purchased_type":["Card","Relic","Relic","Potion"],"build_version":"2020-12-22","purchased_purges":3,"victory":true,"max_hp_per_floor":[75,75,75,75,75,75,75,75,82,82,82,82,87,87,87,87,87,87,92,92,92,92,92,92,92,92,92,92,92,92,92,92,92,92,92,92,92,92,92,92,92,92,92,92,92,92,92,92,92,92],"relic_stats":{"OrangePellets":[48],"counters":[29,187],"Shuriken":[17],"Snecko Eye":[209,231,218,204],"Eternal Feather":21,"Juzu Bracelet":1,"Question Card":1,"obtain_stats":[{"Eternal Feather":30,"Juzu Bracelet":10,"Question Card":42,"White Beast Statue":6,"Akabeko":24,"Nuclear Battery":34,"OrangePellets":21,"Shuriken":26,"DollysMirror":39,"Strawberry":9,"Snecko Eye":0,"Molten Egg 2":40,"Coffee Dripper":17,"Bottled Lightning":14,"Cracked Core":0,"InkBottle":28,"Unceasing Top":37},{"Eternal Feather":20,"Juzu Bracelet":8,"Question Card":27,"White Beast Statue":6,"Akabeko":16,"Nuclear Battery":21,"OrangePellets":14,"Shuriken":16,"DollysMirror":25,"Strawberry":7,"Snecko Eye":0,"Molten Egg 2":26,"Coffee Dripper":12,"Bottled Lightning":11,"Cracked Core":0,"InkBottle":18,"Unceasing Top":24},{"Eternal Feather":120,"Juzu Bracelet":38,"Question Card":171,"White Beast Statue":28,"Akabeko":95,"Nuclear Battery":131,"OrangePellets":82,"Shuriken":95,"DollysMirror":157,"Strawberry":31,"Snecko Eye":0,"Molten Egg 2":162,"Coffee Dripper":70,"Bottled Lightning":57,"Cracked Core":0,"InkBottle":107,"Unceasing Top":148}],"InkBottle":[45],"Unceasing Top":[0]},"card_choices":[{"not_picked":["Streamline","Conserve Battery"],"picked":"Cold Snap","floor":1.0},{"not_picked":["Redo","Auto Shields"],"picked":"Sweeping Beam","floor":2.0},{"not_picked":["Steam","Cold Snap"],"picked":"Echo Form","floor":3.0},{"not_picked":["Coolheaded","Ball Lightning"],"picked":"Heatsinks","floor":4.0},{"not_picked":["Hologram","Compile Driver","Barrage"],"picked":"SKIP","floor":5.0},{"not_picked":["Leap","Multi-Cast"],"picked":"Self Repair","floor":6.0},{"not_picked":["Barrage","Blizzard"],"picked":"Force Field","floor":8.0},{"not_picked":["Hyperbeam","Barrage"],"picked":"Coolheaded","floor":10.0},{"not_picked":["Auto Shields","Stack","Tempest"],"picked":"SKIP","floor":11.0},{"not_picked":["Cold Snap","Steam","Static Discharge"],"picked":"SKIP","floor":13.0},{"not_picked":["Reprogram","Double Energy","Hologram"],"picked":"SKIP","floor":14},{"not_picked":["Hyperbeam","All For One"],"picked":"Creative AI","floor":16},{"not_picked":["Coolheaded","Rebound","Darkness"],"picked":"SKIP","floor":18},{"not_picked":["Steam","Chill","Streamline"],"picked":"SKIP","floor":20},{"not_picked":["Hologram+1","Sweeping Beam+1"],"picked":"Conserve Battery","floor":22},{"not_picked":["Skim","Go for the Eyes","Steam Power"],"picked":"SKIP","floor":24},{"not_picked":["Steam Power","Multi-Cast","Hologram+1"],"picked":"SKIP","floor":27},{"not_picked":["Beam Cell","Sweeping Beam"],"picked":"Fusion","floor":28},{"not_picked":["Compile Driver","Barrage","Stack"],"picked":"SKIP","floor":29},{"not_picked":["Redo","Rebound","Turbo"],"picked":"SKIP","floor":30},{"not_picked":["Fission","Machine Learning"],"picked":"Buffer","floor":33},{"not_picked":["Compile Driver+1","Storm"],"picked":"Coolheaded+1","floor":35},{"not_picked":["Beam Cell","Auto Shields","Turbo+1"],"picked":"SKIP","floor":36},{"not_picked":["Conserve Battery+1","Chaos+1"],"picked":"Loop+1","floor":38},{"not_picked":["Conserve Battery","Auto Shields+1","Loop"],"picked":"SKIP","floor":40},{"not_picked":["Reboot","Hello World+1","Go for the Eyes+1"],"picked":"SKIP","floor":42},{"not_picked":["Darkness+1","Blizzard+1","Gash+1"],"picked":"Glacier+1","floor":45}],"player_experience":117623,"relics_obtained":[{"floor":6.0,"key":"White Beast Statue"},{"floor":9.0,"key":"Strawberry"},{"floor":10.0,"key":"Juzu Bracelet"},{"floor":14,"key":"Bottled Lightning"},{"floor":24,"key":"Akabeko"},{"floor":26,"key":"Shuriken"},{"floor":28,"key":"InkBottle"},{"floor":30,"key":"Eternal Feather"},{"floor":37,"key":"Unceasing Top"},{"floor":40,"key":"Molten Egg 2"},{"floor":42,"key":"Question Card"}],"event_choices":[{"damage_healed":0,"gold_gain":0,"player_choice":"Shed Blood","damage_taken":22,"max_hp_gain":5,"max_hp_loss":0,"event_name":"Forgotten Altar","floor":19,"gold_loss":0},{"damage_healed":0,"gold_gain":0,"player_choice":"Fight","damage_taken":0,"max_hp_gain":0,"max_hp_loss":0,"event_name":"Mysterious Sphere","floor":37,"gold_loss":0},{"damage_healed":0,"gold_gain":0,"player_choice":"Ignored","damage_taken":0,"max_hp_gain":0,"max_hp_loss":0,"event_name":"SecretPortal","floor":44,"gold_loss":0},{"cards_removed":["Defend_B"],"damage_healed":0,"gold_gain":0,"player_choice":"Removed Skill","damage_taken":0,"max_hp_gain":0,"max_hp_loss":0,"event_name":"Falling","floor":48,"gold_loss":0}],"is_beta":false,"boss_relics":[{"not_picked":["Black Star","Calling Bell"],"picked":"Coffee Dripper"},{"not_picked":["SlaversCollar","Runic Pyramid"],"picked":"Nuclear Battery"}],"items_purged_floors":[12,31,39],"is_endless":false,"potions_floor_spawned":[2,5,8,10,11,13,14,16,18,20,22,24,27,28,29,30,33,35,36,37,38,40,42,45],"ascension_level":8}}