{"host":"6jrnojxwearbrjzo","time":1611416211,"event":{"mods":["BaseMod","Conspire","Downfall","Highlight Path","Marisa（F雨　魔理沙）","Minty Spire (QoL Compilation)","MostiFishMod","Quick Restart","Random Character Button","Shop Mod","Spicy Shops","StSLib","The Construct","The Servant 0.9.4","Yuyuko","[功能]功能增强和修复MOD","vexMod"],"gold_per_floor":[116,116,3,3,22,22,53,53,103,132,132,155,173,22,22,117,117,137,106,646,646,561,561,589,589,612,612,691,54,91,121,121,231,231,242,13,63,63,142,170,170,110,162,162,210,263,263,281,281,281],"floor_reached":51,"language":"ZHS","playtime":1412,"items_purged":["Defend_G","Strike_G","conspire:GhostlyStrike","conspire:GhostlyDefend","conspire:GhostlyDefend","conspire:GhostlyStrike","conspire:GhostlyStrike","Quick Slash","Slice","MostiFishMod:PerfectParry","Backstab","HandOfGreedLower","Noxious Fumes","Outmaneuver","Underhanded Strike","Cloak And Dagger","Clumsy","Normality"],"score":1713,"play_id":"a1913b45-9e2c-4844-a9cc-5bb75ad3cec6","local_time":"20210123233651","is_ascension_mode":true,"campfire_choices":[{"data":"Cloak And Dagger","floor":6,"key":"SMITH"},{"data":"Neutralize","floor":15,"key":"SMITH"},{"floor":23,"key":"REST"},{"floor":32,"key":"REST"},{"data":"Wraith Form v2+1","floor":44,"key":"SMITH"},{"data":"Wraith Form v2+2","floor":47,"key":"SMITH"},{"data":"Wraith Form v2+3","floor":49,"key":"SMITH"}],"circlet_count":0,"master_deck":["Survivor+1","MostiFishMod:FrostNova+1","MostiFishMod:WinterMarkForm+1","Cloak And Dagger+1","MostiFishMod:GrandStart+1","Venomology+1","Wraith Form v2+4"],"relics":["DaveBox","BrkXgEgg","FrostBlade","SynthV:TestCard","SynthV","Akabeko","Lantern","conspire:DecoderRing","Tiny Chest","Gremlin Horn","PreservedInsect","conspire:Boomerang","ShadowXiaoBlade","Vajra","The Courier","Oddly Smooth Stone","vexMod:InvisibilityCloak","Blood Vial","InkBottle","Membership Card","Lizard Tail","conspire:Flyswatter","TungstenRod","White Beast Statue","OrangePellets","Pen Nib","Mummified Hand","Letter Opener","CeramicFish","MerchantsRug","FeatherPendant","Bronze Scales","Dodecahedron","DaCapo","Frozen Eye","WingedGreaves","Bag of Marbles","MostiFishMod:Haymaker","Bag of Preparation","Bottled Lightning","Anchor","HornCleat","DianDianMeat","Pantograph","Dead Branch","conspire:InfiniteJournal","HandDrill","Omamori","Art of War","CombinedTypeHook","vexMod:BarristanHead"],"acts_visited":["Exordium","TheCity","TheBeyond"],"potions_floor_usage":[16,16,33],"damage_taken":[{"damage":0,"enemies":"2 Louse","floor":1,"turns":3},{"damage":0,"enemies":"Small Slimes","floor":5,"turns":2},{"damage":0,"enemies":"3 Sentries","floor":7,"turns":2},{"damage":0,"enemies":"Gremlin Nob","floor":10,"turns":2},{"damage":0,"enemies":"Cultist","floor":13,"turns":1},{"damage":0,"enemies":"The Guardian","floor":16,"turns":1},{"damage":0,"enemies":"Spheric Guardian","floor":18,"turns":1},{"damage":0,"enemies":"Gremlin Leader","floor":24,"turns":1},{"damage":0,"enemies":"2 Thieves","floor":30,"turns":1},{"damage":0,"enemies":"Book of Stabbing","floor":31,"turns":1},{"damage":0,"enemies":"Champ","floor":33,"turns":2},{"damage":0,"enemies":"3 Darklings","floor":35,"turns":1},{"damage":0,"enemies":"Mind Bloom Boss Battle","floor":37,"turns":1},{"damage":0,"enemies":"Reptomancer","floor":40,"turns":1},{"damage":0,"enemies":"2 Orb Walkers","floor":45,"turns":1},{"damage":0,"enemies":"Orb Walker","floor":48,"turns":1},{"damage":0,"enemies":"Time Eater","floor":50,"turns":1}],"seed_played":"-4698676637032573561","potions_obtained":[{"floor":1,"key":"Energy Potion"},{"floor":1,"key":"AttackPotion"},{"floor":5,"key":"champ:CounterPotion"},{"floor":10,"key":"CunningPotion"},{"floor":16,"key":"Guardian:BlockOnCardUsePotion"},{"floor":24,"key":"DuplicationPotion"},{"floor":27,"key":"CultistPotion"},{"floor":30,"key":"DuplicationPotion"},{"floor":30,"key":"AttackPotion"},{"floor":30,"key":"Slimebound:ThreeZeroPotion"},{"floor":33,"key":"DuplicationPotion"},{"floor":37,"key":"Swift Potion"},{"floor":40,"key":"Swift Potion"},{"floor":40,"key":"EssenceOfSteel"},{"floor":45,"key":"Fire Potion"},{"floor":48,"key":"conspire:TimeTravelPotion"}],"is_trial":false,"path_per_floor":["M","?","$","?","M","R","E","?","T","E","?","T","M","$","R","B",null,"M","$","?","T","?","R","E","?","T","?","T","$","M","E","R","B",null,"M","$","?","?","T","E","?","$","T","R","?","T","R","M","R","B",null],"character_chosen":"THE_SILENT","items_purchased":["SynthV","War Paint","Cloak And Dagger","Akabeko","Gremlin Horn","PreservedInsect","conspire:Boomerang","Vajra","Membership Card","Potion Belt","Lizard Tail","conspire:Flyswatter","TungstenRod","White Beast Statue","OrangePellets","conspire:TopHat","Pen Nib","Mummified Hand","Letter Opener","CeramicFish","Quick Slash","Slice","MostiFishMod:PerfectParry","Noxious Fumes","MerchantsRug","Bronze Scales","Outmaneuver","Cloak And Dagger","Underhanded Strike","Dodecahedron","EntropicBrew","DaCapo","Frozen Eye","WingedGreaves","Bag of Marbles","MostiFishMod:Haymaker","Bag of Preparation","Bottled Lightning","Anchor","SteroidPotion","Explosive Potion","EssenceOfSteel","HornCleat","conspire:InfiniteJournal","HandDrill","Omamori"],"campfire_rested":2,"item_purchase_floors":[3,3,3,3,14,14,14,19,29,29,29,29,29,29,29,29,29,29,29,29,29,29,29,29,29,36,36,36,36,36,36,36,36,36,36,36,36,36,36,36,36,36,36,42,42,42],"current_hp_per_floor":[63,56,56,56,56,56,63,70,70,70,70,70,70,70,70,70,75,76,76,19,19,19,42,42,42,42,42,42,42,44,46,69,71,76,77,77,77,77,77,77,77,78,78,78,78,78,78,78,78,78],"gold":281,"neow_bonus":"BOSS_RELIC","is_daily":false,"chose_seed":false,"campfire_upgraded":5,"win_rate":0.0,"timestamp":1611416211,"path_taken":["M","?","$","?","?","R","E","?","T","E","?","?","?","?","R","BOSS","M","$","?","?","?","R","E","?","T","?","?","$","?","E","R","BOSS","M","$","?","?","?","E","?","?","T","R","?","?","R","?","R","BOSS"],"items_purchased_type":["Relic","Relic","Card","Relic","Relic","Relic","Relic","Relic","Relic","Relic","Relic","Relic","Relic","Relic","Relic","Relic","Relic","Relic","Relic","Relic","Card","Card","Card","Card","Relic","Relic","Card","Card","Card","Relic","Potion","Relic","Relic","Relic","Relic","Relic","Relic","Relic","Relic","Potion","Potion","Potion","Relic","Relic","Relic","Relic"],"build_version":"2020-12-22","purchased_purges":18,"victory":true,"max_hp_per_floor":[70,70,70,70,70,70,77,77,77,77,77,77,77,77,77,77,77,77,77,77,77,77,77,77,77,77,77,77,77,77,77,77,77,77,77,77,77,77,77,77,77,78,78,78,78,78,78,78,78,78],"card_choices":[{"not_picked":["Masterful Stab","Deflect","Flechettes"],"picked":"SKIP","floor":1},{"not_picked":["Flying Knee","Infinite Blades","Setup","Dodge and Roll","Flechettes"],"picked":"SKIP","floor":5},{"not_picked":["Flechettes","Backflip","Poisoned Stab","Blade Dance","Catalyst"],"picked":"SKIP","floor":7},{"not_picked":["MostiFishMod:SpreadingSpore+1","Flying Knee","Outmaneuver","Slice"],"picked":"MostiFishMod:GrandStart+1","floor":10},{"not_picked":["Poisoned Stab","Deadly Poison","Dagger Spray","MostiFishMod:PerfectParry","Acrobatics"],"picked":"SKIP","floor":13},{"not_picked":["MostiFishMod:Confrontation+1","A Thousand Cuts+1","MostiFishMod:Neurotoxin+1","MostiFishMod:SpreadingSpore+1"],"picked":"Venomology+1","floor":16},{"not_picked":["Deflect","Backflip","Concentrate","Flying Knee+1","Infinite Blades"],"picked":"SKIP","floor":18},{"not_picked":["Malaise+1","Endless Agony","Dagger Throw","Glass Knife+1","Caltrops"],"picked":"SKIP","floor":24},{"not_picked":["Footwork","Slice","Flying Knee","Underhanded Strike","Riddle With Holes"],"picked":"SKIP","floor":30},{"not_picked":["Masterful Stab","Prepared","Dagger Spray","MostiFishMod:WinterMarkForm+1","Leg Sweep"],"picked":"SKIP","floor":31},{"not_picked":["MostiFishMod:Wind+1","Bullet Time+1","Burst+1","MostiFishMod:HiddenBlade+1"],"picked":"Wraith Form v2+1","floor":33},{"not_picked":["Quick Slash+1","MostiFishMod:PerfectParry+1","All Out Attack","Dodge and Roll","Acrobatics"],"picked":"SKIP","floor":35},{"not_picked":["Poisoned Stab+1","Flechettes+1","Deflect","conspire:DoublingDagger","Reflex"],"picked":"SKIP","floor":40},{"not_picked":["Sucker Punch","Well Laid Plans+1","Outmaneuver","Backflip","Noxious Fumes"],"picked":"SKIP","floor":48}],"player_experience":109838,"relics_obtained":[{"floor":1,"key":"SynthV:TestCard"},{"floor":7,"key":"Strawberry"},{"floor":9,"key":"Lantern"},{"floor":10,"key":"conspire:DecoderRing"},{"floor":12,"key":"Tiny Chest"},{"floor":21,"key":"The Courier"},{"floor":24,"key":"vexMod:InvisibilityCloak"},{"floor":26,"key":"Blood Vial"},{"floor":28,"key":"InkBottle"},{"floor":31,"key":"Orichalcum"},{"floor":37,"key":"DianDianMeat"},{"floor":39,"key":"Pantograph"},{"floor":40,"key":"Dead Branch"},{"floor":43,"key":"Art of War"},{"floor":45,"key":"CombinedTypeHook"},{"floor":46,"key":"vexMod:BarristanHead"}],"event_choices":[{"cards_removed":["Defend_G"],"damage_healed":0,"gold_gain":0,"player_choice":"Card Removal","damage_taken":7,"max_hp_gain":0,"max_hp_loss":0,"event_name":"Golden Wing","floor":2,"gold_loss":0},{"cards_removed":["Defend_G"],"damage_healed":0,"gold_gain":0,"player_choice":"Purged","damage_taken":0,"max_hp_gain":0,"max_hp_loss":0,"event_name":"Purifier","floor":4,"gold_loss":0},{"damage_healed":0,"gold_gain":0,"player_choice":"Agree","damage_taken":0,"max_hp_gain":0,"max_hp_loss":0,"event_name":"conspire:LoneGhost","floor":11,"gold_loss":0},{"damage_healed":0,"gold_gain":540,"player_choice":"GOLD GOLD GOLD GOLD GOLD GOLD ","damage_taken":57,"max_hp_gain":0,"max_hp_loss":0,"event_name":"Knowing Skull","floor":20,"potions_obtained":[],"gold_loss":0,"cards_obtained":[]},{"damage_healed":0,"gold_gain":0,"player_choice":"Obtained Relic","damage_taken":0,"relics_obtained":["Oddly Smooth Stone"],"max_hp_gain":0,"max_hp_loss":0,"event_name":"Addict","floor":22,"gold_loss":85},{"damage_healed":0,"gold_gain":0,"cards_transformed":["conspire:GhostlyStrike","Neutralize"],"player_choice":"Became Test Subject","damage_taken":0,"max_hp_gain":0,"max_hp_loss":0,"event_name":"Drug Dealer","floor":25,"gold_loss":0,"cards_obtained":["HandOfGreedLower","Backstab"]},{"damage_healed":0,"gold_gain":0,"player_choice":"Got Potions","damage_taken":0,"max_hp_gain":0,"max_hp_loss":0,"event_name":"Lab","floor":27,"gold_loss":0},{"damage_healed":0,"gold_gain":0,"player_choice":"Fight","damage_taken":0,"max_hp_gain":0,"max_hp_loss":0,"event_name":"MindBloom","floor":37,"gold_loss":0},{"damage_healed":0,"gold_gain":0,"player_choice":"Ignored","damage_taken":0,"max_hp_gain":0,"max_hp_loss":0,"event_name":"Upgrade Shrine","floor":38,"gold_loss":0},{"damage_healed":0,"gold_gain":0,"player_choice":"Fight","damage_taken":0,"max_hp_gain":0,"max_hp_loss":0,"event_name":"Mysterious Sphere","floor":45,"gold_loss":0}],"is_beta":false,"boss_relics":[{"not_picked":["RhineSuit","Empty Cage"],"picked":"ShadowXiaoBlade"},{"not_picked":["Runic Dome","HoveringKite"],"picked":"FeatherPendant"}],"items_purged_floors":[3,3,14,14,14,14,14,29,29,29,29,29,29,36,36,36,36,42],"is_endless":false,"potions_floor_spawned":[1,1,5,5,7,7,10,10,13,16,18,24,24,30,30,30,31,31,31,31,33,33,35,35,35,37,40,40,45,48,48,48],"ascension_level":9}}