{"host":"vc42n08di9czm3e7","time":1611369965,"event":{"mods":["AchievementEnabler","Act Like it!","BaseMod","Colored Powertips","Downfall","Friendly Minions","GifTheSpireLib","Minty Spire (QoL Compilation)","Quick Restart","Rare Cards Sparkle","StSLib"],"gold_per_floor":[99,99,99,99,113,113,113,13,113,123,151,170,202,218,235,235,235,235],"floor_reached":16,"language":"ENG","playtime":626,"items_purged":[],"score":110,"play_id":"6db8df40-6d52-4ef5-8f75-8a548ae4bc34","local_time":"20210122214605","is_ascension_mode":false,"campfire_choices":[{"floor":1,"key":"RECALL"},{"data":"champ:IronFortress","floor":8,"key":"SMITH"}],"circlet_count":0,"master_deck":["champ:Strike","champ:Strike","champ:Strike","champ:Defend","champ:Defend","champ:Defend","champ:Defend","champ:Execute","champ:Taunt","champ:DefensiveShout","champ:SwordSigil","champ:PreciseThrust","champ:IronFortress+1","champ:GutPunch","champ:MurderStrike","champ:Parry","champ:StanceDance","champ:FlashCut","champ:FocusedDefense"],"relics":["champ:ChampionCrown","downfall:HeartsMalice","downfall:HeartBlessingRed","Mummified Hand","Shuriken"],"acts_visited":["Exordium"],"potions_floor_usage":[14],"damage_taken":[{"damage":0,"enemies":"Cultist","floor":2,"turns":1},{"damage":0,"enemies":"Jaw Worm","floor":3,"turns":1},{"damage":0,"enemies":"Small Slimes","floor":4,"turns":1},{"damage":9,"enemies":"Exordium Thugs","floor":5,"turns":4},{"damage":42,"enemies":"Exordium Wildlife","floor":10,"turns":6},{"damage":35,"enemies":"Gremlin Nob","floor":11,"turns":5},{"damage":26,"enemies":"2 Fungi Beasts","floor":12,"turns":3},{"damage":46,"enemies":"Lagavulin","floor":13,"turns":6},{"damage":8,"enemies":"Red Slaver","floor":14,"turns":3},{"damage":18,"enemies":"Exordium Thugs","floor":15,"turns":4},{"damage":19,"enemies":"WA_ARCHETYPE_RETAIN","floor":16,"turns":2}],"seed_played":"3902788190153000801","potions_obtained":[{"floor":5,"key":"sneckomod:MuddlingPotion"},{"floor":11,"key":"Guardian:BlockOnCardUsePotion"},{"floor":12,"key":"Fire Potion"},{"floor":14,"key":"SpeedPotion"}],"is_trial":false,"path_per_floor":["R","M","M","M","M","?","T","R","?","M","E","M","E","M","M","B"],"character_chosen":"THE_CHAMP","items_purchased":[],"campfire_rested":0,"item_purchase_floors":[],"current_hp_per_floor":[90,90,90,90,81,81,81,81,81,79,54,43,22,19,7,0,0,0],"gold":235,"neow_bonus":"THREE_ENEMY_KILL","is_daily":false,"chose_seed":false,"campfire_upgraded":1,"win_rate":0.0,"timestamp":1611369965,"path_taken":["R","M","M","M","M","?","T","R","?","M","E","M","E","M","M","BOSS"],"items_purchased_type":[],"build_version":"2020-12-22","purchased_purges":0,"victory":false,"max_hp_per_floor":[90,90,90,90,90,90,90,90,90,90,90,90,90,90,90,90,90,90],"card_choices":[{"not_picked":["champ:EnGarde","champ:IronFortress"],"picked":"champ:DefensiveShout","floor":2},{"not_picked":["champ:HeartStrike","champ:BerserkersShout"],"picked":"champ:SwordSigil","floor":3},{"not_picked":["champ:Parry","champ:BladeFlurry"],"picked":"champ:PreciseThrust","floor":4},{"not_picked":["champ:Haymaker","champ:TornadoPunch"],"picked":"champ:IronFortress","floor":5},{"not_picked":["champ:CrookedStrike","champ:Backstep"],"picked":"champ:GutPunch","floor":10},{"not_picked":["champ:IronFortress","champ:DefensiveStyle"],"picked":"champ:MurderStrike","floor":11},{"not_picked":["champ:PreciseThrust","champ:PerfectedStrike"],"picked":"champ:Parry","floor":12},{"not_picked":["champ:DefensiveShout","champ:CrownThrow"],"picked":"champ:StanceDance","floor":13},{"not_picked":["champ:PerfectedStrike","champ:DeathBlow"],"picked":"champ:FlashCut","floor":14},{"not_picked":["champ:FlashCut","champ:EnGarde"],"picked":"champ:FocusedDefense","floor":15}],"player_experience":295538,"relics_obtained":[{"floor":11,"key":"Mummified Hand"},{"floor":13,"key":"Shuriken"}],"event_choices":[{"damage_healed":0,"gold_gain":100,"player_choice":"Gold","damage_taken":0,"max_hp_gain":0,"max_hp_loss":0,"event_name":"Wheel of Change","floor":9,"gold_loss":0}],"is_beta":false,"boss_relics":[],"items_purged_floors":[],"is_endless":false,"potions_floor_spawned":[5,11,12,13,14],"killed_by":"WA_ARCHETYPE_RETAIN","ascension_level":0}}