{"host":"9tzam4717zt8ei1o","time":1611378313,"event":{"mods":["BaseMod","Colored Map","Keyboard Shortcuts","Minty Spire (QoL Compilation)","Quick Restart","StSLib","SuperFastMode"],"gold_per_floor":[117,117,292,315,315,346,346,379,379,402,423,444,444,444,444,444,444],"floor_reached":16,"language":"KOR","playtime":258,"items_purged":[],"score":203,"play_id":"670db8f8-04bb-47fe-9a6c-21f88312dd7a","local_time":"20210123140513","is_ascension_mode":true,"campfire_choices":[{"data":"Bouncing Flask","floor":7,"key":"SMITH"},{"data":"Noxious Fumes","floor":13,"key":"SMITH"},{"data":"Neutralize","floor":15,"key":"SMITH"}],"circlet_count":0,"master_deck":["AscendersBane","Strike_G","Strike_G","Strike_G+1","Strike_G","Strike_G","Defend_G+1","Defend_G","Defend_G","Defend_G","Defend_G","Survivor","Neutralize+1","Doubt","Bouncing Flask+1","Dagger Throw","Reflex","Calculated Gamble","Noxious Fumes+1"],"relics":["Ring of the Snake","NeowsBlessing","Golden Idol","Bird Faced Urn","MealTicket","Darkstone Periapt"],"acts_visited":["Exordium"],"potions_floor_usage":[16],"damage_taken":[{"damage":0,"enemies":"Small Slimes","floor":1,"turns":1},{"damage":0,"enemies":"2 Louse","floor":4,"turns":1},{"damage":0,"enemies":"Lagavulin","floor":6,"turns":1},{"damage":23,"enemies":"3 Sentries","floor":8,"turns":13},{"damage":2,"enemies":"Jaw Worm","floor":10,"turns":3},{"damage":8,"enemies":"Blue Slaver","floor":11,"turns":4},{"damage":5,"enemies":"Exordium Wildlife","floor":12,"turns":5},{"damage":16,"enemies":"Hexaghost","floor":16,"turns":10}],"seed_played":"-4867583349449935262","potions_obtained":[{"floor":8,"key":"Regen Potion"},{"floor":12,"key":"Swift Potion"}],"is_trial":false,"path_per_floor":["M","?","?","M","?","E","R","E","T","M","M","M","R","T","R","B"],"character_chosen":"THE_SILENT","items_purchased":[],"campfire_rested":0,"item_purchase_floors":[],"current_hp_per_floor":[63,63,63,63,50,50,50,27,27,25,17,12,12,12,12,0,0],"gold":444,"neow_bonus":"THREE_ENEMY_KILL","is_daily":false,"chose_seed":false,"campfire_upgraded":3,"win_rate":0.0,"timestamp":1611378313,"path_taken":["M","?","?","M","?","E","R","E","T","?","M","M","R","?","R","BOSS"],"items_purchased_type":[],"build_version":"2020-12-22","purchased_purges":0,"victory":false,"max_hp_per_floor":[70,65,65,65,65,65,65,65,65,65,65,65,65,65,65,65,65],"card_choices":[{"not_picked":["Flying Knee","Dodge and Roll","Poisoned Stab"],"picked":"SKIP","floor":1},{"not_picked":["Deadly Poison","Slice","Sucker Punch"],"picked":"SKIP","floor":4},{"not_picked":["Unload","Dodge and Roll"],"picked":"Bouncing Flask","floor":6},{"not_picked":["Flying Knee","Underhanded Strike"],"picked":"Dagger Throw","floor":8},{"not_picked":["Choke","Dagger Throw"],"picked":"Reflex","floor":10},{"not_picked":["Flying Knee","Sucker Punch"],"picked":"Calculated Gamble","floor":11},{"not_picked":["Deflect","Deadly Poison"],"picked":"Noxious Fumes","floor":12}],"player_experience":98563,"relics_obtained":[{"floor":6,"key":"Bird Faced Urn"},{"floor":8,"key":"MealTicket"},{"floor":14,"key":"Darkstone Periapt"}],"event_choices":[{"damage_healed":0,"gold_gain":0,"player_choice":"Lose Max HP","damage_taken":0,"relics_obtained":["Golden Idol"],"max_hp_gain":0,"max_hp_loss":5,"event_name":"Golden Idol","floor":2,"gold_loss":0},{"damage_healed":0,"gold_gain":175,"player_choice":"AGREE","damage_taken":0,"max_hp_gain":0,"max_hp_loss":0,"event_name":"Liars Game","floor":3,"gold_loss":0,"cards_obtained":["Doubt"]},{"damage_healed":0,"gold_gain":0,"player_choice":"Entered Light","damage_taken":13,"max_hp_gain":0,"max_hp_loss":0,"event_name":"Shining Light","floor":5,"gold_loss":0,"cards_upgraded":["Strike_G","Defend_G"]}],"is_beta":false,"boss_relics":[],"items_purged_floors":[],"is_endless":false,"potions_floor_spawned":[8,12],"killed_by":"Hexaghost","ascension_level":10}}