{"host":"srk2drlvga69hbot","time":1611411730,"event":{"mods":["BaseMod","Bestiary","Block Reminder","Colored Map","Colored Powertips","Dark Map","DeckTracker","Highlight Path","Minty Spire (QoL Compilation)","Quick Restart","Rare Cards Sparkle","Relic Stats","SuperFastMode","Unceasing Turn Reminder"],"gold_per_floor":[113,113,113,113,38,38,68,81,81,81,81],"floor_reached":10,"language":"ZHS","playtime":219,"items_purged":["Strike_R"],"score":120,"play_id":"2c969d43-b952-4fdf-9630-e8e5e2bc54b6","local_time":"20210123222210","is_ascension_mode":true,"campfire_choices":[{"data":"Defend_R","floor":6.0,"key":"SMITH"}],"circlet_count":0,"master_deck":["Strike_R","Strike_R","Strike_R","Defend_R","Defend_R","Defend_R","Defend_R+1","Bash","Rage"],"relics":["Burning Blood","NeowsBlessing","Mummified Hand","Question Card","Frozen Egg 2"],"acts_visited":["Exordium"],"potions_floor_usage":[],"damage_taken":[{"damage":0.0,"enemies":"2 Louse","floor":1.0,"turns":1.0},{"damage":0.0,"enemies":"3 Sentries","floor":7.0,"turns":1.0},{"damage":0.0,"enemies":"Jaw Worm","floor":8.0,"turns":1.0},{"damage":74,"enemies":"Lagavulin","floor":10,"turns":8}],"seed_played":"864436806500607056","potions_obtained":[{"floor":1.0,"key":"ElixirPotion"},{"floor":8.0,"key":"Regen Potion"}],"is_trial":false,"path_per_floor":["M","$","?","T","$","R","E","M","T","E"],"character_chosen":"IRONCLAD","items_purchased":[],"campfire_rested":0,"item_purchase_floors":[],"current_hp_per_floor":[78,78,71,71,71,71,77,80,80,6,6],"gold":81,"neow_bonus":"THREE_ENEMY_KILL","is_daily":false,"chose_seed":false,"campfire_upgraded":1,"win_rate":0.0,"timestamp":1611411730,"path_taken":["M","$","?","?","$","R","E","?","T","E"],"items_purchased_type":[],"build_version":"2020-12-22","purchased_purges":1,"victory":false,"max_hp_per_floor":[80,80,80,80,80,80,80,80,80,80,80],"relic_stats":{"counters":[4,11],"Mummified Hand":[0],"Question Card":1,"obtain_stats":[{"NeowsBlessing":0,"Mummified Hand":4,"Frozen Egg 2":9,"Question Card":7,"Burning Blood":0},{"NeowsBlessing":0,"Mummified Hand":1,"Frozen Egg 2":3,"Question Card":2,"Burning Blood":0},{"NeowsBlessing":0,"Mummified Hand":1,"Frozen Egg 2":3,"Question Card":2,"Burning Blood":0}],"Burning Blood":15},"card_choices":[{"not_picked":["Searing Blow","Wild Strike","Pommel Strike"],"picked":"SKIP","floor":1.0},{"not_picked":["Dark Embrace","Heavy Blade","Flex"],"picked":"SKIP","floor":7.0},{"not_picked":["Clothesline","True Grit","Pommel Strike"],"picked":"Rage","floor":8.0}],"player_experience":175233,"relics_obtained":[{"floor":4.0,"key":"Mummified Hand"},{"floor":7.0,"key":"Question Card"},{"floor":9.0,"key":"Frozen Egg 2"}],"event_choices":[{"cards_removed":["Strike_R"],"damage_healed":0.0,"max_hp_gain":0.0,"max_hp_loss":0.0,"gold_gain":0.0,"event_name":"Golden Wing","player_choice":"Card Removal","floor":3.0,"gold_loss":0.0,"damage_taken":7.0}],"is_beta":false,"boss_relics":[],"items_purged_floors":[5],"is_endless":false,"potions_floor_spawned":[1,8],"killed_by":"Lagavulin","ascension_level":7}}