{"host":"ebj6lkgm8suah319","time":1611420892,"event":{"mods":["2.2 Compatiblity","AchievementEnabler","BaseMod","Block Reminder","Colored Map","Colored Powertips","Minty Spire (QoL Compilation)","Quick Restart","Rare Cards Sparkle","Relic Stats","SuperFastMode"],"gold_per_floor":[109,109,159,174,46,46,46,76,76,90,38,50,75,46,46,120,120,137,150,150,150,162,190,190,200,200,200,227,241,241,85,85,85,85],"floor_reached":33,"language":"ENG","playtime":814,"items_purged":["Strike_R","Pain"],"score":592,"play_id":"c3468d57-cf59-45b1-9b6d-e62ad0fecd3c","local_time":"20210123115452","is_ascension_mode":true,"campfire_choices":[{"data":"Blood for Blood","floor":6.0,"key":"SMITH"},{"data":"Bash","floor":15.0,"key":"SMITH"},{"floor":24,"key":"REST"},{"data":"Corruption","floor":27,"key":"SMITH"},{"floor":30,"key":"REST"},{"floor":32,"key":"REST"}],"circlet_count":0,"master_deck":["AscendersBane","Strike_R","Strike_R","Defend_R","Defend_R","Defend_R","Defend_R","Bash+1","Blood for Blood+1","Twin Strike","Bloodletting+1","Flame Barrier+1","Armaments+1","Shrug It Off+1","Corruption+1","Dual Wield+1","Entrench+1","Pommel Strike","Spot Weakness+1","Shrug It Off+1"],"relics":["SacredBark","Toxic Egg 2","Singing Bowl","Pen Nib","SlaversCollar","WarpedTongs","Potion Belt","Molten Egg 2","Lantern"],"acts_visited":["Exordium","TheCity"],"potions_floor_usage":[22,28,33,33,33],"damage_taken":[{"damage":2.0,"enemies":"Small Slimes","floor":1.0,"turns":4.0},{"damage":11.0,"enemies":"Jaw Worm","floor":4.0,"turns":4.0},{"damage":5.0,"enemies":"Gremlin Nob","floor":8.0,"turns":3.0},{"damage":0.0,"enemies":"Cultist","floor":10.0,"turns":2.0},{"damage":4.0,"enemies":"Lots of Slimes","floor":12.0,"turns":5.0},{"damage":18.0,"enemies":"Lagavulin","floor":13.0,"turns":5.0},{"damage":0.0,"enemies":"Exordium Thugs","floor":14.0,"turns":4.0},{"damage":16,"enemies":"Hexaghost","floor":16,"turns":9},{"damage":28,"enemies":"Shell Parasite","floor":18,"turns":6},{"damage":14,"enemies":"Chosen","floor":19,"turns":6},{"damage":16,"enemies":"Snake Plant","floor":22,"turns":4},{"damage":11,"enemies":"Book of Stabbing","floor":23,"turns":4},{"damage":9,"enemies":"Snecko","floor":25,"turns":4},{"damage":15,"enemies":"Slavers","floor":28,"turns":3},{"damage":34,"enemies":"Sentry and Sphere","floor":29,"turns":6},{"damage":75,"enemies":"Champ","floor":33,"turns":13}],"seed_played":"-4578634769490735160","potions_obtained":[{"floor":1.0,"key":"Energy Potion"},{"floor":10.0,"key":"SkillPotion"},{"floor":12.0,"key":"Fire Potion"},{"floor":16,"key":"SpeedPotion"},{"floor":18,"key":"BloodPotion"},{"floor":23,"key":"GamblersBrew"},{"floor":25,"key":"Dexterity Potion"},{"floor":28,"key":"SkillPotion"}],"is_trial":false,"path_per_floor":["M","?","?","M","$","R","$","E","T","M","$","M","E","M","R","B",null,"M","M","?","?","M","E","R","M","T","R","E","M","R","$","R","B"],"character_chosen":"IRONCLAD","items_purchased":["Block Potion","Armaments+1","Shrug It Off+1"],"campfire_rested":3,"item_purchase_floors":[5,11,31],"current_hp_per_floor":[66,71,63,52,52,52,52,47,47,47,47,45,29,29,29,13,66,40,28,28,28,47,36,62,55,55,55,42,10,38,38,66,0,0],"gold":85,"neow_bonus":"BOSS_RELIC","is_daily":false,"chose_seed":false,"campfire_upgraded":3,"win_rate":0.0,"timestamp":1611420892,"path_taken":["M","?","?","?","$","R","?","E","T","M","?","?","E","M","R","BOSS","M","M","?","?","M","E","R","?","T","R","E","M","R","$","R","BOSS"],"items_purchased_type":["Potion","Card","Card"],"build_version":"2020-12-22","purchased_purges":2,"victory":false,"max_hp_per_floor":[75,80,80,80,80,80,80,80,80,80,80,82,84,84,84,84,84,86,88,88,88,88,88,88,90,90,90,92,94,94,94,94,94,94],"relic_stats":{"Singing Bowl":14,"counters":[16,82],"Pen Nib":[7],"obtain_stats":[{"Potion Belt":23,"SlaversCollar":17,"Lantern":28,"Singing Bowl":9,"SacredBark":0,"Molten Egg 2":26,"Pen Nib":13,"Toxic Egg 2":8,"Burning Blood":0,"WarpedTongs":21},{"Potion Belt":12,"SlaversCollar":8,"Lantern":14,"Singing Bowl":3,"SacredBark":0,"Molten Egg 2":13,"Pen Nib":6,"Toxic Egg 2":3,"Burning Blood":0,"WarpedTongs":10},{"Potion Belt":56,"SlaversCollar":36,"Lantern":63,"Singing Bowl":11,"SacredBark":0,"Molten Egg 2":60,"Pen Nib":23,"Toxic Egg 2":11,"Burning Blood":0,"WarpedTongs":48}],"WarpedTongs":[26]},"card_choices":[{"not_picked":["Metallicize","Cleave"],"picked":"Blood for Blood","floor":1.0},{"not_picked":["Shrug It Off","Anger"],"picked":"Twin Strike","floor":4.0},{"not_picked":["Clothesline","Cleave"],"picked":"Bloodletting+1","floor":8.0},{"not_picked":["Thunderclap","Havoc+1"],"picked":"Flame Barrier+1","floor":10.0},{"not_picked":["Twin Strike","Metallicize","Cleave"],"picked":"Singing Bowl","floor":12.0},{"not_picked":["Warcry+1","Barricade","Cleave"],"picked":"Singing Bowl","floor":13.0},{"not_picked":["Clothesline","Pommel Strike"],"picked":"Shrug It Off+1","floor":14.0},{"not_picked":["Limit Break+1","Juggernaut"],"picked":"Corruption","floor":16},{"not_picked":["Flex+1","Anger","Perfected Strike"],"picked":"Singing Bowl","floor":18},{"not_picked":["Sword Boomerang","Havoc+1","Flex+1"],"picked":"Singing Bowl","floor":19},{"not_picked":["Headbutt","Wild Strike"],"picked":"Pommel Strike","floor":22},{"not_picked":["Searing Blow","Limit Break+1"],"picked":"Spot Weakness+1","floor":23},{"not_picked":["Perfected Strike","Pummel","Blood for Blood+1"],"picked":"Singing Bowl","floor":25},{"not_picked":["Flex+1","Anger+1","Headbutt+1"],"picked":"Singing Bowl","floor":28},{"not_picked":["Rampage+1","Sword Boomerang+1","Warcry+1"],"picked":"Singing Bowl","floor":29}],"player_experience":53751,"relics_obtained":[{"floor":8.0,"key":"Toxic Egg 2"},{"floor":9.0,"key":"Singing Bowl"},{"floor":13.0,"key":"Pen Nib"},{"floor":23,"key":"Potion Belt"},{"floor":26,"key":"Molten Egg 2"},{"floor":28,"key":"Lantern"}],"event_choices":[{"damage_healed":0.0,"max_hp_gain":5.0,"max_hp_loss":0.0,"gold_gain":0.0,"event_name":"Big Fish","player_choice":"Donut","floor":2.0,"gold_loss":0.0,"damage_taken":0.0},{"damage_healed":0.0,"max_hp_gain":0.0,"max_hp_loss":0.0,"gold_gain":50.0,"event_name":"FaceTrader","player_choice":"Touch","floor":3.0,"gold_loss":0.0,"damage_taken":8.0},{"damage_healed":0,"gold_gain":0,"cards_transformed":["Strike_R","Strike_R"],"player_choice":"Became Test Subject","damage_taken":0,"max_hp_gain":0,"max_hp_loss":0,"event_name":"Drug Dealer","floor":20,"gold_loss":0,"cards_obtained":["Dual Wield","Entrench"]},{"damage_healed":0,"gold_gain":0,"player_choice":"Rummage","damage_taken":0,"relics_obtained":["WarpedTongs"],"max_hp_gain":0,"max_hp_loss":0,"event_name":"Accursed Blacksmith","floor":21,"gold_loss":0,"cards_obtained":["Pain"]}],"is_beta":false,"boss_relics":[{"not_picked":["Runic Cube","Empty Cage"],"picked":"SlaversCollar"}],"items_purged_floors":[5,31],"is_endless":false,"potions_floor_spawned":[1,10,12,16,18,23,25,28],"killed_by":"Champ","ascension_level":17}}