{"host":"c6uvvgqwlxq4k23y","time":1611421224,"event":{"mods":["Arknights The Spire","BaseMod","CapriCore","DeckTracker","Hermit","Minty Spire (QoL Compilation)","StSLib","SuperFastMode","The Cursed"],"gold_per_floor":[109,184,199,219,235,235,263,290,290,290,309,334,334,347,347,445,445,456,468,478,488,488,488,488],"floor_reached":23,"language":"KOR","playtime":653,"items_purged":[],"score":205,"play_id":"1acca62a-d88d-4030-aea6-83bba0c320d9","local_time":"20210124020024","is_ascension_mode":false,"campfire_choices":[{"data":"ats:Armor Crushing Shot","floor":6.0,"key":"SMITH"},{"floor":10.0,"key":"REST"},{"floor":15.0,"key":"REST"}],"circlet_count":0,"master_deck":["ats:Strike C+1","ats:Strike G+1","ats:Strike S+1","ats:Strike V+1","ats:Armor Crushing Shot+1","ats:Defend+1","ats:Defend+1","ats:Defend+1","ats:Defend+1","ats:Emotion Absorption","ats:Apocalypse","ats:Leaping Hammer","ats:Hook Shot","ats:Assault Order","ats:Consecutive Shot Auto","ats:Mental Burst","ats:Mental Burst","ats:Disruption Kick","ats:Apocalypse","ats:Mental Burst+1"],"relics":["ats:Sanity","Odd Mushroom","ats:Originium","Strawberry","Letter Opener","Lizard Tail","Runic Pyramid"],"acts_visited":["Exordium","TheCity"],"potions_floor_usage":[16,18,21,23],"damage_taken":[{"damage":2.0,"enemies":"2 Louse","floor":1.0,"turns":4.0},{"damage":11.0,"enemies":"Jaw Worm","floor":3.0,"turns":3.0},{"damage":7.0,"enemies":"Small Slimes","floor":4.0,"turns":7.0},{"damage":28.0,"enemies":"Gremlin Gang","floor":5.0,"turns":8.0},{"damage":38.0,"enemies":"The Mushroom Lair","floor":7.0,"turns":8.0},{"damage":20.0,"enemies":"Gremlin Nob","floor":8.0,"turns":4.0},{"damage":11.0,"enemies":"Exordium Wildlife","floor":11.0,"turns":3.0},{"damage":8.0,"enemies":"3 Sentries","floor":12.0,"turns":4.0},{"damage":2.0,"enemies":"2 Fungi Beasts","floor":14.0,"turns":3.0},{"damage":70,"enemies":"The Guardian","floor":16,"turns":10},{"damage":6,"enemies":"3 Byrds","floor":18,"turns":3},{"damage":0,"enemies":"Spheric Guardian","floor":19,"turns":3},{"damage":39,"enemies":"Snake Plant","floor":20,"turns":4},{"damage":46,"enemies":"Centurion and Healer","floor":21,"turns":12},{"damage":38,"enemies":"Slavers","floor":23,"turns":2}],"seed_played":"7267979189234959430","potions_obtained":[{"floor":4.0,"key":"Weak Potion"},{"floor":5.0,"key":"CultistPotion"},{"floor":11.0,"key":"DuplicationPotion"},{"floor":12.0,"key":"SpeedPotion"},{"floor":16,"key":"Strength Potion"},{"floor":18,"key":"Fire Potion"},{"floor":19,"key":"SmokeBomb"},{"floor":20,"key":"DuplicationPotion"}],"is_trial":false,"path_per_floor":["M","?","M","M","M","R","?","E","T","R","M","E","?","M","R","B",null,"M","M","M","M","?","E"],"character_chosen":"DOCTOR_CLASS","items_purchased":[],"campfire_rested":2,"item_purchase_floors":[],"current_hp_per_floor":[70,59,53,56,43,43,20,12,12,35,29,26,26,24,47,31,79,73,78,40,29,29,0,0],"gold":488,"neow_bonus":"THREE_CARDS","is_daily":false,"chose_seed":false,"campfire_upgraded":1,"win_rate":0.0,"timestamp":1611421224,"path_taken":["M","?","M","M","M","R","?","E","T","R","M","E","?","M","R","BOSS","M","M","M","M","?","E"],"items_purchased_type":[],"build_version":"2020-12-22","purchased_purges":0,"victory":false,"max_hp_per_floor":[72,72,72,72,72,72,72,79,79,79,79,79,79,79,79,79,79,79,79,79,79,79,79,79],"card_choices":[{"not_picked":["ats:Leaping Hammer","ats:Directed Diagnosis"],"picked":"ats:Apocalypse","floor":0.0},{"not_picked":["ats:Apocalypse","ats:Shell Defense"],"picked":"ats:Leaping Hammer","floor":1.0},{"not_picked":["ats:Steam Pump","ats:Magnetic Hammer"],"picked":"ats:Hook Shot","floor":3.0},{"not_picked":["ats:Phantom","ats:Blood Oath"],"picked":"ats:Assault Order","floor":4.0},{"not_picked":["ats:Composite Medical Shells","ats:Song Of Battle","ats:Guardian Obelisk"],"picked":"SKIP","floor":5.0},{"not_picked":["ats:Blood Oath","ats:Revitalization"],"picked":"ats:Consecutive Shot Auto","floor":7.0},{"not_picked":["ats:Apocalypse","ats:Soul Absorption"],"picked":"ats:Mental Burst","floor":8.0},{"not_picked":["ats:Hook Shot","ats:Shell Defense"],"picked":"ats:Mental Burst","floor":11.0},{"not_picked":["ats:Sword Rain","ats:Shadow Assault","ats:Flexible Camouflage"],"picked":"SKIP","floor":12.0},{"not_picked":["ats:Powerful Strike","ats:Cat Scratch","ats:Explosion Area Strengthen"],"picked":"SKIP","floor":14.0},{"not_picked":["ats:True Silver Slash","ats:Rat Pack"],"picked":"ats:Disruption Kick","floor":16},{"not_picked":["ats:Powerful Strike","ats:Poison Spread","ats:Closed Bolt Burst Fire"],"picked":"SKIP","floor":18},{"not_picked":["ats:Explosion Area Strengthen","ats:Thermite Blade","ats:Childhood Dance"],"picked":"SKIP","floor":19},{"not_picked":["ats:Closed Bolt Burst Fire+1","ats:Thermite Blade"],"picked":"ats:Apocalypse","floor":20},{"not_picked":["ats:Blood Oath","ats:Shell Defense"],"picked":"ats:Mental Burst+1","floor":21}],"player_experience":337213,"relics_obtained":[{"floor":7.0,"key":"Odd Mushroom"},{"floor":8.0,"key":"ats:Originium"},{"floor":8.0,"key":"Strawberry"},{"floor":9.0,"key":"Letter Opener"},{"floor":12.0,"key":"ats:Originium"},{"floor":12.0,"key":"Lizard Tail"}],"event_choices":[{"damage_healed":0.0,"max_hp_gain":0.0,"max_hp_loss":0.0,"gold_gain":75.0,"event_name":"World of Goop","player_choice":"Gather Gold","floor":2.0,"gold_loss":0.0,"damage_taken":11.0},{"damage_healed":0.0,"max_hp_gain":0.0,"max_hp_loss":0.0,"gold_gain":0.0,"event_name":"Mushrooms","player_choice":"Fought Mushrooms","floor":7.0,"gold_loss":0.0,"damage_taken":0.0},{"damage_healed":0.0,"max_hp_gain":0.0,"max_hp_loss":0.0,"gold_gain":0.0,"event_name":"Liars Game","player_choice":"Ignored","floor":13.0,"gold_loss":0.0,"damage_taken":0.0},{"damage_healed":0,"gold_gain":0,"player_choice":"Simplicity","damage_taken":0,"max_hp_gain":0,"max_hp_loss":0,"event_name":"Back to Basics","floor":22,"gold_loss":0,"cards_upgraded":["ats:Strike C","ats:Strike G","ats:Strike S","ats:Strike V","ats:Defend","ats:Defend","ats:Defend","ats:Defend"]}],"is_beta":false,"boss_relics":[{"not_picked":["Pandora\u0027s Box","Fusion Hammer"],"picked":"Runic Pyramid"}],"items_purged_floors":[],"is_endless":false,"potions_floor_spawned":[4,5,11,12,16,18,19,20],"killed_by":"Slavers","ascension_level":0}}