{"host":"jfbo3eu2ui08ej1u","time":1611380745,"event":{"mods":["2.2 Compatiblity","AchievementEnabler","Act Like it!","Aspiration","BaseMod","Better Altar","Better Match","Better Note","Better Sensory Stone","Better Skull","Better Third Choice","Block Reminder","Colored Map","Colored Powertips","Conspire","DeckTracker","Displayed Cursed Tome","Energized Spire","Fox Events","GifTheSpireLib","Hubris","Infinite Spire","Marked Mod","Minty Spire (QoL Compilation)","Pale of the Ancients","Poor People Problems","Quick Restart","Relic Filter","Reorder Act Four","Replay The Spire","Shop Mod","Spicy Shops","Spire Arcade","StSLib","Stuff the Spire","The Blue Laboratory","The Disciple","The Forsaken","The Hierophant","The Marked","Uncapped","Unceasing Turn Reminder","Wandering Minibosses"],"gold_per_floor":[110,127,143,159,159,159,175,175,175,175,195,195,195],"floor_reached":12,"language":"ENG","playtime":465,"items_purged":[],"score":144,"play_id":"200fb334-1aad-4334-bfb0-9463412019a2","local_time":"20210123004545","is_ascension_mode":true,"campfire_choices":[{"floor":6,"key":"REST"},{"floor":8,"key":"REST"}],"circlet_count":0,"master_deck":["AscendersBane","Strike_P","Strike_P","Strike_P","Strike_P","Defend_P","Defend_P","Defend_P","Defend_P","Eruption","Vigilance","PathToVictory","WheelKick","MarkedMod:GentlePulse","EmptyBody","LikeWater","MarkedMod:Acupuncture"],"relics":["PureWater","Golden Idol","Gremlin Horn"],"acts_visited":["Exordium"],"potions_floor_usage":[7,12],"damage_taken":[{"damage":13,"enemies":"Small Slimes","floor":1,"turns":6},{"damage":0,"enemies":"2 Louse","floor":2,"turns":2},{"damage":1,"enemies":"Cultist","floor":3,"turns":3},{"damage":52,"enemies":"Exordium Wildlife","floor":4,"turns":7},{"damage":25,"enemies":"Lots of Slimes","floor":7,"turns":7},{"damage":6,"enemies":"2 Fungi Beasts","floor":11,"turns":4},{"damage":27,"enemies":"3 Sentries","floor":12,"turns":6}],"seed_played":"7680032067740475224","potions_obtained":[{"floor":2,"key":"BlessingOfTheForge"},{"floor":4,"key":"Regen Potion"},{"floor":11,"key":"blueLaboratory:BottleOfRum"}],"is_trial":false,"path_per_floor":["M","M","M","M","?","R","M","R","T","?","M","E"],"character_chosen":"WATCHER","items_purchased":[],"campfire_rested":2,"item_purchase_floors":[],"current_hp_per_floor":[54,54,53,1,1,21,11,31,31,31,25,0,0],"gold":195,"neow_bonus":"TEN_PERCENT_HP_BONUS","is_daily":false,"chose_seed":false,"campfire_upgraded":0,"win_rate":0.0,"timestamp":1611380745,"path_taken":["M","M","M","M","?","R","M","R","T","?","M","E"],"items_purchased_type":[],"build_version":"2020-12-22","purchased_purges":0,"victory":false,"max_hp_per_floor":[74,74,74,74,67,67,67,67,67,67,67,67,67],"card_choices":[{"not_picked":["Vengeance","Halt"],"picked":"PathToVictory","floor":1},{"not_picked":["Prostrate","Evaluate"],"picked":"WheelKick","floor":2},{"not_picked":["Replay:Battleflow","ReachHeaven"],"picked":"MarkedMod:GentlePulse","floor":3},{"not_picked":["Study","Consecrate"],"picked":"EmptyBody","floor":4},{"not_picked":["Halt","Indignation"],"picked":"LikeWater","floor":7},{"not_picked":["Nirvana","SashWhip"],"picked":"MarkedMod:Acupuncture","floor":11}],"player_experience":1216146,"relics_obtained":[{"floor":9,"key":"Gremlin Horn"}],"event_choices":[{"damage_healed":0,"gold_gain":0,"player_choice":"Lose Max HP","damage_taken":0,"relics_obtained":["Golden Idol"],"max_hp_gain":0,"max_hp_loss":7,"event_name":"Golden Idol","floor":5,"gold_loss":0}],"is_beta":false,"boss_relics":[],"items_purged_floors":[],"is_endless":false,"potions_floor_spawned":[2,4,11],"killed_by":"3 Sentries","ascension_level":20}}