{"host":"j61pjxqytd94o6ng","time":1611365858,"event":{"mods":["BaseMod","Bestiary","Colored Map","Colored Powertips","Curses Come First","Minty Spire (QoL Compilation)","StSLib"],"gold_per_floor":[111,129,147,167,179,179,205,222,222,222,246,246,266,72,72,143,143,159,209,226,226,226,226],"floor_reached":22,"language":"ENG","playtime":1362,"items_purged":[],"score":329,"play_id":"d9ded9fa-e7c5-45c6-aa89-0d88442523b6","local_time":"20210122183738","is_ascension_mode":true,"campfire_choices":[{"floor":6.0,"key":"REST"},{"floor":10,"key":"REST"},{"floor":15,"key":"REST"}],"circlet_count":0,"master_deck":["AscendersBane","Strike_G+1","Strike_G+1","Strike_G+1","Strike_G+1","Strike_G+1","Defend_G+1","Defend_G+1","Defend_G+1","Defend_G+1","Defend_G+1","Survivor","Neutralize","Burst","Quick Slash","Caltrops","Dagger Throw","Crippling Poison","Calculated Gamble","Acrobatics","Cloak And Dagger","Infinite Blades","Accuracy","Footwork","Finisher","Panacea","Corpse Explosion","Accuracy"],"relics":["Ring of the Snake","Orichalcum","Matryoshka","Odd Mushroom","WristBlade"],"acts_visited":["Exordium","TheCity"],"potions_floor_usage":[8],"damage_taken":[{"damage":0.0,"enemies":"2 Louse","floor":1.0,"turns":4.0},{"damage":1.0,"enemies":"Small Slimes","floor":2.0,"turns":5.0},{"damage":2.0,"enemies":"Jaw Worm","floor":3.0,"turns":4.0},{"damage":30.0,"enemies":"Large Slime","floor":4.0,"turns":8.0},{"damage":2.0,"enemies":"Exordium Wildlife","floor":5.0,"turns":4.0},{"damage":17.0,"enemies":"3 Sentries","floor":7.0,"turns":10.0},{"damage":10,"enemies":"Gremlin Gang","floor":8,"turns":4},{"damage":14,"enemies":"The Mushroom Lair","floor":11,"turns":5},{"damage":0,"enemies":"Large Slime","floor":13,"turns":6},{"damage":36,"enemies":"The Guardian","floor":16,"turns":15},{"damage":16,"enemies":"3 Byrds","floor":18,"turns":4},{"damage":19,"enemies":"Shell Parasite","floor":20,"turns":9},{"damage":19,"enemies":"Sentry and Sphere","floor":22,"turns":5}],"seed_played":"3467437880158667745","potions_obtained":[{"floor":1.0,"key":"Strength Potion"},{"floor":2.0,"key":"SneckoOil"},{"floor":7.0,"key":"LiquidBronze"}],"is_trial":false,"path_per_floor":["M","M","M","M","M","R","E","M","T","R","?","?","M","$","R","B",null,"M","?","M","?","M"],"character_chosen":"THE_SILENT","items_purchased":["Footwork","Finisher","Panacea"],"campfire_rested":3,"item_purchase_floors":[14,14,14],"current_hp_per_floor":[59,58,56,26,24,43,26,16,16,35,21,21,21,21,40,4,51,35,35,16,16,0,0],"gold":226,"neow_bonus":"ONE_RANDOM_RARE_CARD","is_daily":false,"chose_seed":false,"campfire_upgraded":0,"win_rate":0.0,"timestamp":1611365858,"path_taken":["M","M","M","M","M","R","E","M","T","R","?","?","M","$","R","BOSS","M","?","M","?","M"],"items_purchased_type":["Card","Card","Card"],"build_version":"2020-12-22","purchased_purges":0,"victory":false,"max_hp_per_floor":[66,66,66,66,66,66,66,66,66,66,66,66,66,66,66,66,66,66,66,66,66,66,66],"card_choices":[{"not_picked":["Distraction","Riddle With Holes"],"picked":"Quick Slash","floor":1.0},{"not_picked":["Backflip","Flying Knee"],"picked":"Caltrops","floor":2.0},{"not_picked":["Deflect","Slice"],"picked":"Dagger Throw","floor":3.0},{"not_picked":["Slice","Acrobatics"],"picked":"Crippling Poison","floor":4.0},{"not_picked":["Deflect","Quick Slash"],"picked":"Calculated Gamble","floor":5.0},{"not_picked":["Riddle With Holes","Distraction"],"picked":"Acrobatics","floor":7.0},{"not_picked":["Flying Knee","Riddle With Holes"],"picked":"Cloak And Dagger","floor":8},{"not_picked":["PiercingWail","Sucker Punch"],"picked":"Infinite Blades","floor":11},{"not_picked":["Adrenaline","Flying Knee"],"picked":"Accuracy","floor":13},{"not_picked":["Malaise","Unload"],"picked":"Corpse Explosion","floor":16},{"not_picked":["Backflip","Concentrate"],"picked":"Accuracy","floor":18},{"not_picked":["Outmaneuver","Finisher","Bane+1"],"picked":"SKIP","floor":20}],"player_experience":494863,"relics_obtained":[{"floor":7.0,"key":"Orichalcum"},{"floor":9,"key":"Matryoshka"},{"floor":11,"key":"Odd Mushroom"}],"event_choices":[{"damage_healed":0,"gold_gain":0,"player_choice":"Fought Mushrooms","damage_taken":0,"max_hp_gain":0,"max_hp_loss":0,"event_name":"Mushrooms","floor":11,"gold_loss":0},{"damage_healed":0,"gold_gain":0,"player_choice":"Fled","damage_taken":0,"max_hp_gain":0,"max_hp_loss":0,"event_name":"Scrap Ooze","floor":12,"gold_loss":0},{"damage_healed":0,"gold_gain":50,"player_choice":"Stole From Cult","damage_taken":0,"max_hp_gain":0,"max_hp_loss":0,"event_name":"Nest","floor":19,"gold_loss":0},{"damage_healed":0,"gold_gain":0,"player_choice":"Simplicity","damage_taken":0,"max_hp_gain":0,"max_hp_loss":0,"event_name":"Back to Basics","floor":21,"gold_loss":0,"cards_upgraded":["Strike_G","Strike_G","Strike_G","Strike_G","Strike_G","Defend_G","Defend_G","Defend_G","Defend_G","Defend_G"]}],"is_beta":false,"boss_relics":[{"not_picked":["HoveringKite","SlaversCollar"],"picked":"WristBlade"}],"items_purged_floors":[],"is_endless":false,"potions_floor_spawned":[1,2,5,7],"killed_by":"Sentry and Sphere","ascension_level":15}}