{"host":"9ubnrp80z7gv8v8p","time":1611388446,"event":{"mods":["AchievementEnabler","BaseMod","Better Altar","Better Match","Better Note","Better Sensory Stone","Better Skull","Better Third Choice","Better Vampires","BetterRewards","Block Reminder","Colored Map","DeckTracker","Displayed Cursed Tome","Highlight Path","Minty Spire (QoL Compilation)","Quick Restart","Rare Cards Sparkle","Relic Stats","Spire Birthday Party","StSLib","everything is the same but u backflip on backflip","slay the spire mod where everything is the same but ironclad has a cowboy hat"],"gold_per_floor":[99,112,112,37,37,65,65,65,65,80,98,98,108,108,108,206,256,266,266,266,279,279,279],"floor_reached":22,"language":"ENG","playtime":868,"items_purged":["Strike_P"],"score":240,"play_id":"912f64a0-d740-4d35-b51b-eab2e5febfa0","local_time":"20210123015406","is_ascension_mode":true,"campfire_choices":[{"data":"Consecrate","floor":7,"key":"SMITH"},{"floor":12,"key":"REST"},{"floor":15,"key":"REST"}],"circlet_count":0,"master_deck":["Strike_P+1","Strike_P","Strike_P+1","Defend_P","Defend_P","Defend_P","Defend_P","Eruption+1","Vigilance","Alpha","Consecrate+1","EmptyFist+1","Consecrate","FlurryOfBlows","Omniscience+1","FlurryOfBlows","Pain","DeusExMachina+1"],"relics":["PureWater","Girya","Toxic Egg 2","Question Card","Tiny House","WarpedTongs"],"acts_visited":["TheCity"],"potions_floor_usage":[21,22],"damage_taken":[{"damage":19,"enemies":"2 Louse","floor":1,"turns":3},{"damage":16,"enemies":"Small Slimes","floor":2,"turns":4},{"damage":17,"enemies":"3 Sentries","floor":6,"turns":5},{"damage":7,"enemies":"Jaw Worm","floor":10,"turns":3},{"damage":3,"enemies":"Looter","floor":11,"turns":2},{"damage":10,"enemies":"Exordium Thugs","floor":13,"turns":3},{"damage":20,"enemies":"Hexaghost","floor":16,"turns":7},{"damage":25,"enemies":"Chosen","floor":18,"turns":5},{"damage":2,"enemies":"Spheric Guardian","floor":21,"turns":2},{"damage":44,"enemies":"Snake Plant","floor":22,"turns":3}],"seed_played":"-6654267378545976326","potions_obtained":[{"floor":6,"key":"Ancient Potion"},{"floor":13,"key":"Fire Potion"},{"floor":16,"key":"Swift Potion"},{"floor":17,"key":"BlessingOfTheForge"}],"is_trial":false,"path_per_floor":["M","M","?","$","?","E","R","?","T","M","M","R","M","T","R","B",null,"M","?","?","M","M"],"character_chosen":"WATCHER","items_purchased":[],"campfire_rested":2,"item_purchase_floors":[],"current_hp_per_floor":[46,30,30,30,51,34,34,21,21,14,11,30,20,20,39,19,70,45,36,36,34,0,0],"gold":279,"neow_bonus":"THREE_RARE_CARDS","is_daily":false,"chose_seed":false,"campfire_upgraded":1,"win_rate":0.0,"timestamp":1611388446,"path_taken":["M","M","?","$","?","E","R","?","T","M","M","R","M","?","R","BOSS","M","?","?","M","?"],"items_purchased_type":[],"build_version":"2020-12-22","purchased_purges":1,"victory":false,"max_hp_per_floor":[65,65,65,65,65,65,65,65,65,65,65,65,65,65,65,65,70,70,70,70,70,70,70],"relic_stats":{"counters":[10,37],"Question Card":4,"obtain_stats":[{"Girya":6,"Tiny House":17,"PureWater":0,"Toxic Egg 2":9,"Question Card":14,"WarpedTongs":20},{"Girya":3,"Tiny House":7,"PureWater":0,"Toxic Egg 2":3,"Question Card":6,"WarpedTongs":8},{"Girya":12,"Tiny House":27,"PureWater":0,"Toxic Egg 2":12,"Question Card":20,"WarpedTongs":32}],"WarpedTongs":[5]},"card_choices":[{"not_picked":["Ragnarok","DevaForm"],"picked":"Alpha","floor":0},{"not_picked":["CrushJoints","EmptyFist"],"picked":"Consecrate","floor":1},{"not_picked":["Vengeance","FearNoEvil"],"picked":"EmptyFist","floor":2},{"not_picked":["FollowUp","SashWhip"],"picked":"Consecrate","floor":6},{"not_picked":["Crescendo+1","TalkToTheHand"],"picked":"FlurryOfBlows","floor":10},{"not_picked":["ThirdEye+1","Protect+1","Sanctity+1"],"picked":"SKIP","floor":11},{"not_picked":["FlyingSleeves","InnerPeace+1","Devotion"],"picked":"SKIP","floor":13},{"not_picked":["LessonLearned","Brilliance","MasterReality"],"picked":"Omniscience+1","floor":16},{"not_picked":["Protect+1","ThirdEye+1","WheelKick"],"picked":"FlurryOfBlows","floor":17},{"not_picked":["EmptyFist","BowlingBash","FollowUp","Evaluate+1"],"picked":"SKIP","floor":18},{"not_picked":["FlyingSleeves","Adaptation","ThirdEye+1"],"picked":"DeusExMachina+1","floor":21}],"player_experience":897746,"relics_obtained":[{"floor":6,"key":"Girya"},{"floor":9,"key":"Toxic Egg 2"},{"floor":14,"key":"Question Card"}],"event_choices":[{"damage_healed":0,"gold_gain":0,"player_choice":"Grow","damage_taken":0,"max_hp_gain":0,"max_hp_loss":0,"event_name":"Living Wall","floor":3,"gold_loss":0,"cards_upgraded":["Eruption"]},{"damage_healed":21,"gold_gain":0,"player_choice":"Banana","damage_taken":0,"max_hp_gain":0,"max_hp_loss":0,"event_name":"Big Fish","floor":5,"gold_loss":0},{"damage_healed":34,"gold_gain":0,"player_choice":"Upgrade","damage_taken":13,"max_hp_gain":0,"max_hp_loss":65,"event_name":"betterThird:BetterShining","floor":8,"gold_loss":0,"cards_upgraded":["EmptyFist","Strike_P"]},{"damage_healed":0,"gold_gain":0,"player_choice":"Stopped","damage_taken":9,"max_hp_gain":0,"max_hp_loss":0,"event_name":"Cursed Tome","floor":19,"gold_loss":0},{"damage_healed":0,"gold_gain":0,"player_choice":"Rummage","damage_taken":0,"relics_obtained":["WarpedTongs"],"max_hp_gain":0,"max_hp_loss":0,"event_name":"Accursed Blacksmith","floor":20,"gold_loss":0,"cards_obtained":["Pain"]}],"is_beta":false,"boss_relics":[{"not_picked":["Snecko Eye","Pandora\u0027s Box"],"picked":"Tiny House"}],"items_purged_floors":[4],"is_endless":false,"potions_floor_spawned":[6,13,16],"killed_by":"Snake Plant","ascension_level":3}}