{"host":"dlyy4wv9zatha4f7","time":1611429840,"event":{"mods":["BaseMod","Better Third Choice","Colored Map","GifTheSpireLib","Minty Spire (QoL Compilation)","Spicy Shops","StSLib","SuperFastMode","Unceasing Turn Reminder"],"gold_per_floor":[111,111,36,36,51,79,79,111,111,141,153,192,204,273,285,297,297],"floor_reached":16,"language":"ENG","playtime":600,"items_purged":["Regret"],"score":204,"play_id":"a7a8854d-5b66-4d61-b87f-645aa324194c","local_time":"20210123212400","is_ascension_mode":true,"campfire_choices":[{"data":"Dodge and Roll","floor":7,"key":"SMITH"},{"data":"Flying Knee","floor":13,"key":"SMITH"},{"data":"Blur","floor":15,"key":"SMITH"}],"circlet_count":0,"master_deck":["Strike_G","Strike_G","Strike_G","Strike_G","Strike_G","Defend_G","Defend_G","Defend_G","Defend_G","Survivor","Neutralize+1","Blur+1","Dodge and Roll+1","PiercingWail","PiercingWail","Flying Knee+1","Escape Plan"],"relics":["Ring of the Snake","NeowsBlessing","Meat on the Bone","The Courier","Toy Ornithopter","MawBank","Omamori","Oddly Smooth Stone"],"acts_visited":["Exordium"],"potions_floor_usage":[8,12,12],"damage_taken":[{"damage":0,"enemies":"2 Louse","floor":1,"turns":1},{"damage":0,"enemies":"Small Slimes","floor":5,"turns":1},{"damage":0,"enemies":"3 Sentries","floor":6,"turns":1},{"damage":40,"enemies":"Gremlin Nob","floor":8,"turns":6},{"damage":4,"enemies":"Cultist","floor":10,"turns":7},{"damage":17,"enemies":"3 Sentries","floor":12,"turns":14},{"damage":14,"enemies":"3 Sentries","floor":14,"turns":16},{"damage":44,"enemies":"Hexaghost","floor":16,"turns":16}],"seed_played":"4549010728602331309","potions_obtained":[{"floor":5,"key":"CunningPotion"},{"floor":8,"key":"Regen Potion"},{"floor":10,"key":"Swift Potion"}],"is_trial":false,"path_per_floor":["M","?","$","?","M","E","R","E","T","M","?","E","R","?","R","B"],"character_chosen":"THE_SILENT","items_purchased":[],"campfire_rested":0,"item_purchase_floors":[],"current_hp_per_floor":[63,63,63,63,63,63,63,35,35,43,36,44,44,42,42,0,0],"gold":297,"neow_bonus":"THREE_ENEMY_KILL","is_daily":false,"chose_seed":false,"campfire_upgraded":3,"win_rate":0.0,"timestamp":1611429840,"path_taken":["M","?","$","?","M","E","R","E","T","M","?","E","R","?","R","BOSS"],"items_purchased_type":[],"build_version":"2020-12-22","purchased_purges":1,"victory":false,"max_hp_per_floor":[70,70,70,70,70,70,70,70,70,70,70,70,70,70,70,70,70],"card_choices":[{"not_picked":["Dodge and Roll","Tactician"],"picked":"Blur","floor":1},{"not_picked":["Finisher","Eviscerate"],"picked":"Dodge and Roll","floor":5},{"not_picked":["Underhanded Strike","Flying Knee"],"picked":"PiercingWail","floor":6},{"not_picked":["Envenom","Dodge and Roll"],"picked":"PiercingWail","floor":8},{"not_picked":["Cloak And Dagger","Outmaneuver"],"picked":"Flying Knee","floor":10},{"not_picked":["Sucker Punch","Expertise"],"picked":"Escape Plan","floor":12}],"player_experience":2257820,"relics_obtained":[{"floor":6,"key":"The Courier"},{"floor":8,"key":"Toy Ornithopter"},{"floor":9,"key":"MawBank"},{"floor":12,"key":"Omamori"},{"floor":14,"key":"Oddly Smooth Stone"}],"event_choices":[{"damage_healed":0,"gold_gain":0,"player_choice":"Box","damage_taken":0,"relics_obtained":["Meat on the Bone"],"max_hp_gain":0,"max_hp_loss":0,"event_name":"Big Fish","floor":2,"gold_loss":0,"cards_obtained":["Regret"]},{"damage_healed":0,"gold_gain":0,"player_choice":"Grow","damage_taken":0,"max_hp_gain":0,"max_hp_loss":0,"event_name":"Living Wall","floor":4,"gold_loss":0,"cards_upgraded":["Neutralize"]},{"cards_removed":["Defend_G"],"damage_healed":0,"gold_gain":0,"player_choice":"Card Removal","damage_taken":7,"max_hp_gain":0,"max_hp_loss":0,"event_name":"Golden Wing","floor":11,"gold_loss":0},{"damage_healed":0,"gold_gain":30,"player_choice":"Searched \u00273\u0027 times","damage_taken":0,"max_hp_gain":0,"max_hp_loss":0,"event_name":"Dead Adventurer","floor":14,"gold_loss":0}],"is_beta":false,"boss_relics":[],"items_purged_floors":[3],"is_endless":false,"potions_floor_spawned":[5,8,10],"killed_by":"Hexaghost","ascension_level":9}}