{"host":"l99crexq2sc8megk","time":1611406589,"event":{"mods":["BaseMod","Hermit","Minty Spire (QoL Compilation)","Quick Restart","StSLib","The Cursed"],"gold_per_floor":[114,131,30,30,30,73,148,173,196,210,210,22,22,36,36,134,134,155,176,176,446,446,446],"floor_reached":22,"language":"ZHS","playtime":733,"items_purged":["Bash"],"score":331,"play_id":"08169920-93c9-4822-ba80-cc3937ae55b8","local_time":"20210123205629","is_ascension_mode":true,"campfire_choices":[{"data":"Juggernaut","floor":11,"key":"SMITH"},{"floor":15,"key":"REST"}],"circlet_count":0,"master_deck":["AscendersBane","Strike_R","Strike_R+1","Strike_R","Defend_R","Defend_R","Defend_R","Defend_R","Juggernaut+1","True Grit+1","Cleave","Flame Barrier","Disarm","Shrug It Off","Shrug It Off"],"relics":["Burning Blood","Bloody Idol","Ancient Tea Set","Blood Vial","Membership Card","Empty Cage"],"acts_visited":["Exordium","TheCity"],"potions_floor_usage":[6,16],"damage_taken":[{"damage":14,"enemies":"Jaw Worm","floor":1,"turns":5},{"damage":5,"enemies":"Small Slimes","floor":2,"turns":4},{"damage":16,"enemies":"3 Sentries","floor":6,"turns":8},{"damage":0,"enemies":"2 Louse","floor":8,"turns":4},{"damage":6,"enemies":"Blue Slaver","floor":10,"turns":5},{"damage":4,"enemies":"Exordium Wildlife","floor":14,"turns":3},{"damage":33,"enemies":"The Guardian","floor":16,"turns":17},{"damage":18,"enemies":"Chosen","floor":18,"turns":7},{"damage":14,"enemies":"Spheric Guardian","floor":19,"turns":6},{"damage":32,"enemies":"Shelled Parasite and Fungi","floor":22,"turns":4}],"seed_played":"-1611108361422080911","potions_obtained":[{"floor":1,"key":"Weak Potion"},{"floor":2,"key":"AttackPotion"},{"floor":14,"key":"GamblersBrew"}],"is_trial":false,"path_per_floor":["M","M","$","?","?","E","?","M","T","M","R","$","$","M","R","B",null,"M","M","?","?","M"],"character_chosen":"IRONCLAD","items_purchased":["True Grit","Membership Card","Disarm"],"campfire_rested":1,"item_purchase_floors":[3,12,12],"current_hp_per_floor":[60,61,61,61,41,31,20,26,26,28,28,28,28,32,52,27,58,48,42,42,30,0,0],"gold":446,"neow_bonus":"ONE_RANDOM_RARE_CARD","is_daily":false,"chose_seed":false,"campfire_upgraded":1,"win_rate":0.0,"timestamp":1611406589,"path_taken":["M","M","$","?","?","E","?","M","T","M","R","?","$","M","R","BOSS","M","M","?","?","?"],"items_purchased_type":["Card","Relic","Card"],"build_version":"2020-12-22","purchased_purges":1,"victory":false,"max_hp_per_floor":[75,75,75,68,68,68,68,68,68,68,68,68,68,68,68,68,68,68,68,68,68,68,68],"card_choices":[{"not_picked":["Seeing Red","Clash","Shockwave"],"picked":"SKIP","floor":1},{"not_picked":["Clash","Burning Pact","Dual Wield"],"picked":"SKIP","floor":2},{"not_picked":["Perfected Strike","Headbutt","Sword Boomerang"],"picked":"SKIP","floor":6},{"not_picked":["Headbutt","Twin Strike"],"picked":"Cleave","floor":8},{"not_picked":["Headbutt","Flex"],"picked":"Flame Barrier","floor":10},{"not_picked":["Heavy Blade","Clash"],"picked":"Shrug It Off","floor":14},{"not_picked":["Twin Strike","Intimidate"],"picked":"Shrug It Off","floor":18},{"not_picked":["Thunderclap","Rage","Clash"],"picked":"SKIP","floor":19}],"player_experience":366437,"relics_obtained":[{"floor":6,"key":"Ancient Tea Set"},{"floor":9,"key":"Blood Vial"}],"event_choices":[{"damage_healed":0,"gold_gain":0,"player_choice":"Lose Max HP","damage_taken":0,"relics_obtained":["Golden Idol"],"max_hp_gain":0,"max_hp_loss":7,"event_name":"Golden Idol","floor":4,"gold_loss":0},{"damage_healed":0,"gold_gain":0,"player_choice":"Entered Light","damage_taken":20,"max_hp_gain":0,"max_hp_loss":0,"event_name":"Shining Light","floor":5,"gold_loss":0,"cards_upgraded":["Strike_R","True Grit"]},{"damage_healed":0,"gold_gain":75,"player_choice":"Gather Gold","damage_taken":11,"max_hp_gain":0,"max_hp_loss":0,"event_name":"World of Goop","floor":7,"gold_loss":0},{"damage_healed":0,"gold_gain":0,"player_choice":"Gave Idol","damage_taken":0,"relics_obtained":["Bloody Idol"],"max_hp_gain":0,"max_hp_loss":0,"event_name":"Forgotten Altar","floor":20,"relics_lost":["Golden Idol"],"gold_loss":0},{"damage_healed":0,"gold_gain":270,"player_choice":"GOLD GOLD GOLD ","damage_taken":27,"max_hp_gain":0,"max_hp_loss":0,"event_name":"Knowing Skull","floor":21,"potions_obtained":[],"gold_loss":0,"cards_obtained":[]}],"is_beta":false,"boss_relics":[{"not_picked":["Philosopher\u0027s Stone","Runic Pyramid"],"picked":"Empty Cage"}],"items_purged_floors":[3],"is_endless":false,"potions_floor_spawned":[1,2,14],"killed_by":"Shelled Parasite and Fungi","ascension_level":16}}