{"host":"mo324zvkdr1xwprd","time":1611397153,"event":{"mods":["BaseMod","Better Note","BetterRewards","Hermit","Highlight Path","Hubris","Minty Spire (QoL Compilation)","Quick Restart","Rare Cards Sparkle","Shop Mod","StSLib","The Cursed","The Hierophant"],"gold_per_floor":[117,135,151,165,175,175,203,203,203,235,87,106,121,138,138,240,240,250,270,270,289,306,306,306],"floor_reached":23,"language":"ENG","playtime":2580,"items_purged":[],"score":209,"play_id":"8c7f70ec-ea82-4653-87f3-f2a45414c05c","local_time":"20210123101913","is_ascension_mode":false,"campfire_choices":[{"floor":6,"key":"REST"},{"floor":15,"key":"RECALL"}],"circlet_count":0,"master_deck":["TheCursedMod:Strike_TheCursed","TheCursedMod:Strike_TheCursed","TheCursedMod:Strike_TheCursed","TheCursedMod:Strike_TheCursed","TheCursedMod:Defend_TheCursed","TheCursedMod:Defend_TheCursed","TheCursedMod:Defend_TheCursed","TheCursedMod:Defend_TheCursed","TheCursedMod:CursedWand","TheCursedMod:CleanUpWorkshop","TheCursedMod:Dregs","TheCursedMod:AbyssShockwave","TheCursedMod:SmokeScreen","TheCursedMod:SoulReap","TheCursedMod:HellsGateOpen","TheCursedMod:CircleOfFlame","TheCursedMod:Grudge","TheCursedMod:CleanUpWorkshop","Madness","TheCursedMod:CursedBlade","TheCursedMod:Torture","TheCursedMod:StingEye","TheCursedMod:DemonicPact","TheCursedMod:CursedShiv","TheCursedMod:Stigma","TheCursedMod:ManaBullet","TheCursedMod:NeowsMight","TheCursedMod:SoulReap","TheCursedMod:LuckyCharm","hermit:Strike_Hermit","TheCursedMod:SpitefulPray+1","TheCursedMod:Torture+1"],"relics":["TheCursedMod:BlackMagic101","hubris:DeckOfHolding","Ginger","Mercury Hourglass","SlaversCollar"],"acts_visited":["Exordium","TheCity"],"potions_floor_usage":[7,13,16,19],"damage_taken":[{"damage":0,"enemies":"Small Slimes","floor":1,"turns":4},{"damage":1,"enemies":"Cultist","floor":2,"turns":3},{"damage":0,"enemies":"2 Louse","floor":3,"turns":3},{"damage":8,"enemies":"Red Slaver","floor":4,"turns":3},{"damage":28,"enemies":"Gremlin Gang","floor":5,"turns":5},{"damage":29,"enemies":"Gremlin Nob","floor":7,"turns":5},{"damage":10,"enemies":"Lagavulin","floor":10,"turns":9},{"damage":3,"enemies":"Exordium Wildlife","floor":12,"turns":2},{"damage":8,"enemies":"Large Slime","floor":13,"turns":4},{"damage":1,"enemies":"2 Fungi Beasts","floor":14,"turns":3},{"damage":9,"enemies":"Slime Boss","floor":16,"turns":9},{"damage":16,"enemies":"Shell Parasite","floor":18,"turns":4},{"damage":6,"enemies":"2 Thieves","floor":19,"turns":2},{"damage":37,"enemies":"Centurion and Healer","floor":21,"turns":6},{"damage":31,"enemies":"Snake Plant","floor":22,"turns":4},{"damage":7,"enemies":"Book of Stabbing","floor":23,"turns":2}],"seed_played":"-7154824950104657963","potions_obtained":[{"floor":3,"key":"SteroidPotion"},{"floor":10,"key":"Ancient Potion"},{"floor":12,"key":"TheCursedMod:DregsPotion"},{"floor":13,"key":"BlessingOfTheForge"},{"floor":14,"key":"Regen Potion"},{"floor":21,"key":"CultistPotion"}],"is_trial":false,"path_per_floor":["M","M","M","M","M","R","E","?","T","E","$","M","M","M","R","B",null,"M","M","?","M","M","E"],"character_chosen":"THE_CURSED","items_purchased":["TheCursedMod:StingEye","TheCursedMod:DemonicPact"],"campfire_rested":1,"item_purchase_floors":[11,11],"current_hp_per_floor":[82,81,81,78,53,77,58,58,58,48,48,50,47,51,51,62,82,67,66,66,39,14,7,7],"gold":306,"neow_bonus":"TEN_PERCENT_HP_BONUS","is_daily":false,"chose_seed":false,"campfire_upgraded":0,"win_rate":0.0,"timestamp":1611397153,"path_taken":["M","M","M","M","M","R","E","?","T","E","$","?","M","M","R","BOSS","M","M","?","?","M","E"],"items_purchased_type":["Card","Card"],"build_version":"2020-12-22","purchased_purges":0,"victory":false,"max_hp_per_floor":[82,82,82,82,82,82,82,82,82,82,82,82,82,82,82,82,82,82,82,82,82,82,82,82],"card_choices":[{"not_picked":["TheCursedMod:Stretching","TheCursedMod:SpitefulStrike"],"picked":"TheCursedMod:AbyssShockwave","floor":1},{"not_picked":["TheCursedMod:Stretching","TheCursedMod:PrepareRite"],"picked":"TheCursedMod:SmokeScreen","floor":2},{"not_picked":["TheCursedMod:Stigma","TheCursedMod:Stretching"],"picked":"TheCursedMod:SoulReap","floor":3},{"not_picked":["TheCursedMod:CursedBoomerang","TheCursedMod:ReleasedKnowledge"],"picked":"TheCursedMod:HellsGateOpen","floor":4},{"not_picked":["TheCursedMod:Obscuration","TheCursedMod:CursedShiv"],"picked":"TheCursedMod:CircleOfFlame","floor":5},{"not_picked":["TheCursedMod:StingEye","TheCursedMod:CursedBoomerang"],"picked":"TheCursedMod:Grudge","floor":7},{"not_picked":["TheCursedMod:StingEye","TheCursedMod:SpitefulPlan"],"picked":"TheCursedMod:Torture","floor":10},{"not_picked":["TheCursedMod:FleshFromBone","TheCursedMod:CircleOfCorruption"],"picked":"TheCursedMod:CursedShiv","floor":12},{"not_picked":["TheCursedMod:Mangle","TheCursedMod:CursedStaff"],"picked":"TheCursedMod:Stigma","floor":13},{"not_picked":["TheCursedMod:DarkBarrier","TheCursedMod:HellsGateOpen"],"picked":"TheCursedMod:ManaBullet","floor":14},{"not_picked":["TheCursedMod:ForbiddenAlchemy","TheCursedMod:DemonicPact"],"picked":"TheCursedMod:NeowsMight","floor":16},{"not_picked":["TheCursedMod:WearCloak","TheCursedMod:CursedBoomerang"],"picked":"TheCursedMod:SoulReap","floor":18},{"not_picked":["TheCursedMod:Torture","TheCursedMod:CursedMace"],"picked":"TheCursedMod:LuckyCharm","floor":19},{"not_picked":["TheCursedMod:CursedAmulet","TheCursedMod:CursedBlade+1"],"picked":"TheCursedMod:SpitefulPray+1","floor":21},{"not_picked":["TheCursedMod:FuryStrike","TheCursedMod:AbyssShockwave"],"picked":"TheCursedMod:Torture+1","floor":22}],"player_experience":343477,"relics_obtained":[{"floor":7,"key":"hubris:DeckOfHolding"},{"floor":9,"key":"Ginger"},{"floor":10,"key":"Mercury Hourglass"}],"event_choices":[{"damage_healed":0,"gold_gain":0,"player_choice":"3 cards matched","damage_taken":0,"max_hp_gain":0,"max_hp_loss":0,"event_name":"Match and Keep!","floor":8,"gold_loss":0,"cards_obtained":["TheCursedMod:CleanUpWorkshop","Madness","TheCursedMod:CursedBlade"]},{"damage_healed":0,"gold_gain":0,"player_choice":"Take","damage_taken":0,"max_hp_gain":0,"max_hp_loss":0,"event_name":"betterNote:BetterNote","floor":20,"gold_loss":0,"cards_obtained":["hermit:Strike_Hermit"]}],"is_beta":false,"boss_relics":[{"not_picked":["hubris:HollowSoul","hubris:ScarierMask"],"picked":"SlaversCollar"}],"items_purged_floors":[],"is_endless":false,"potions_floor_spawned":[3,10,12,13,14,21],"killed_by":"Book of Stabbing","ascension_level":0}}