{"host":"sboty77psj7t2cnn","time":1611364768,"event":{"mods":["Aspiration","BaseMod","Beaked The Cultist","Better Match","Better Vampires","ChefMod","Colored Map","Conspire","Dio Mod","Downfall","Hubris","Infinite Spire","Jorbs\u0027s Wanderer Trilogy","Minty Spire (QoL Compilation)","StSLib","The Cursed"],"gold_per_floor":[0,18,38,56,67,82,107,133,43,43,58,58,58,75,86,183,183,183,197,214,225,250,284,284,298,29,29,29,29,60,60,79,181,181,181,192,192,192],"floor_reached":37,"language":"SPA","playtime":3211,"items_purged":["beaked:TuckingFeathers","beaked:Strike_Y"],"score":440,"play_id":"06a94ad7-9654-46a3-be2c-3f06afc93234","local_time":"20210122191928","is_ascension_mode":false,"campfire_choices":[{"data":"beaked:LiftOff","floor":1,"key":"SMITH"},{"data":"beaked:SurvivalInstinct","floor":12,"key":"SMITH"},{"data":"beaked:BraceForImpact","floor":18,"key":"SMITH"},{"data":"beaked:CrazyRituals","floor":27,"key":"SMITH"},{"floor":29,"key":"RECALL"},{"data":"beaked:KnowThyFoe","floor":35,"key":"SMITH"}],"circlet_count":0,"master_deck":["beaked:Strike_Y","beaked:Strike_Y","beaked:Strike_Y","beaked:Strike_Y","beaked:Strike_Y","beaked:Defend_Y","beaked:Defend_Y","beaked:Defend_Y","beaked:Defend_Y","beaked:Ceremony","beaked:Ceremony","beaked:Ceremony","beaked:LiftOff+1","beaked:WarriorEssence","beaked:DigDeep","beaked:Overpower","beaked:BloodForTheGods","beaked:SurvivalInstinct+1","beaked:BraceForImpact+1","beaked:VolatileMisfortune","beaked:BraceForImpact+1","beaked:CrazyRituals+1","beaked:DigDeep","Guardian:Gem_Green","beaked:BraceForImpact","beaked:DarkPact","beaked:BraceForImpact","RitualDagger","beaked:KnowThyFoe+1","beaked:CrazyRituals+1"],"relics":["beaked:MendingPlumage","Lantern","Juzu Bracelet","downfall:ShatteredFragment","hubris:Icosahedron","hubris:HollowSoul","PreservedInsect","Eternal Feather","aspiration:RandomNobGenerator"],"acts_visited":["Exordium","TheCity","TheBeyond"],"potions_floor_usage":[5,20,21,21,22,22,26,36],"damage_taken":[{"damage":6,"enemies":"Cultist","floor":2,"turns":5},{"damage":6,"enemies":"2 Louse","floor":3,"turns":5},{"damage":5,"enemies":"Small Slimes","floor":4,"turns":5},{"damage":21,"enemies":"3 Louse","floor":5,"turns":7},{"damage":16,"enemies":"Blue Slaver","floor":6,"turns":7},{"damage":41,"enemies":"Gremlin Nob","floor":8,"turns":7},{"damage":0,"enemies":"downfall:FleeingMerchant","floor":9,"turns":4},{"damage":26,"enemies":"Exordium Wildlife","floor":11,"turns":6},{"damage":2,"enemies":"2 Fungi Beasts","floor":14,"turns":4},{"damage":9,"enemies":"Blue Slaver","floor":15,"turns":4},{"damage":49,"enemies":"DF_ARCHETYPE_STREAMLINE","floor":16,"turns":11},{"damage":34,"enemies":"conspire:FuzzyDice","floor":19,"turns":8},{"damage":40,"enemies":"3 Byrds","floor":20,"turns":4},{"damage":52,"enemies":"3 Cultists","floor":21,"turns":7},{"damage":53,"enemies":"Snake Plant","floor":22,"turns":7},{"damage":80,"enemies":"conspire:Head Lice","floor":23,"turns":12},{"damage":27,"enemies":"Shelled Parasite and Fungi","floor":25,"turns":9},{"damage":0,"enemies":"downfall:FleeingMerchant","floor":26,"turns":4},{"damage":41,"enemies":"conspire:SneckoGhost","floor":30,"turns":7},{"damage":44,"enemies":"Centurion and Healer","floor":32,"turns":8},{"damage":33,"enemies":"WA_ARCHETYPE_CALM","floor":33,"turns":11},{"damage":78,"enemies":"3 Shapes","floor":36,"turns":6},{"damage":14,"enemies":"Orb Walker","floor":37,"turns":2}],"seed_played":"4140126365691637457","potions_obtained":[{"floor":3,"key":"SkillPotion"},{"floor":4,"key":"SteroidPotion"},{"floor":8,"key":"LiquidBronze"},{"floor":11,"key":"LiquidBronze"},{"floor":15,"key":"BlessingOfTheForge"},{"floor":20,"key":"Energy Potion"},{"floor":21,"key":"Guardian:BlockOnCardUsePotion"},{"floor":25,"key":"FearPotion"},{"floor":32,"key":"SkillPotion"}],"is_trial":false,"path_per_floor":["R","M","M","M","M","M","T","E","$","?","M","R","?","M","M","B",null,"R","M","M","M","M","E","T","M","$","R","?","R","E","?","M","B",null,"R","M","M"],"character_chosen":"BEAKED_THE_CULTIST","items_purchased":["beaked:DarkPact"],"campfire_rested":0,"item_purchase_floors":[26],"current_hp_per_floor":[50,50,50,50,43,47,47,29,46,31,48,48,48,50,45,49,50,50,44,18,26,36,50,50,50,50,50,50,50,39,33,50,49,50,50,17,0,0],"gold":192,"neow_bonus":"THREE_RARE_CARDS","is_daily":false,"chose_seed":false,"campfire_upgraded":5,"win_rate":0.0,"timestamp":1611364768,"path_taken":["R","M","M","M","M","M","T","E","$","?","M","R","?","M","M","BOSS","R","M","M","M","M","E","T","M","$","R","?","R","E","?","M","BOSS","R","M","M"],"items_purchased_type":["Card"],"build_version":"2020-12-22","purchased_purges":2,"victory":false,"max_hp_per_floor":[50,50,50,50,50,50,50,50,50,50,50,50,50,50,50,50,50,50,50,50,50,50,50,50,50,50,50,50,50,50,50,50,50,50,50,50,50,50],"card_choices":[{"not_picked":["beaked:WildInstinct","beaked:MachineEssence"],"picked":"beaked:LiftOff","floor":0},{"not_picked":["beaked:Redirect","beaked:Cower"],"picked":"beaked:TuckingFeathers","floor":2},{"not_picked":["beaked:Tradeoff","beaked:Struggle"],"picked":"beaked:WarriorEssence","floor":3},{"not_picked":["beaked:SacrificialAttack","beaked:Cower","beaked:Tradeoff"],"picked":"SKIP","floor":4},{"not_picked":["beaked:DigDeeper","beaked:CursingBlood","beaked:Redirect"],"picked":"SKIP","floor":5},{"not_picked":["beaked:Redirect","beaked:Foresight"],"picked":"beaked:DigDeep","floor":6},{"not_picked":["beaked:MimicMachine","beaked:Overexert"],"picked":"beaked:Overpower","floor":8},{"not_picked":["beaked:CursingBlood","beaked:MaddeningMurmurs"],"picked":"beaked:BloodForTheGods","floor":9},{"not_picked":["beaked:Replenish","beaked:Redirect"],"picked":"beaked:SurvivalInstinct","floor":11},{"not_picked":["beaked:Resilience","beaked:CheekyTricks","beaked:MimicWarrior"],"picked":"SKIP","floor":14},{"not_picked":["beaked:SurvivalInstinct","beaked:Flinch"],"picked":"beaked:BraceForImpact","floor":15},{"not_picked":["beaked:MachineEssence","beaked:LiftOff"],"picked":"beaked:VolatileMisfortune","floor":16},{"not_picked":["beaked:SurvivalInstinct","beaked:BloodRitual+1"],"picked":"beaked:BraceForImpact+1","floor":19},{"not_picked":["beaked:FeelMyPain+1","beaked:Mantra+1"],"picked":"beaked:CrazyRituals","floor":20},{"not_picked":["beaked:Daydream","beaked:Struggle"],"picked":"beaked:DigDeep","floor":21},{"not_picked":["beaked:Tweet","beaked:MimicWarrior","beaked:Daydream"],"picked":"SKIP","floor":22},{"not_picked":["Guardian:Gem_Lightblue","Guardian:Gem_Cyan"],"picked":"Guardian:Gem_Green","floor":23},{"not_picked":["beaked:Caw","beaked:Tweet+1","beaked:LiftOff"],"picked":"SKIP","floor":23},{"not_picked":["beaked:Foresight","beaked:Daydream"],"picked":"beaked:BraceForImpact","floor":25},{"not_picked":["beaked:Overexert","beaked:Molting","beaked:Windmill"],"picked":"SKIP","floor":26},{"not_picked":["beaked:MachineSpirit","beaked:DarkPact"],"picked":"beaked:BraceForImpact","floor":30},{"not_picked":["beaked:Roost+1","beaked:CursingBlood","beaked:Tweet"],"picked":"SKIP","floor":32},{"not_picked":["beaked:FullHouse","beaked:ShadowFade"],"picked":"beaked:KnowThyFoe","floor":33},{"not_picked":["beaked:BounceBack+1","beaked:Flinch"],"picked":"beaked:CrazyRituals+1","floor":36}],"player_experience":368707,"relics_obtained":[{"floor":7,"key":"Lantern"},{"floor":8,"key":"Juzu Bracelet"},{"floor":23,"key":"PreservedInsect"},{"floor":30,"key":"Eternal Feather"}],"event_choices":[{"damage_healed":0,"gold_gain":0,"player_choice":"Leave","damage_taken":0,"max_hp_gain":0,"max_hp_loss":0,"event_name":"conspire:Investor","floor":28,"gold_loss":0}],"is_beta":false,"boss_relics":[{"not_picked":["aspiration:RunicSpoon","hubris:CrackedHourglass"],"picked":"hubris:HollowSoul"},{"not_picked":["SacredBark","hubris:TerracottaHorce"],"picked":"aspiration:RandomNobGenerator"}],"items_purged_floors":[9,26],"is_endless":false,"potions_floor_spawned":[3,4,8,11,15,16,20,21,25,32],"killed_by":"Orb Walker","ascension_level":0}}