{"host":"tjq6rykv202u6iqx","time":1611374842,"event":{"mods":["AchievementEnabler","BaseMod","Minty Spire (QoL Compilation)","Rare Cards Sparkle","Relic Stats"],"gold_per_floor":[119,33,45,57,73,101,101,116,170,184,218,235,12,42,42,119,119,139,64,74,54,65,65,92,92,92,124,141,167,16,16,16,93,93,103,1102,1115,1115,823,858,858,888,888,919,919,919,480,480,480,480,480,480,6,40,40],"floor_reached":56,"language":"ENG","playtime":5415,"items_purged":["Strike_R","Strike_R","Normality","Normality","Strike_R+1"],"score":2883,"play_id":"de4c2cb9-992e-44e3-96d7-c8ff57323ba9","local_time":"20210122220722","is_ascension_mode":true,"campfire_choices":[{"data":"Pommel Strike","floor":7.0,"key":"SMITH"},{"data":"Barricade","floor":15,"key":"SMITH"},{"data":"Flame Barrier","floor":23,"key":"SMITH"},{"data":"Shockwave","floor":25,"key":"SMITH"},{"data":"Impervious","floor":32,"key":"SMITH"},{"data":"Impervious","floor":41,"key":"SMITH"},{"floor":45,"key":"RECALL"},{"data":"Flame Barrier","floor":49,"key":"SMITH"},{"data":"Fiend Fire","floor":52,"key":"SMITH"}],"circlet_count":0,"master_deck":["AscendersBane","Strike_R+1","Defend_R+1","Defend_R+1","Defend_R+1","Defend_R+1","Bash","Flame Barrier+1","Impervious+1","Pommel Strike+1","Impervious+1","Clothesline","Thunderclap","Barricade+1","Second Wind+1","Shockwave+1","Feed","Body Slam","Flame Barrier+1","Dark Embrace","Barricade","Sever Soul","Dark Shackles","Offering","Carnage+1","Reaper","Purity+1","Body Slam","Fiend Fire+1","Dark Embrace","Flame Barrier","Disarm"],"relics":["Coffee Dripper","The Courier","Pen Nib","Matryoshka","Happy Flower","Red Skull","Snecko Eye","Blood Vial","HornCleat","Self Forming Clay","Centennial Puzzle","Darkstone Periapt","Runic Dome","Akabeko","War Paint","Bronze Scales","Bag of Marbles","OrangePellets","Strawberry","Vajra","Membership Card","Bottled Tornado","Oddly Smooth Stone","Bag of Preparation","White Beast Statue"],"acts_visited":["Exordium","TheCity","TheBeyond","TheEnding"],"potions_floor_usage":[11,16,21,24,27,55,55],"damage_taken":[{"damage":2.0,"enemies":"Cultist","floor":1.0,"turns":4.0},{"damage":0.0,"enemies":"2 Louse","floor":3.0,"turns":3.0},{"damage":2.0,"enemies":"Jaw Worm","floor":4.0,"turns":4.0},{"damage":5.0,"enemies":"3 Louse","floor":5.0,"turns":4.0},{"damage":30.0,"enemies":"3 Sentries","floor":6.0,"turns":10.0},{"damage":0.0,"enemies":"2 Fungi Beasts","floor":8.0,"turns":3.0},{"damage":1.0,"enemies":"Blue Slaver","floor":10.0,"turns":3.0},{"damage":9,"enemies":"Gremlin Nob","floor":11,"turns":3},{"damage":6,"enemies":"Looter","floor":12,"turns":3},{"damage":12,"enemies":"3 Sentries","floor":14,"turns":7},{"damage":0,"enemies":"The Guardian","floor":16,"turns":10},{"damage":0,"enemies":"Chosen","floor":18,"turns":7},{"damage":7,"enemies":"Shell Parasite","floor":20,"turns":6},{"damage":10,"enemies":"Snake Plant","floor":22,"turns":6},{"damage":49,"enemies":"Slavers","floor":24,"turns":9},{"damage":4,"enemies":"Book of Stabbing","floor":27,"turns":4},{"damage":0,"enemies":"Snecko","floor":28,"turns":3},{"damage":0,"enemies":"Gremlin Leader","floor":29,"turns":4},{"damage":0,"enemies":"Automaton","floor":33,"turns":9},{"damage":0,"enemies":"3 Shapes","floor":35,"turns":7},{"damage":0,"enemies":"3 Darklings","floor":37,"turns":10},{"damage":37,"enemies":"Reptomancer","floor":40,"turns":6},{"damage":0,"enemies":"Nemesis","floor":42,"turns":11},{"damage":0,"enemies":"Giant Head","floor":44,"turns":3},{"damage":72,"enemies":"Awakened One","floor":50,"turns":16},{"damage":24,"enemies":"Shield and Spear","floor":54,"turns":6},{"damage":6,"enemies":"The Heart","floor":55,"turns":7}],"seed_played":"-6315677171747525854","potions_obtained":[{"floor":3.0,"key":"Dexterity Potion"},{"floor":6.0,"key":"SkillPotion"},{"floor":14,"key":"HeartOfIron"},{"floor":16,"key":"BlessingOfTheForge"},{"floor":20,"key":"BloodPotion"},{"floor":21,"key":"PowerPotion"},{"floor":29,"key":"DuplicationPotion"},{"floor":33,"key":"SteroidPotion"},{"floor":35,"key":"Dexterity Potion"}],"is_trial":false,"path_per_floor":["M","$","M","M","M","E","R","M","T","M","E","M","$","E","R","B",null,"M","?","M","?","M","R","E","R","T","E","M","E","$","?","R","B",null,"M","?","M","?","$","E","R","E","T","E","R","?","$","T","R","B",null,"R","$","E","B",null],"character_chosen":"IRONCLAD","items_purchased":["Impervious","Happy Flower","Second Wind","Dark Shackles","Reaper","Purity","OrangePellets","Dark Embrace","Strawberry","Membership Card","Flame Barrier","Bottled Tornado","Oddly Smooth Stone","Bag of Preparation"],"campfire_rested":0,"item_purchase_floors":[2,13,13,30,39,39,47,47,47,53,53,53,53,53],"current_hp_per_floor":[66,66,66,64,59,29,29,29,29,28,19,13,13,1,1,1,57,60,60,56,72,65,65,19,19,19,21,26,31,31,31,31,36,84,89,101,106,106,106,83,83,89,89,91,91,91,98,98,98,40,99,99,99,84,87],"gold":40,"neow_bonus":"BOSS_RELIC","is_daily":false,"chose_seed":false,"campfire_upgraded":8,"win_rate":0.0,"timestamp":1611374842,"path_taken":["M","?","M","M","M","E","R","M","T","M","E","M","?","E","R","BOSS","M","?","M","?","?","R","E","R","T","E","M","E","?","?","R","BOSS","M","?","M","?","$","E","R","E","T","E","R","?","$","?","R","BOSS","R","$","E","BOSS"],"items_purchased_type":["Card","Relic","Card","Card","Card","Card","Relic","Card","Relic","Relic","Card","Relic","Relic","Relic"],"build_version":"2020-12-22","purchased_purges":5,"victory":true,"max_hp_per_floor":[75,75,75,75,75,75,75,75,75,75,75,75,75,75,75,75,75,78,78,81,81,84,84,87,87,87,91,94,97,97,97,97,100,100,103,115,118,118,118,118,118,118,118,118,118,112,119,119,119,119,119,119,119,122,122],"relic_stats":{"Darkstone Periapt":12,"Happy Flower":[43],"counters":[27,168],"Self Forming Clay":[51],"Pen Nib":[23],"Bag of Preparation":[4],"War Paint":["Purity","Second Wind"],"Blood Vial":24,"OrangePellets":[3],"Centennial Puzzle":[12],"Bronze Scales":[209],"Snecko Eye":[167,165,184,162],"obtain_stats":[{"Darkstone Periapt":29,"Vajra":48,"Bag of Preparation":53,"Bottled Tornado":53,"Burning Blood":0,"Blood Vial":24,"Centennial Puzzle":27,"Matryoshka":11,"HornCleat":26,"Strawberry":47,"Red Skull":14,"Happy Flower":13,"Self Forming Clay":26,"Oddly Smooth Stone":53,"The Courier":6,"Pen Nib":9,"War Paint":42,"Akabeko":40,"White Beast Statue":54,"Runic Dome":34,"OrangePellets":47,"Bronze Scales":43,"Snecko Eye":17,"Coffee Dripper":0,"Bag of Marbles":44,"Membership Card":53},{"Darkstone Periapt":18,"Vajra":24,"Bag of Preparation":25,"Bottled Tornado":25,"Burning Blood":0,"Blood Vial":15,"Centennial Puzzle":16,"Matryoshka":8,"HornCleat":15,"Strawberry":24,"Red Skull":10,"Happy Flower":9,"Self Forming Clay":15,"Oddly Smooth Stone":25,"The Courier":5,"Pen Nib":6,"War Paint":23,"Akabeko":22,"White Beast Statue":26,"Runic Dome":19,"OrangePellets":24,"Bronze Scales":23,"Snecko Eye":11,"Coffee Dripper":0,"Bag of Marbles":24,"Membership Card":25},{"Darkstone Periapt":93,"Vajra":139,"Bag of Preparation":155,"Bottled Tornado":155,"Burning Blood":0,"Blood Vial":82,"Centennial Puzzle":86,"Matryoshka":34,"HornCleat":82,"Strawberry":139,"Red Skull":44,"Happy Flower":37,"Self Forming Clay":82,"Oddly Smooth Stone":155,"The Courier":25,"Pen Nib":28,"War Paint":136,"Akabeko":125,"White Beast Statue":161,"Runic Dome":102,"OrangePellets":139,"Bronze Scales":136,"Snecko Eye":54,"Coffee Dripper":0,"Bag of Marbles":139,"Membership Card":155}]},"card_choices":[{"not_picked":["Pommel Strike","Flex"],"picked":"Flame Barrier","floor":1.0},{"not_picked":["Rampage","Havoc"],"picked":"Anger","floor":3.0},{"not_picked":["Heavy Blade","Sentinel"],"picked":"Pommel Strike","floor":4.0},{"not_picked":["Body Slam","Flame Barrier"],"picked":"Impervious","floor":5.0},{"not_picked":["Headbutt","Rampage"],"picked":"Clothesline","floor":6.0},{"not_picked":["Flex","Warcry"],"picked":"Thunderclap","floor":8.0},{"not_picked":["Cleave","Clothesline","Thunderclap"],"picked":"SKIP","floor":10.0},{"not_picked":["Twin Strike","Clothesline"],"picked":"Barricade","floor":11},{"not_picked":["Sword Boomerang","Clothesline","Hemokinesis"],"picked":"SKIP","floor":12},{"not_picked":["Cleave","Clothesline"],"picked":"Shockwave","floor":14},{"not_picked":["Barricade","Double Tap"],"picked":"Feed","floor":16},{"not_picked":["Infernal Blade+1","True Grit"],"picked":"Body Slam","floor":18},{"not_picked":["Flex","Dropkick"],"picked":"Flame Barrier","floor":20},{"not_picked":["Havoc","Second Wind","Anger"],"picked":"SKIP","floor":22},{"not_picked":["Dual Wield","Flex+1"],"picked":"Dark Embrace","floor":24},{"not_picked":["Pommel Strike+1","Battle Trance"],"picked":"Barricade","floor":27},{"not_picked":["Wild Strike","Evolve"],"picked":"Sever Soul","floor":28},{"not_picked":["Intimidate","Fire Breathing","Sword Boomerang"],"picked":"SKIP","floor":29},{"not_picked":["Berserk","Feed"],"picked":"Offering","floor":33},{"not_picked":["Sword Boomerang","Twin Strike"],"picked":"Carnage+1","floor":35},{"not_picked":["Dark Embrace","Perfected Strike","Warcry"],"picked":"SKIP","floor":37},{"not_picked":["Sword Boomerang","Twin Strike"],"picked":"Body Slam","floor":40},{"not_picked":["Double Tap","Bloodletting"],"picked":"Fiend Fire","floor":42},{"not_picked":["Combust","Armaments","Flex+1"],"picked":"SKIP","floor":44},{"not_picked":["Thunderclap+1","Combust"],"picked":"Disarm","floor":54}],"player_experience":867908,"relics_obtained":[{"floor":6.0,"key":"The Courier"},{"floor":9.0,"key":"Pen Nib"},{"floor":11,"key":"Matryoshka"},{"floor":14,"key":"Red Skull"},{"floor":24,"key":"Blood Vial"},{"floor":26,"key":"HornCleat"},{"floor":26,"key":"Self Forming Clay"},{"floor":27,"key":"Centennial Puzzle"},{"floor":29,"key":"Darkstone Periapt"},{"floor":40,"key":"Akabeko"},{"floor":42,"key":"War Paint"},{"floor":43,"key":"Bronze Scales"},{"floor":44,"key":"Bag of Marbles"},{"floor":48,"key":"Vajra"},{"floor":54,"key":"White Beast Statue"}],"event_choices":[{"cards_removed":["Strike_R"],"damage_healed":0,"gold_gain":0,"player_choice":"Gave Gold","damage_taken":0,"max_hp_gain":0,"max_hp_loss":0,"event_name":"Beggar","floor":19,"gold_loss":75},{"damage_healed":0,"gold_gain":0,"player_choice":"Bought 1 Potion","damage_taken":0,"max_hp_gain":0,"max_hp_loss":0,"event_name":"The Woman in Blue","floor":21,"gold_loss":0},{"damage_healed":0,"gold_gain":0,"player_choice":"Simplicity","damage_taken":0,"max_hp_gain":0,"max_hp_loss":0,"event_name":"Back to Basics","floor":31,"gold_loss":0,"cards_upgraded":["Strike_R","Strike_R","Defend_R","Defend_R","Defend_R","Defend_R"]},{"damage_healed":0,"gold_gain":999,"player_choice":"Gold","damage_taken":0,"max_hp_gain":0,"max_hp_loss":0,"event_name":"MindBloom","floor":36,"gold_loss":0,"cards_obtained":["Normality","Normality"]},{"cards_removed":["Anger"],"damage_healed":0,"gold_gain":0,"player_choice":"Removed Attack","damage_taken":0,"max_hp_gain":0,"max_hp_loss":0,"event_name":"Falling","floor":38,"gold_loss":0},{"damage_healed":0,"gold_gain":0,"player_choice":"Max HP","damage_taken":0,"max_hp_gain":0,"max_hp_loss":6,"event_name":"Winding Halls","floor":46,"gold_loss":0}],"is_beta":false,"boss_relics":[{"not_picked":["Runic Cube","Sozu"],"picked":"Snecko Eye"},{"not_picked":["Mark of Pain","Tiny House"],"picked":"Runic Dome"}],"items_purged_floors":[13,30,39,47,53],"is_endless":false,"potions_floor_spawned":[3,6,14,16,18,20,22,29,33,35,37,44],"ascension_level":19}}