{"host":"1mv6gj0zv8k9e9tz","time":1611424711,"event":{"mods":["AchievementEnabler","BaseMod","Better Third Choice","Colored Map","KOR Keyword Fix","Minty Spire (QoL Compilation)","Permanent Neow","Rare Cards Sparkle","StSLib"],"gold_per_floor":[118,135,135,154,167,167,194,194,240,252,302,302,317,327,327,327,327],"floor_reached":16,"language":"KOR","playtime":509,"items_purged":[],"score":208,"play_id":"d599b6c4-2e59-4a2e-b75c-6c256f7f59bd","local_time":"20210124025831","is_ascension_mode":true,"campfire_choices":[{"data":"Bouncing Flask","floor":6.0,"key":"SMITH"},{"data":"Noxious Fumes","floor":8.0,"key":"SMITH"},{"floor":12.0,"key":"REST"},{"data":"Crippling Poison","floor":15,"key":"SMITH"}],"circlet_count":0,"master_deck":["AscendersBane","Strike_G","Strike_G","Strike_G","Strike_G","Strike_G","Defend_G","Defend_G","Defend_G","Defend_G","Defend_G","Survivor","Neutralize","Noxious Fumes+1","Deadly Poison","Bouncing Flask+1","Escape Plan","PiercingWail","Calculated Gamble","Crippling Poison+1"],"relics":["Philosopher\u0027s Stone","Sundial","Strawberry"],"acts_visited":["Exordium"],"potions_floor_usage":[],"damage_taken":[{"damage":0.0,"enemies":"2 Louse","floor":1.0,"turns":3.0},{"damage":2.0,"enemies":"Cultist","floor":2.0,"turns":4.0},{"damage":7.0,"enemies":"Small Slimes","floor":4.0,"turns":4.0},{"damage":0.0,"enemies":"2 Fungi Beasts","floor":5.0,"turns":5.0},{"damage":31.0,"enemies":"3 Sentries","floor":7.0,"turns":9.0},{"damage":17.0,"enemies":"Exordium Thugs","floor":10.0,"turns":4.0},{"damage":19,"enemies":"Gremlin Gang","floor":13,"turns":6},{"damage":4,"enemies":"Blue Slaver","floor":14,"turns":4},{"damage":0,"enemies":"Hexaghost","floor":16,"turns":2}],"seed_played":"1791352747518681052","potions_obtained":[{"floor":1.0,"key":"GhostInAJar"},{"floor":7.0,"key":"DistilledChaos"},{"floor":14,"key":"SmokeBomb"}],"is_trial":false,"path_per_floor":["M","M","?","M","M","R","E","R","T","M","?","R","M","M","R","B"],"character_chosen":"THE_SILENT","items_purchased":[],"campfire_rested":1,"item_purchase_floors":[],"current_hp_per_floor":[59,57,57,50,50,50,19,19,26,9,9,30,11,7,7,7,7],"gold":327,"neow_bonus":"BOSS_RELIC","is_daily":false,"chose_seed":false,"campfire_upgraded":3,"win_rate":0.0,"timestamp":1611424711,"path_taken":["M","M","?","M","M","R","E","R","T","M","?","R","M","M","R","BOSS"],"items_purchased_type":[],"build_version":"2020-12-22","purchased_purges":0,"victory":false,"max_hp_per_floor":[66,66,66,66,66,66,66,66,73,73,73,73,73,73,73,73,73],"card_choices":[{"not_picked":["Outmaneuver","Infinite Blades"],"picked":"Noxious Fumes","floor":1.0},{"not_picked":["Acrobatics","Bane"],"picked":"Deadly Poison","floor":2.0},{"not_picked":["PiercingWail","Deadly Poison"],"picked":"Bouncing Flask","floor":4.0},{"not_picked":["Prepared","Underhanded Strike","Noxious Fumes"],"picked":"SKIP","floor":5.0},{"not_picked":["Reflex","Terror"],"picked":"Escape Plan","floor":7.0},{"not_picked":["Dagger Throw","Quick Slash"],"picked":"PiercingWail","floor":10.0},{"not_picked":["Dagger Throw","Deadly Poison"],"picked":"Calculated Gamble","floor":13},{"not_picked":["Deadly Poison","Endless Agony"],"picked":"Crippling Poison","floor":14}],"player_experience":554511,"relics_obtained":[{"floor":7.0,"key":"Sundial"},{"floor":9.0,"key":"Strawberry"}],"event_choices":[{"damage_healed":0.0,"max_hp_gain":0.0,"max_hp_loss":0.0,"gold_gain":0.0,"event_name":"betterThird:BetterSerpent","player_choice":"Ignored","floor":3.0,"gold_loss":0.0,"damage_taken":135.0},{"damage_healed":0.0,"max_hp_gain":0.0,"max_hp_loss":0.0,"gold_gain":50.0,"event_name":"Golden Shrine","player_choice":"Pray","floor":11.0,"gold_loss":0.0,"damage_taken":0.0}],"is_beta":false,"boss_relics":[],"items_purged_floors":[],"is_endless":false,"potions_floor_spawned":[1,7,14],"killed_by":"Hexaghost","ascension_level":20}}