{"host":"ishme5wb80o83upk","time":1611367947,"event":{"mods":["BaseMod","Minty Spire (QoL Compilation)","Prisma Mod","StSLib"],"gold_per_floor":[114,114,13,30,41,41,69,69,69,81,115,115,148,148,148,276,276,296,296,296,296,346,377,377,395,447,131,131,166,189,233,233,353,353,372,387,107,107,120,120,159,159,186,221,280,316,141,180,180,180,180,180,7,51,51],"floor_reached":56,"language":"KOR","playtime":4387,"items_purged":["Shame","PrismaMod:ChloeCommonAttack","PrismaMod:ChloeCommonDefend","PrismaMod:ChloeCommonAttack"],"score":1436,"play_id":"92a27040-41af-4d9a-a781-053763b3f3e9","local_time":"20210123111227","is_ascension_mode":true,"campfire_choices":[{"data":"PrismaMod:ChloeCheapDefend","floor":6.0,"key":"SMITH"},{"data":"PrismaMod:ChloeExhaustOne","floor":8.0,"key":"SMITH"},{"data":"PrismaMod:ChloeBetterTracePools","floor":12.0,"key":"SMITH"},{"data":"PrismaMod:ChloeRitsuka","floor":15.0,"key":"SMITH"},{"data":"PrismaMod:ChloeAnySkillTrace","floor":24,"key":"SMITH"},{"data":"PrismaMod:ChloeExhaustTwo","floor":32,"key":"SMITH"},{"floor":40,"key":"RECALL"}],"circlet_count":0,"master_deck":["PrismaMod:ChloeCommonDefend","PrismaMod:ChloeCommonDefend","PrismaMod:ChloeCommonDefend","PrismaMod:ChloeCheapDefend+1","PrismaMod:ChloeExhaustOne","PrismaMod:ChloeExhaustOne+1","PrismaMod:ChloeDiscardRecovery","PrismaMod:ChloeCarnivalAttack","PrismaMod:ChloeBetterTracePools+1","PrismaMod:ChloeRitsuka+1","PrismaMod:ChloeAnySkillTrace+1","PrismaMod:ChloeCheapDefend+1","PrismaMod:ChloeRitsuka","PrismaMod:ChloeCommonAOEAttack+1","PrismaMod:ChloeCheapDefendTwo","PrismaMod:ChloeCheapAttackTwo","PrismaMod:ChloeExhaustTwo+1","PrismaMod:ChloeCarnivalDefend","PrismaMod:ChloeGreatTracePools","PrismaMod:ChloeDiscardRecovery+1","PrismaMod:ChloeGaeBolg+1"],"relics":["PrismaMod:PrismaTraceOn","NeowsBlessing","Ice Cream","Pantograph","Mercury Hourglass","Centennial Puzzle","Bottled Flame","Golden Idol","Coffee Dripper","Orichalcum","Happy Flower","Whetstone","Sundial","Oddly Smooth Stone","The Courier","Fusion Hammer","Ornamental Fan","Blue Candle","PrismaMod:AliceRelic","Smiling Mask","Mango","Frozen Egg 2","Membership Card","Calipers","Bag of Marbles"],"acts_visited":["Exordium","TheCity","TheBeyond","TheEnding"],"potions_floor_usage":[45,55,55],"damage_taken":[{"damage":0.0,"enemies":"Cultist","floor":1.0,"turns":1.0},{"damage":0.0,"enemies":"Jaw Worm","floor":4.0,"turns":1.0},{"damage":0.0,"enemies":"Small Slimes","floor":5.0,"turns":1.0},{"damage":14.0,"enemies":"Gremlin Nob","floor":7.0,"turns":3.0},{"damage":0.0,"enemies":"Looter","floor":10.0,"turns":2.0},{"damage":5.0,"enemies":"3 Sentries","floor":11.0,"turns":5.0},{"damage":7.0,"enemies":"Gremlin Nob","floor":13.0,"turns":3.0},{"damage":30.0,"enemies":"Hexaghost","floor":16.0,"turns":9.0},{"damage":0.0,"enemies":"3 Byrds","floor":18.0,"turns":5.0},{"damage":1,"enemies":"2 Thieves","floor":22,"turns":3},{"damage":13,"enemies":"Book of Stabbing","floor":23,"turns":5},{"damage":13,"enemies":"Chosen and Byrds","floor":25,"turns":5},{"damage":5,"enemies":"Slavers","floor":29,"turns":4},{"damage":6,"enemies":"3 Cultists","floor":30,"turns":6},{"damage":0,"enemies":"Book of Stabbing","floor":31,"turns":7},{"damage":7,"enemies":"Champ","floor":33,"turns":8},{"damage":0,"enemies":"3 Darklings","floor":35,"turns":4},{"damage":0,"enemies":"Orb Walker","floor":36,"turns":4},{"damage":7,"enemies":"Writhing Mass","floor":39,"turns":8},{"damage":9,"enemies":"Nemesis","floor":41,"turns":7},{"damage":5,"enemies":"Reptomancer","floor":44,"turns":8},{"damage":19,"enemies":"2 Orb Walkers","floor":45,"turns":3},{"damage":3,"enemies":"Nemesis","floor":46,"turns":5},{"damage":0,"enemies":"Maw","floor":48,"turns":7},{"damage":40,"enemies":"Awakened One","floor":50,"turns":11},{"damage":7,"enemies":"Shield and Spear","floor":54,"turns":6},{"damage":53,"enemies":"The Heart","floor":55,"turns":6}],"seed_played":"-7424977546942458246","potions_obtained":[{"floor":4.0,"key":"SkillPotion"},{"floor":5.0,"key":"DuplicationPotion"},{"floor":13.0,"key":"AttackPotion"},{"floor":16.0,"key":"CultistPotion"},{"floor":36,"key":"Regen Potion"},{"floor":45,"key":"Block Potion"}],"is_trial":false,"path_per_floor":["M","?","?","M","M","R","E","R","T","M","E","R","E","?","R","B",null,"M","?","?","?","M","E","R","M","T","$","?","E","M","E","R","B",null,"M","M","$","?","M","R","E","R","T","E","?","E","$","M","R","B",null,"R","$","E","B",null],"character_chosen":"CHLOE","items_purchased":["Sundial","Ornamental Fan","Membership Card","Calipers"],"campfire_rested":0,"item_purchase_floors":[27,37,47,53],"current_hp_per_floor":[75,68,68,68,68,68,54,54,54,54,49,49,42,24,24,26,75,77,77,77,77,76,63,63,50,50,50,50,45,44,44,44,64,77,77,77,77,77,77,77,68,68,68,63,63,60,60,60,60,45,91,91,91,84,38],"gold":51,"neow_bonus":"THREE_ENEMY_KILL","is_daily":false,"chose_seed":false,"campfire_upgraded":6,"win_rate":0.0,"timestamp":1611367947,"path_taken":["M","?","?","?","M","R","E","R","T","?","E","R","E","?","R","BOSS","M","?","?","?","?","E","R","M","T","?","?","E","M","E","R","BOSS","M","M","$","?","M","R","E","R","T","E","?","E","$","?","R","BOSS","R","$","E","BOSS"],"items_purchased_type":["Relic","Relic","Relic","Relic"],"build_version":"2020-12-22","purchased_purges":4,"victory":true,"max_hp_per_floor":[75,75,75,75,75,75,75,75,75,75,75,75,75,75,75,75,75,77,77,77,77,77,77,77,77,77,77,77,77,77,77,77,77,77,77,77,77,77,77,77,77,77,77,77,91,91,91,91,91,91,91,91,91,91,91],"card_choices":[{"not_picked":["PrismaMod:ChloeDiscardRecovery","PrismaMod:ChloeUncommonAttack"],"picked":"PrismaMod:ChloeExhaustOne","floor":1.0},{"not_picked":["PrismaMod:ChloeUncommonAttack","PrismaMod:ChloeMaid","PrismaMod:ChloeCheapDefendTwo"],"picked":"SKIP","floor":4.0},{"not_picked":["PrismaMod:ChloeCheapAttackTwo","PrismaMod:ChloeCheapDefendTwo"],"picked":"PrismaMod:ChloeExhaustOne","floor":5.0},{"not_picked":["PrismaMod:ChloeCheapDefend","PrismaMod:ChloeUncommonAOEAttack"],"picked":"PrismaMod:ChloeDiscardRecovery","floor":7.0},{"not_picked":["PrismaMod:ChloeRhongomyniad","PrismaMod:ChloeEyeOfTheEuryale"],"picked":"PrismaMod:ChloeCarnivalAttack","floor":10.0},{"not_picked":["PrismaMod:ChloeCheapAttackTwo","PrismaMod:ChloeCheapDefend"],"picked":"PrismaMod:ChloeBetterTracePools","floor":11.0},{"not_picked":["PrismaMod:ChloeCommonAOEAttack","PrismaMod:ChloeCheapAttackTwo"],"picked":"PrismaMod:ChloeRitsuka","floor":13.0},{"not_picked":["PrismaMod:ChloeCarnivalAttack","PrismaMod:ChloeAnyUncommonTrace"],"picked":"PrismaMod:ChloeAnySkillTrace","floor":16.0},{"not_picked":["PrismaMod:ChloeCheapDefendTwo","PrismaMod:ChloeCheapAttackTwo"],"picked":"PrismaMod:ChloeCheapDefend+1","floor":18.0},{"not_picked":["PrismaMod:ChloeRitsuka","PrismaMod:ChloeCheapAttackTwo","PrismaMod:ChloeUncommonAttack+1"],"picked":"SKIP","floor":22},{"not_picked":["PrismaMod:ChloeDoubleRelicSpeed","PrismaMod:ChloeRhongomyniad","PrismaMod:ChloeExhaustOne+1"],"picked":"SKIP","floor":23},{"not_picked":["PrismaMod:ChloeCheapAttackTwo","PrismaMod:ChloeExhaustOne+1"],"picked":"PrismaMod:ChloeCheapDefendTwo","floor":25},{"not_picked":["PrismaMod:ChloeCheapDefend","PrismaMod:ChloeExhaustOne"],"picked":"PrismaMod:ChloeCarnivalDefend","floor":29},{"not_picked":["PrismaMod:ChloeBetterTracePools","PrismaMod:ChloeDemonicTutor","PrismaMod:ChloeCommonAOEAttack"],"picked":"SKIP","floor":30},{"not_picked":["PrismaMod:ChloeCaladbolg+1","PrismaMod:ChloeMordred","PrismaMod:ChloeCheapAttack"],"picked":"SKIP","floor":31},{"not_picked":["PrismaMod:ChloeExhaustThree","PrismaMod:ChloeCarnivalAOEAttack"],"picked":"PrismaMod:ChloeGreatTracePools","floor":33},{"not_picked":["PrismaMod:ChloeExhaustOne","PrismaMod:ChloeCheapAttack+1","PrismaMod:ChloeBetterTracePools"],"picked":"SKIP","floor":35},{"not_picked":["PrismaMod:ChloeExhaustOne","PrismaMod:ChloeCheapAttack+1"],"picked":"PrismaMod:ChloeDiscardRecovery+1","floor":36},{"not_picked":["PrismaMod:ChloeCheapDefendTwo","PrismaMod:ChloeHalloween"],"picked":"PrismaMod:ChloeGaeBolg+1","floor":39},{"not_picked":["PrismaMod:ChloeCheapDefend","PrismaMod:ChloeBetterTracePools+1","PrismaMod:ChloeCheapAttackTwo"],"picked":"SKIP","floor":41},{"not_picked":["PrismaMod:ChloeDiscardRecovery","PrismaMod:ChloeCheapAttack","PrismaMod:ChloeCarnivalAOEAttack"],"picked":"SKIP","floor":44},{"not_picked":["PrismaMod:ChloeGaeBolg","PrismaMod:ChloeCheapAttackTwo+1","PrismaMod:ChloeBetterTracePools+1"],"picked":"SKIP","floor":46},{"not_picked":["PrismaMod:ChloeExhaustTwo+1","PrismaMod:ChloeCaladbolg","PrismaMod:ChloeDiscardRecovery"],"picked":"SKIP","floor":48},{"not_picked":["PrismaMod:ChloeExhaustOne","PrismaMod:ChloeRitsuka+1","PrismaMod:ChloeExcalibur"],"picked":"SKIP","floor":54}],"player_experience":1083669,"relics_obtained":[{"floor":7.0,"key":"Pantograph"},{"floor":9.0,"key":"Mercury Hourglass"},{"floor":11.0,"key":"Centennial Puzzle"},{"floor":13.0,"key":"Bottled Flame"},{"floor":23,"key":"Happy Flower"},{"floor":26,"key":"Whetstone"},{"floor":29,"key":"Oddly Smooth Stone"},{"floor":31,"key":"The Courier"},{"floor":41,"key":"Blue Candle"},{"floor":44,"key":"Smiling Mask"},{"floor":45,"key":"Mango"},{"floor":46,"key":"Frozen Egg 2"},{"floor":54,"key":"Bag of Marbles"}],"event_choices":[{"cards_removed":["PrismaMod:ChloeCommonAttack"],"damage_healed":0.0,"max_hp_gain":0.0,"max_hp_loss":0.0,"gold_gain":0.0,"event_name":"Golden Wing","player_choice":"Card Removal","floor":2.0,"gold_loss":0.0,"damage_taken":7.0},{"damage_healed":0.0,"max_hp_gain":0.0,"max_hp_loss":0.0,"gold_gain":0.0,"event_name":"WeMeetAgain","player_choice":"Paid Gold","floor":3.0,"gold_loss":101.0,"damage_taken":0.0,"relics_obtained":["Ice Cream"]},{"damage_healed":0.0,"max_hp_gain":0.0,"max_hp_loss":0.0,"gold_gain":0.0,"event_name":"Golden Idol","player_choice":"Take Damage","floor":14.0,"gold_loss":0.0,"damage_taken":18.0,"relics_obtained":["Golden Idol"]},{"damage_healed":0.0,"max_hp_gain":0.0,"max_hp_loss":0.0,"gold_gain":0.0,"event_name":"Addict","player_choice":"Stole Relic","floor":19.0,"gold_loss":0.0,"damage_taken":0.0,"relics_obtained":["Orichalcum"],"cards_obtained":["Shame"]},{"damage_healed":0,"gold_gain":0,"player_choice":"Read","damage_taken":0,"max_hp_gain":0,"max_hp_loss":0,"event_name":"The Library","floor":20,"gold_loss":0,"cards_obtained":["PrismaMod:ChloeRitsuka"]},{"damage_healed":0,"gold_gain":0,"cards_transformed":["PrismaMod:ChloeCommonAttack"],"player_choice":"Transformed","damage_taken":0,"max_hp_gain":0,"max_hp_loss":0,"event_name":"Transmorgrifier","floor":21,"gold_loss":0,"cards_obtained":["PrismaMod:ChloeCommonAOEAttack"]},{"damage_healed":0,"gold_gain":0,"cards_transformed":["PrismaMod:ChloeCommonDefend","PrismaMod:ChloeCommonAttack"],"player_choice":"Became Test Subject","damage_taken":0,"max_hp_gain":0,"max_hp_loss":0,"event_name":"Drug Dealer","floor":28,"gold_loss":0,"cards_obtained":["PrismaMod:ChloeCheapAttackTwo","PrismaMod:ChloeExhaustTwo"]},{"cards_removed":["PrismaMod:ChloeCheapAttack"],"damage_healed":0,"gold_gain":0,"player_choice":"Removed Attack","damage_taken":0,"max_hp_gain":0,"max_hp_loss":0,"event_name":"Falling","floor":38,"gold_loss":0},{"damage_healed":0,"gold_gain":0,"player_choice":"Fight","damage_taken":0,"max_hp_gain":0,"max_hp_loss":0,"event_name":"Mysterious Sphere","floor":45,"gold_loss":0}],"is_beta":false,"boss_relics":[{"not_picked":["Empty Cage","Tiny House"],"picked":"Coffee Dripper"},{"not_picked":["Runic Dome","Pandora\u0027s Box"],"picked":"Fusion Hammer"}],"items_purged_floors":[27,37,47,53],"is_endless":false,"potions_floor_spawned":[4,5,13,16,18,22,23,33,36,39,44,45,46],"ascension_level":1}}