{"host":"15dd7v8o90xso62x","time":1611377553,"event":{"mods":["BaseMod","Minty Spire (QoL Compilation)","Quick Restart","StSLib","SuperFastMode"],"gold_per_floor":[118,136,136,211,211,211,240,240,264,282,301,301,312,312,312,383,383,403,71,71,71,71,71,101,117,117,117,142,168,168,199,199,277,277,293,193,210,210,210,244,244,244,244,244,119,136,166,183,183,183,183,183,183,40,65,65,65],"floor_reached":56,"language":"KOR","playtime":2210,"items_purged":["Strike_G","Strike_G","Defend_G"],"score":2054,"play_id":"8f9464a8-c078-47d2-97e6-c625f0b75395","local_time":"20210123135233","is_ascension_mode":true,"campfire_choices":[{"data":"Apotheosis","floor":6.0,"key":"SMITH"},{"floor":8.0,"key":"REST"},{"data":"Blade Dance","floor":12.0,"key":"SMITH"},{"floor":15.0,"key":"REST"},{"floor":23.0,"key":"REST"},{"floor":27.0,"key":"REST"},{"floor":30.0,"key":"REST"},{"floor":32.0,"key":"REST"},{"floor":41.0,"key":"REST"},{"floor":44.0,"key":"RECALL"},{"floor":49.0,"key":"REST"},{"data":"After Image","floor":53.0,"key":"SMITH"}],"circlet_count":0,"master_deck":["AscendersBane","Strike_G","Strike_G","Defend_G","Defend_G","Defend_G","Survivor","Neutralize","Apotheosis+1","Backstab","PiercingWail","Blade Dance+1","Accuracy","Malaise","Cloak And Dagger","Infinite Blades","Burst","Footwork","Accuracy","Cloak And Dagger","Backflip+1","Terror+1","Blade Dance","A Thousand Cuts","After Image+1","Accuracy"],"relics":["Ring of the Snake","Gremlin Horn","Dream Catcher","Black Star","DollysMirror","MutagenicStrength","Happy Flower","Singing Bowl","WingedGreaves","Meat on the Bone","Bag of Marbles","Pantograph","Tough Bandages","Lizard Tail","Bag of Preparation","Busted Crown","Molten Egg 2","Akabeko","Juzu Bracelet","Pear","Ancient Tea Set","Mercury Hourglass","Orichalcum","Bird Faced Urn"],"acts_visited":["Exordium","TheCity","TheBeyond","TheEnding"],"potions_floor_usage":[55],"damage_taken":[{"damage":0.0,"enemies":"Small Slimes","floor":1.0,"turns":5.0},{"damage":0.0,"enemies":"2 Louse","floor":2.0,"turns":3.0},{"damage":22.0,"enemies":"Gremlin Nob","floor":7.0,"turns":4.0},{"damage":4.0,"enemies":"Jaw Worm","floor":10.0,"turns":3.0},{"damage":0.0,"enemies":"Blue Slaver","floor":11.0,"turns":1.0},{"damage":4.0,"enemies":"Large Slime","floor":13.0,"turns":4.0},{"damage":20.0,"enemies":"Slime Boss","floor":16.0,"turns":6.0},{"damage":18.0,"enemies":"Shell Parasite","floor":18.0,"turns":4.0},{"damage":16.0,"enemies":"Book of Stabbing","floor":24.0,"turns":6.0},{"damage":0.0,"enemies":"Chosen","floor":25.0,"turns":4.0},{"damage":0.0,"enemies":"Gremlin Leader","floor":28.0,"turns":4.0},{"damage":14.0,"enemies":"Book of Stabbing","floor":29.0,"turns":4.0},{"damage":4.0,"enemies":"Slavers","floor":31.0,"turns":5.0},{"damage":18.0,"enemies":"Automaton","floor":33.0,"turns":10.0},{"damage":0.0,"enemies":"3 Shapes","floor":35.0,"turns":5.0},{"damage":13.0,"enemies":"3 Darklings","floor":37.0,"turns":4.0},{"damage":0.0,"enemies":"Reptomancer","floor":40.0,"turns":4.0},{"damage":0.0,"enemies":"Sphere and 2 Shapes","floor":46.0,"turns":1.0},{"damage":9.0,"enemies":"Giant Head","floor":47.0,"turns":5.0},{"damage":19.0,"enemies":"Writhing Mass","floor":48.0,"turns":4.0},{"damage":69.0,"enemies":"Time Eater","floor":50.0,"turns":10.0},{"damage":53.0,"enemies":"Donu and Deca","floor":51.0,"turns":8.0},{"damage":71,"enemies":"Shield and Spear","floor":55,"turns":8},{"damage":95,"enemies":"The Heart","floor":56,"turns":5}],"seed_played":"890231643177278010","potions_obtained":[{"floor":1.0,"key":"ColorlessPotion"},{"floor":7.0,"key":"Regen Potion"},{"floor":10.0,"key":"SteroidPotion"},{"floor":18.0,"key":"Explosive Potion"},{"floor":35.0,"key":"SkillPotion"},{"floor":37.0,"key":"SteroidPotion"},{"floor":55,"key":"Explosive Potion"}],"is_trial":false,"path_per_floor":["M","M","?","?","?","R","E","R","T","M","M","R","M","?","R","B",null,"M","$","?","?","?","R","E","M","T","R","E","E","R","E","R","B",null,"M","$","M","?","T","E","R","?","T","R","$","M","E","M","R","B","B",null,"R","$","E","B"],"character_chosen":"THE_SILENT","items_purchased":["Footwork","DollysMirror","Accuracy","Block Potion"],"campfire_rested":8,"item_purchase_floors":[19,19,54,54],"current_hp_per_floor":[59,59,59,48,30,30,8,26,26,22,22,22,18,18,36,31,53,35,35,35,35,35,53,37,37,37,57,59,47,68,66,72,54,68,70,70,59,59,59,61,80,80,90,90,90,92,85,68,98,41,25,80,80,80,23,26,26],"gold":65,"neow_bonus":"RANDOM_COLORLESS_2","is_daily":false,"chose_seed":false,"campfire_upgraded":3,"win_rate":0.0,"timestamp":1611377553,"path_taken":["M","M","?","?","?","R","E","R","T","M","M","R","M","?","R","BOSS","M","$","?","?","?","R","E","M","T","R","E","E","R","E","R","BOSS","M","$","M","?","?","E","R","?","T","R","$","M","E","M","R","BOSS","BOSS","R","$","E","BOSS"],"items_purchased_type":["Card","Relic","Card","Potion"],"build_version":"2020-12-22","purchased_purges":3,"victory":false,"max_hp_per_floor":[60,60,60,60,60,60,60,60,60,60,60,60,60,60,60,60,60,60,60,60,60,60,60,60,60,60,62,64,66,68,70,72,72,72,74,74,76,76,76,78,80,80,90,90,90,92,94,96,98,98,98,98,98,98,100,100,100],"card_choices":[{"not_picked":["Thinking Ahead","Metamorphosis"],"picked":"Apotheosis","floor":0.0},{"not_picked":["Blade Dance","Leg Sweep"],"picked":"Backstab","floor":1.0},{"not_picked":["Leg Sweep","Deflect"],"picked":"PiercingWail","floor":2.0},{"not_picked":["Escape Plan","Deflect"],"picked":"Blade Dance","floor":7.0},{"not_picked":["Dodge and Roll","Dagger Throw"],"picked":"Dagger Spray","floor":8.0},{"not_picked":["Backstab","Crippling Poison"],"picked":"Accuracy","floor":10.0},{"not_picked":["Backflip","Calculated Gamble"],"picked":"Malaise","floor":11.0},{"not_picked":["Deflect","Deadly Poison"],"picked":"Cloak And Dagger","floor":13.0},{"not_picked":["Unload","Catalyst"],"picked":"Infinite Blades","floor":15.0},{"not_picked":["Doppelganger","Bullet Time"],"picked":"Burst","floor":16.0},{"not_picked":["Outmaneuver","Slice","PiercingWail"],"picked":"SKIP","floor":18.0},{"not_picked":["Prepared","Riddle With Holes"],"picked":"Backflip+1","floor":23.0},{"not_picked":["Acrobatics","Blur"],"picked":"Terror+1","floor":24.0},{"not_picked":["Malaise","Dagger Throw"],"picked":"Blade Dance","floor":25.0},{"not_picked":["Skewer","Sucker Punch","Underhanded Strike"],"picked":"Singing Bowl","floor":27.0},{"not_picked":["Dodge and Roll","All Out Attack","Sucker Punch"],"picked":"Singing Bowl","floor":28.0},{"not_picked":["Escape Plan+1","Masterful Stab","Poisoned Stab"],"picked":"Singing Bowl","floor":29.0},{"not_picked":["Setup","Bane","All Out Attack"],"picked":"Singing Bowl","floor":30.0},{"not_picked":["Leg Sweep","Choke","Grand Finale"],"picked":"Singing Bowl","floor":31.0},{"not_picked":["Quick Slash","Outmaneuver","PiercingWail"],"picked":"Singing Bowl","floor":32.0},{"not_picked":["Night Terror","Burst"],"picked":"A Thousand Cuts","floor":33.0},{"not_picked":["Deflect"],"picked":"Singing Bowl","floor":35.0},{"not_picked":["Crippling Poison"],"picked":"Singing Bowl","floor":37.0},{"not_picked":["Quick Slash+1"],"picked":"Singing Bowl","floor":40.0},{"not_picked":["Backflip"],"picked":"Singing Bowl","floor":41.0},{"not_picked":["Deflect"],"picked":"Singing Bowl","floor":46.0},{"not_picked":["All Out Attack+1"],"picked":"Singing Bowl","floor":47.0},{"not_picked":["PiercingWail+1"],"picked":"Singing Bowl","floor":48.0},{"not_picked":["Deflect+1"],"picked":"Singing Bowl","floor":49.0},{"not_picked":["Dagger Throw+1"],"picked":"Singing Bowl","floor":55}],"player_experience":1069493,"relics_obtained":[{"floor":7.0,"key":"Dream Catcher"},{"floor":24.0,"key":"Happy Flower"},{"floor":24.0,"key":"Singing Bowl"},{"floor":26.0,"key":"WingedGreaves"},{"floor":28.0,"key":"Meat on the Bone"},{"floor":28.0,"key":"Bag of Marbles"},{"floor":29.0,"key":"Pantograph"},{"floor":29.0,"key":"Tough Bandages"},{"floor":31.0,"key":"Lizard Tail"},{"floor":31.0,"key":"Bag of Preparation"},{"floor":39.0,"key":"Molten Egg 2"},{"floor":40.0,"key":"Akabeko"},{"floor":40.0,"key":"Juzu Bracelet"},{"floor":43.0,"key":"Pear"},{"floor":47.0,"key":"Ancient Tea Set"},{"floor":47.0,"key":"Mercury Hourglass"},{"floor":55,"key":"Orichalcum"},{"floor":55,"key":"Bird Faced Urn"}],"event_choices":[{"cards_removed":["Defend_G"],"damage_healed":0.0,"max_hp_gain":0.0,"max_hp_loss":0.0,"gold_gain":0.0,"event_name":"Living Wall","player_choice":"Forget","floor":3.0,"gold_loss":0.0,"damage_taken":0.0},{"damage_healed":0.0,"max_hp_gain":0.0,"max_hp_loss":0.0,"gold_gain":75.0,"event_name":"World of Goop","player_choice":"Gather Gold","floor":4.0,"gold_loss":0.0,"damage_taken":11.0},{"damage_healed":0.0,"max_hp_gain":0.0,"max_hp_loss":0.0,"gold_gain":0.0,"event_name":"Scrap Ooze","player_choice":"Success","floor":5.0,"gold_loss":0.0,"damage_taken":18.0,"relics_obtained":["Gremlin Horn"]},{"damage_healed":0.0,"max_hp_gain":0.0,"max_hp_loss":0.0,"gold_gain":0.0,"event_name":"Liars Game","player_choice":"Ignored","floor":14.0,"gold_loss":0.0,"damage_taken":0.0},{"damage_healed":0.0,"max_hp_gain":0.0,"max_hp_loss":0.0,"gold_gain":0.0,"event_name":"The Library","player_choice":"Read","floor":20.0,"gold_loss":0.0,"damage_taken":0.0,"cards_obtained":["Cloak And Dagger"]},{"damage_healed":0.0,"max_hp_gain":0.0,"max_hp_loss":0.0,"gold_gain":0.0,"event_name":"Drug Dealer","player_choice":"Inject Mutagens","floor":21.0,"gold_loss":0.0,"damage_taken":0.0,"relics_obtained":["MutagenicStrength"]},{"cards_removed":["Strike_G"],"damage_healed":0.0,"max_hp_gain":0.0,"max_hp_loss":0.0,"gold_gain":0.0,"event_name":"Back to Basics","player_choice":"Elegance","floor":22.0,"gold_loss":0.0,"damage_taken":0.0},{"cards_removed":["Dagger Spray"],"damage_healed":0.0,"max_hp_gain":0.0,"max_hp_loss":0.0,"gold_gain":0.0,"event_name":"Falling","player_choice":"Removed Attack","floor":38.0,"gold_loss":0.0,"damage_taken":0.0},{"damage_healed":0.0,"max_hp_gain":0.0,"max_hp_loss":0.0,"gold_gain":0.0,"event_name":"Match and Keep!","player_choice":"1 cards matched","floor":42.0,"gold_loss":0.0,"damage_taken":0.0,"cards_obtained":["After Image"]}],"is_beta":false,"boss_relics":[{"not_picked":["Tiny House","Velvet Choker"],"picked":"Black Star"},{"not_picked":["Runic Pyramid","Coffee Dripper"],"picked":"Busted Crown"}],"items_purged_floors":[19,36,45],"is_endless":false,"potions_floor_spawned":[1,7,10,18,35,37,55],"killed_by":"The Heart","ascension_level":20}}