{"host":"njo8qgvy2a57fcny","time":1611402192,"event":{"mods":["Ascension Unlocker","Aspiration","BaseMod","BetterRewards","CCEM","Colored Map","Colored Powertips","Conspire","Custom Start","Downfall","GifTheSpireLib","Halation","Hermit","Hubris","Infinite Spire","Jedi Mod","Mimic Mod","Minty Spire (QoL Compilation)","Quick Restart","Random Character Button","Random Character Mod","Rare Cards Sparkle","Relic Sorter","Replay The Spire","Shop Mod","StSLib","Stuff the Spire","The Animator","The Jungle","The Runesmith","The Servant 0.9.4","vexMod"],"gold_per_floor":[115,115,135,3,16,16,16],"floor_reached":6,"language":"ENG","playtime":360,"items_purged":[],"score":72,"play_id":"80299d61-a759-44e8-9b1c-fa49595d80fd","local_time":"20210123224312","is_ascension_mode":true,"campfire_choices":[],"circlet_count":0,"master_deck":["AscendersBane","Strike_S","Strike_S","Strike_S","Strike_S","Defend_S","Defend_S","Defend_S","Defend_S","KidneyShot","Exchange","Starlight","Decay","Alleviate","ReplayTheSpireMod:Uncanny Aura","Reset","InstantArmor"],"relics":["Uniform"],"acts_visited":["Exordium"],"potions_floor_usage":[6,6],"damage_taken":[{"damage":11,"enemies":"Jaw Worm","floor":1,"turns":5},{"damage":7,"enemies":"Cultist","floor":3,"turns":5},{"damage":14,"enemies":"Small Slimes","floor":5,"turns":4},{"damage":43,"enemies":"Gremlin Nob","floor":6,"turns":5}],"seed_played":"-3985732218225258196","potions_obtained":[{"floor":3,"key":"sneckomod:MuddlingPotion"},{"floor":5,"key":"Explosive Potion"}],"is_trial":false,"path_per_floor":["M","?","M","$","M","E"],"character_chosen":"THE_SERVANT","items_purchased":["ReplayTheSpireMod:Uncanny Aura","Reset"],"campfire_rested":0,"item_purchase_floors":[4,4],"current_hp_per_floor":[49,49,42,42,28,0,0],"gold":16,"neow_bonus":"TEN_PERCENT_HP_BONUS","is_daily":false,"chose_seed":false,"campfire_upgraded":0,"win_rate":0.0,"timestamp":1611402192,"path_taken":["M","?","M","$","M","E"],"items_purchased_type":["Card","Card"],"build_version":"2020-12-22","purchased_purges":0,"victory":false,"max_hp_per_floor":[66,66,66,66,66,66,66],"card_choices":[{"not_picked":["Contraction","Revamp"],"picked":"Starlight","floor":1},{"not_picked":["Revamp","Foresight"],"picked":"Alleviate","floor":3},{"not_picked":["Rewind","Potential"],"picked":"InstantArmor","floor":5}],"player_experience":665806,"relics_obtained":[],"event_choices":[{"damage_healed":0,"gold_gain":0,"player_choice":"Cursed","damage_taken":0,"max_hp_gain":0,"max_hp_loss":0,"event_name":"Wheel of Change","floor":2,"gold_loss":0,"cards_obtained":["Decay"]}],"is_beta":false,"boss_relics":[],"items_purged_floors":[],"is_endless":false,"potions_floor_spawned":[3,5],"killed_by":"Gremlin Nob","ascension_level":20}}