{"host":"l60rmjjsfi0fipmi","time":1611366487,"event":{"mods":["BaseMod","Colored Map","DeckTracker","Highlight Path","Minty Spire (QoL Compilation)","StSLib","The Cursed","The Servant 0.9.4"],"gold_per_floor":[129,166,12,45,85,85,118,118,118,118,144,144,182,28,28,126,126,142,42,42,78,78,78,78,91,116,116,167,167,167,206,206,206,206],"floor_reached":33,"language":"ENG","playtime":1404,"items_purged":["Defend_R","Strike_R"],"score":318,"play_id":"969980a8-5e54-4dee-9ca1-243567ec92df","local_time":"20210122204807","is_ascension_mode":true,"campfire_choices":[{"data":"Pommel Strike","floor":6,"key":"SMITH"},{"data":"Shrug It Off","floor":8,"key":"SMITH"},{"data":"Spot Weakness","floor":10,"key":"SMITH"},{"floor":15,"key":"REST"},{"data":"Limit Break","floor":23,"key":"SMITH"},{"floor":27,"key":"REST"},{"floor":32,"key":"REST"}],"circlet_count":0,"master_deck":["Strike_R+1","Strike_R+1","Strike_R+1","Defend_R+1","Defend_R+1","Defend_R+1","Bash","HandOfGreed","Shrug It Off+1","Pommel Strike+1","Spot Weakness+1","Flex","Double Tap","Anger","Cleave","Flame Barrier","Limit Break+1","Headbutt","Dual Wield+1","Rampage","Uppercut"],"relics":["Burning Blood","Anchor","Shuriken","Runic Cube","Nloth\u0027s Gift","Mercury Hourglass","Bag of Preparation","White Beast Statue"],"acts_visited":["Exordium","TheCity"],"potions_floor_usage":[16,31,33,33,33],"damage_taken":[{"damage":1,"enemies":"Cultist","floor":1,"turns":4},{"damage":13,"enemies":"Jaw Worm","floor":2,"turns":6},{"damage":0,"enemies":"Small Slimes","floor":4,"turns":3},{"damage":13,"enemies":"Blue Slaver","floor":5,"turns":6},{"damage":0,"enemies":"Exordium Wildlife","floor":7,"turns":3},{"damage":18,"enemies":"Gremlin Nob","floor":11,"turns":3},{"damage":1,"enemies":"Looter","floor":13,"turns":3},{"damage":49,"enemies":"Slime Boss","floor":16,"turns":10},{"damage":27,"enemies":"Shell Parasite","floor":18,"turns":6},{"damage":21,"enemies":"2 Thieves","floor":21,"turns":4},{"damage":11,"enemies":"Cultist and Chosen","floor":25,"turns":5},{"damage":25,"enemies":"Slavers","floor":28,"turns":4},{"damage":13,"enemies":"Snecko","floor":31,"turns":4},{"damage":82,"enemies":"Automaton","floor":33,"turns":8}],"seed_played":"-1687698206246331406","potions_obtained":[{"floor":1,"key":"Weak Potion"},{"floor":5,"key":"BloodPotion"},{"floor":11,"key":"SpeedPotion"},{"floor":18,"key":"GamblersBrew"},{"floor":31,"key":"HeartOfIron"}],"is_trial":false,"path_per_floor":["M","M","$","M","M","R","M","R","T","R","E","?","M","$","R","B",null,"M","$","?","M","?","R","T","M","T","R","E","?","?","M","R","B"],"character_chosen":"IRONCLAD","items_purchased":["Anchor","Flame Barrier"],"campfire_rested":3,"item_purchase_floors":[3,14],"current_hp_per_floor":[61,54,54,60,53,53,59,59,59,59,47,31,36,36,60,17,80,59,59,59,44,44,44,44,39,39,63,44,44,44,37,61,0,0],"gold":206,"neow_bonus":"RANDOM_COLORLESS_2","is_daily":false,"chose_seed":false,"campfire_upgraded":4,"win_rate":0.0,"timestamp":1611366487,"path_taken":["M","M","$","M","?","R","M","R","T","R","E","?","M","?","R","BOSS","M","$","?","?","?","R","?","M","T","R","E","?","?","M","R","BOSS"],"items_purchased_type":["Relic","Card"],"build_version":"2020-12-22","purchased_purges":2,"victory":false,"max_hp_per_floor":[80,80,80,80,80,80,80,80,80,80,80,80,80,80,80,80,80,80,80,80,80,80,80,80,80,80,80,80,80,80,80,80,80,80],"card_choices":[{"not_picked":["Master of Strategy","Chrysalis"],"picked":"HandOfGreed","floor":0},{"not_picked":["Reckless Charge","Inflame"],"picked":"Shrug It Off","floor":1},{"not_picked":["Armaments","Pummel"],"picked":"Pommel Strike","floor":2},{"not_picked":["Shrug It Off","Disarm"],"picked":"Spot Weakness","floor":4},{"not_picked":["Entrench","Reckless Charge"],"picked":"Flex","floor":5},{"not_picked":["Clash","Spot Weakness"],"picked":"Double Tap","floor":7},{"not_picked":["Thunderclap","Warcry"],"picked":"Anger","floor":11},{"not_picked":["Clash","Anger"],"picked":"Cleave","floor":13},{"not_picked":["Exhume","Fiend Fire"],"picked":"Limit Break","floor":16},{"not_picked":["Seeing Red","Warcry+1"],"picked":"Headbutt","floor":18},{"not_picked":["Clash+1","Anger"],"picked":"Dual Wield+1","floor":21},{"not_picked":["Sword Boomerang","Cleave"],"picked":"Rampage","floor":25},{"not_picked":["Pommel Strike","Power Through+1","Havoc+1"],"picked":"SKIP","floor":28},{"not_picked":["Wild Strike","Dual Wield","Bludgeon"],"picked":"SKIP","floor":31}],"player_experience":555859,"relics_obtained":[{"floor":9,"key":"Shuriken"},{"floor":11,"key":"Girya"},{"floor":24,"key":"Mercury Hourglass"},{"floor":26,"key":"Bag of Preparation"},{"floor":28,"key":"White Beast Statue"}],"event_choices":[{"damage_healed":0,"gold_gain":0,"player_choice":"Entered Light","damage_taken":16,"max_hp_gain":0,"max_hp_loss":0,"event_name":"Shining Light","floor":12,"gold_loss":0,"cards_upgraded":["Defend_R","Defend_R"]},{"damage_healed":0,"gold_gain":0,"player_choice":"Traded Relic","damage_taken":0,"relics_obtained":["Nloth\u0027s Gift"],"max_hp_gain":0,"max_hp_loss":0,"event_name":"N\u0027loth","floor":20,"relics_lost":["Girya"],"gold_loss":0},{"damage_healed":0,"gold_gain":0,"player_choice":"Ignored","damage_taken":0,"max_hp_gain":0,"max_hp_loss":0,"event_name":"Vampires","floor":22,"gold_loss":0},{"damage_healed":0,"gold_gain":0,"player_choice":"Simplicity","damage_taken":0,"max_hp_gain":0,"max_hp_loss":0,"event_name":"Back to Basics","floor":29,"gold_loss":0,"cards_upgraded":["Strike_R","Strike_R","Strike_R","Strike_R","Defend_R"]},{"damage_healed":0,"gold_gain":0,"cards_transformed":["Strike_R"],"player_choice":"Transformed","damage_taken":0,"max_hp_gain":0,"max_hp_loss":0,"event_name":"Transmorgrifier","floor":30,"gold_loss":0,"cards_obtained":["Uppercut"]}],"is_beta":false,"boss_relics":[{"not_picked":["Fusion Hammer","Coffee Dripper"],"picked":"Runic Cube"}],"items_purged_floors":[14,19],"is_endless":false,"potions_floor_spawned":[1,5,11,18,21,31],"killed_by":"Automaton","ascension_level":4}}