{"host":"bw00wb7p5bw58om7","time":1611360750,"event":{"mods":["100% Spire Juice","Act Like it!","BaseMod","Better Third Choice","CapriCore","Chen","Downfall","Gensokyo","Koishi","KomeijiMod","Marisa????????","Minty Spire (QoL Compilation)","Onozuka Komachi Mod","Permanent Neow","Prisma Mod","Reimu??????","Remilia??????","StSLib","The Administrix","The Immortal","The Senshi","The Servant 0.9.4","Yakumo Yukari mod"],"gold_per_floor":[116,136,136,155,168,196,196,216,216,68,82,82,115,130,130,229,229,244,262,280,21,31,31,31],"floor_reached":23,"language":"ENG","playtime":1524,"items_purged":[],"score":207,"play_id":"295c8a4b-e626-4cff-b5ba-1e12284f3a12","local_time":"20210123001230","is_ascension_mode":false,"campfire_choices":[{"data":"BlastKick2:ReiMu","floor":7,"key":"SMITH"},{"data":"AlertArray:ReiMu","floor":12,"key":"SMITH"},{"floor":15,"key":"REST"}],"circlet_count":0,"master_deck":["Strike_Lin:ReiMu","Strike_Lin:ReiMu","Strike_Lin:ReiMu","Strike_Lin:ReiMu","Defend_Lin:ReiMu","Defend_Lin:ReiMu","Defend_Lin:ReiMu","Defend_Lin:ReiMu","NB:ReiMu","Stagnation:ReiMu","RainPray2:ReiMu","Amulet:ReiMu","AlertArray:ReiMu+1","CollectionFlower2:ReiMu","SubAcupoint:ReiMu","BlastKick2:ReiMu+1","Amulet:ReiMu","LovePray:ReiMu","SpiritualOutbreak2:ReiMu+1","SubAcupoint:ReiMu+1","KamiRite:ReiMu","PassingAway:ReiMu","SubAcupoint:ReiMu+1","AlertArray:ReiMu","LovePray:ReiMu+1"],"relics":["FlyPower:ReiMu","Strawberry","Anchor","Mummified Hand","CheatingSign:ReiMu","Molten Egg 2","Cursed Key","theSenshi:FeatherClipsRelic"],"acts_visited":["Gensokyo:Gensokyo","Gensokyo:Gensokyoer"],"potions_floor_usage":[16,22],"damage_taken":[{"damage":3,"enemies":"Gensokyo:Python","floor":1,"turns":6},{"damage":0,"enemies":"Gensokyo:Gryphon","floor":2,"turns":4},{"damage":2,"enemies":"Gensokyo:2_Kodama","floor":4,"turns":7},{"damage":3,"enemies":"Gensokyo:Gryphon_and_Rabbit","floor":5,"turns":12},{"damage":37,"enemies":"Gensokyo:Cirno","floor":6,"turns":9},{"damage":5,"enemies":"Gensokyo:VengefulSpirit","floor":8,"turns":6},{"damage":0,"enemies":"Gensokyo:Python_and_Kodama","floor":11,"turns":5},{"damage":6,"enemies":"Gensokyo:Mamizou","floor":13,"turns":11},{"damage":1,"enemies":"Gensokyo:LivingMonolith","floor":14,"turns":4},{"damage":21,"enemies":"Gensokyo:Reimu","floor":16,"turns":10},{"damage":0,"enemies":"Gensokyo:Chomper","floor":18,"turns":6},{"damage":4,"enemies":"Gensokyo:AngelMirror","floor":19,"turns":4},{"damage":8,"enemies":"Gensokyo:Slime_Group","floor":20,"turns":5},{"damage":23,"enemies":"Gensokyo:Monolith_and_Dog","floor":22,"turns":7},{"damage":83,"enemies":"Gensokyo:Reisen","floor":23,"turns":7}],"seed_played":"9049429481648233886","potions_obtained":[{"floor":2,"key":"FairyPotion"},{"floor":6,"key":"GrandPatriotsElixir:ReiMu"},{"floor":8,"key":"HakureiPotion:ReiMu"},{"floor":20,"key":"LiquidBronze"},{"floor":22,"key":"GamblersBrew"}],"is_trial":false,"path_per_floor":["M","M","?","M","M","E","R","M","T","COS","M","R","E","M","R","B",null,"M","M","M","$","M","E"],"character_chosen":"REIMU","items_purchased":["theSenshi:FeatherClipsRelic"],"campfire_rested":1,"item_purchase_floors":[21],"current_hp_per_floor":[62,62,59,57,54,17,17,12,12,12,12,12,6,5,26,5,72,72,68,60,60,43,0,0],"gold":31,"neow_bonus":"THREE_CARDS","is_daily":false,"chose_seed":false,"campfire_upgraded":2,"win_rate":0.0,"timestamp":1611360750,"path_taken":["M","M","?","M","M","E","R","M","T","COS","M","R","E","M","R","BOSS","M","M","M","$","M","E"],"items_purchased_type":["Relic"],"build_version":"2020-12-22","purchased_purges":0,"victory":false,"max_hp_per_floor":[65,65,72,72,72,72,72,72,72,72,72,72,72,72,72,72,72,72,72,72,72,72,72,72],"card_choices":[{"not_picked":["SpringWay:ReiMu","PrepareRite:ReiMu"],"picked":"RainPray2:ReiMu","floor":0},{"not_picked":["SubcavityInstant:ReiMu","WonderfulDomain:ReiMu"],"picked":"Amulet:ReiMu","floor":1},{"not_picked":["RainPray2:ReiMu","CareerPray:ReiMu"],"picked":"AlertArray:ReiMu","floor":2},{"not_picked":["SubAcupoint:ReiMu","SpringWay:ReiMu"],"picked":"CollectionFlower2:ReiMu","floor":4},{"not_picked":["WonderfulDomain:ReiMu","Amulet:ReiMu"],"picked":"SubAcupoint:ReiMu","floor":5},{"not_picked":["Dreaming:ReiMu","Mountainwind:ReiMu"],"picked":"BlastKick2:ReiMu","floor":6},{"not_picked":["KamiSacrifice:ReiMu","Intuition:ReiMu"],"picked":"Amulet:ReiMu","floor":8},{"not_picked":["TightArray:ReiMu","SealNeedle:ReiMu"],"picked":"LovePray:ReiMu","floor":11},{"not_picked":["OrbThrow:ReiMu+1","Gathering:ReiMu"],"picked":"SpiritualOutbreak2:ReiMu+1","floor":13},{"not_picked":["DoubleButterfly:ReiMu+1","PhosphorusFlame:ReiMu"],"picked":"SubAcupoint:ReiMu+1","floor":14},{"not_picked":["Determination:ReiMu+1","CeremonyResonance:ReiMu"],"picked":"KamiRite:ReiMu","floor":16},{"not_picked":["ShadowOfCrow2:ReiMu","YinYangSign:ReiMu+1"],"picked":"PassingAway:ReiMu","floor":18},{"not_picked":["PassingAway:ReiMu","Conquer:ReiMu+1"],"picked":"SubAcupoint:ReiMu+1","floor":19},{"not_picked":["WonderfulDomain:ReiMu+1","MountainWay:ReiMu+1"],"picked":"AlertArray:ReiMu","floor":20},{"not_picked":["SpreadBorder2:ReiMu+1","Meditation:ReiMu"],"picked":"LovePray:ReiMu+1","floor":22}],"player_experience":281599,"relics_obtained":[{"floor":6,"key":"Anchor"},{"floor":9,"key":"Mummified Hand"},{"floor":13,"key":"Molten Egg 2"}],"event_choices":[],"is_beta":false,"boss_relics":[{"not_picked":["CrownOfHeavens:ReiMu","Coffee Dripper"],"picked":"Cursed Key"}],"items_purged_floors":[],"is_endless":false,"potions_floor_spawned":[2,6,8,13,20,22],"killed_by":"Gensokyo:Reisen","ascension_level":0}}