{"host":"nptej036rrbiurf5","time":1611385192,"event":{"mods":["BaseMod","Colored Map","Colored Powertips","DeckTracker","Minty Spire (QoL Compilation)","StSLib","SuperFastMode"],"gold_per_floor":[113,113,8,83,9,44,44,44,121,121,151,151,162,180,180,180,180],"floor_reached":16,"language":"KOR","playtime":199,"items_purged":["Strike_G"],"score":242,"play_id":"f5460a14-8672-4dff-ab4a-5c6babe7e6c8","local_time":"20210123155952","is_ascension_mode":true,"campfire_choices":[{"data":"Tactician","floor":8,"key":"SMITH"},{"data":"Riddle With Holes","floor":12,"key":"SMITH"},{"data":"Flechettes","floor":15,"key":"SMITH"}],"circlet_count":0,"master_deck":["AscendersBane","Strike_G","Strike_G","Strike_G","Defend_G","Defend_G","Defend_G","Defend_G","Defend_G","Survivor","Neutralize","Backflip","Prepared","Tactician+1","Riddle With Holes+1","Predator","Flechettes+1"],"relics":["Ring of the Snake","NeowsBlessing","WingedGreaves","TungstenRod","Blue Candle","Odd Mushroom"],"acts_visited":["Exordium"],"potions_floor_usage":[16],"damage_taken":[{"damage":0.0,"enemies":"Small Slimes","floor":1.0,"turns":2.0},{"damage":0.0,"enemies":"3 Sentries","floor":6.0,"turns":1.0},{"damage":0,"enemies":"The Mushroom Lair","floor":11,"turns":2},{"damage":1,"enemies":"2 Louse","floor":13,"turns":3},{"damage":3,"enemies":"Jaw Worm","floor":14,"turns":2},{"damage":9,"enemies":"The Guardian","floor":16,"turns":7}],"seed_played":"4660185086146823497","potions_obtained":[{"floor":6,"key":"SpeedPotion"},{"floor":13,"key":"Fire Potion"}],"is_trial":false,"path_per_floor":["M","?","$","?","$","E","?","R","T","?","?","R","M","M","R","B"],"character_chosen":"THE_SILENT","items_purchased":["Prepared","Tactician"],"campfire_rested":0,"item_purchase_floors":[3,5],"current_hp_per_floor":[59,64,64,53,53,53,27,27,27,21,21,21,20,17,17,8,8],"gold":180,"neow_bonus":"THREE_ENEMY_KILL","is_daily":false,"chose_seed":false,"campfire_upgraded":3,"win_rate":0.0,"timestamp":1611385192,"path_taken":["M","?","$","?","$","E","?","R","T","?","?","R","M","M","R","BOSS"],"items_purchased_type":["Card","Card"],"build_version":"2020-12-22","purchased_purges":1,"victory":false,"max_hp_per_floor":[66,71,71,71,71,71,71,71,71,71,71,71,71,71,71,71,71],"card_choices":[{"not_picked":["Deflect","Acrobatics"],"picked":"Backflip","floor":1.0},{"not_picked":["Accuracy","Quick Slash"],"picked":"Riddle With Holes","floor":6},{"not_picked":["Sucker Punch","Backflip"],"picked":"Predator","floor":13},{"not_picked":["Flying Knee","Dagger Spray"],"picked":"Flechettes","floor":14}],"player_experience":896802,"relics_obtained":[{"floor":6,"key":"WingedGreaves"},{"floor":9,"key":"Blue Candle"},{"floor":11,"key":"Odd Mushroom"}],"event_choices":[{"damage_healed":0.0,"max_hp_gain":5.0,"max_hp_loss":0.0,"gold_gain":0.0,"event_name":"Big Fish","player_choice":"Donut","floor":2.0,"gold_loss":0.0,"damage_taken":0.0},{"damage_healed":0.0,"max_hp_gain":0.0,"max_hp_loss":0.0,"gold_gain":75.0,"event_name":"World of Goop","player_choice":"Gather Gold","floor":4.0,"gold_loss":0.0,"damage_taken":11.0},{"damage_healed":0,"gold_gain":0,"player_choice":"Success","damage_taken":26,"relics_obtained":["TungstenRod"],"max_hp_gain":0,"max_hp_loss":0,"event_name":"Scrap Ooze","floor":7,"gold_loss":0},{"cards_removed":["Strike_G"],"damage_healed":0,"gold_gain":0,"player_choice":"Card Removal","damage_taken":7,"max_hp_gain":0,"max_hp_loss":0,"event_name":"Golden Wing","floor":10,"gold_loss":0},{"damage_healed":0,"gold_gain":0,"player_choice":"Fought Mushrooms","damage_taken":0,"max_hp_gain":0,"max_hp_loss":0,"event_name":"Mushrooms","floor":11,"gold_loss":0}],"is_beta":false,"boss_relics":[],"items_purged_floors":[3],"is_endless":false,"potions_floor_spawned":[6,13],"killed_by":"The Guardian","ascension_level":20}}