{"host":"dzc8cchcquikqbpv","time":1611426717,"event":{"mods":["BaseMod","BetterRewards","Block Reminder","Colored Map","Colored Powertips","Dark Map","Downfall","Fox Events","Good Game Mod","Highlight Path","Infinite Spire","Minty Spire (QoL Compilation)","Permanent Neow","Quick Restart","Rare Cards Sparkle","Replay The Spire","Shop Mod","Spire Arcade","StSLib"],"gold_per_floor":[112,130,149,149,149,159,170,195,213,213,262,182,216,216,234,234,234,338,338,352,352,352,368,385,416,416,416,491,45,45,45,69,81,81,177,177,194,194,1193,820,820,820,820,845,857,869,897,924,1009,1021,1021],"floor_reached":50,"language":"ENG","playtime":3149,"items_purged":["Normality"],"score":598,"play_id":"eac98285-7780-4fec-8719-2fb9f1b69b0c","local_time":"20210123183157","is_ascension_mode":false,"campfire_choices":[{"data":"Chill","floor":10.0,"key":"SMITH"},{"floor":17.0,"key":"REST"},{"floor":26.0,"key":"REST"},{"floor":27.0,"key":"REST"},{"data":"infinitespire:UltimateForm","floor":30.0,"key":"SMITH"},{"data":"Defragment","floor":42.0,"key":"SMITH"},{"data":"BootSequence","floor":46.0,"key":"SMITH"}],"circlet_count":0,"master_deck":["Strike_B","Strike_B","Strike_B","Strike_B+1","Defend_B","Defend_B","Defend_B","Defend_B","Zap","Dualcast","Secret Technique","Self Repair","Capacitor","Static Discharge","Chill+1","Storm","Static Discharge+1","Electrodynamics","Coolheaded","BasicCrystalCard","Crystallizer","Chaos","infinitespire:DeathsTouch+1","Leap","Mirror Shield","Go for the Eyes","infinitespire:UltimateForm+1","Leap","Capacitor","Capacitor","BasicCrystalCard+1","Barrage+1","Panic Button","Auto Shields","Defragment+1","BootSequence+1","Amplify","Turbo+1","ReplayTheSpireMod:Haul","Normality","Delirium","Madness","Madness","Barrage","ReplayTheSpireMod:Omega Cannon","Rip and Tear+1"],"relics":["Cracked Core","REME:ComplimentaryCards","Lantern","Question Card","Ginger","StoneCalendar","infinitespire:Lucky Rock","Bronze Scales","Shuriken","Nuclear Battery","Orrery","WingedGreaves","Pantograph","Runic Capacitor","infinitespire:Freezer","Juzu Bracelet","Whetstone","Runic Pyramid","Mango","Potion Belt","ClockworkSouvenir","Ring of Panic","ReplayTheSpireMod:Ring of Exchange","MawBank","infinitespire:Golems Mask","Happy Flower"],"acts_visited":["Exordium","TheCity","TheBeyond"],"potions_floor_usage":[50],"damage_taken":[{"damage":1.0,"enemies":"Cultist","floor":1.0,"turns":3.0},{"damage":6.0,"enemies":"Jaw Worm","floor":2.0,"turns":3.0},{"damage":0.0,"enemies":"2 Louse","floor":3.0,"turns":3.0},{"damage":0.0,"enemies":"Large Slime","floor":6.0,"turns":6.0},{"damage":13.0,"enemies":"Exordium Thugs","floor":7.0,"turns":5.0},{"damage":18.0,"enemies":"3 Sentries","floor":8.0,"turns":4.0},{"damage":1.0,"enemies":"2 Fungi Beasts","floor":9.0,"turns":2.0},{"damage":19.0,"enemies":"Gremlin Nob","floor":13.0,"turns":5.0},{"damage":0.0,"enemies":"Looter","floor":15.0,"turns":4.0},{"damage":28.0,"enemies":"Hexaghost","floor":18.0,"turns":7.0},{"damage":11.0,"enemies":"2 Thieves","floor":20.0,"turns":4.0},{"damage":3.0,"enemies":"Chosen","floor":23.0,"turns":4.0},{"damage":34.0,"enemies":"Shelled Parasite and Fungi","floor":24.0,"turns":6.0},{"damage":21.0,"enemies":"Slavers","floor":25.0,"turns":4.0},{"damage":0.0,"enemies":"Cultist and Chosen","floor":33.0,"turns":7.0},{"damage":15.0,"enemies":"Collector","floor":35.0,"turns":7.0},{"damage":9.0,"enemies":"3 Shapes","floor":37.0,"turns":6.0},{"damage":2.0,"enemies":"R_Hoarder","floor":44.0,"turns":7.0},{"damage":9.0,"enemies":"3 Darklings","floor":47.0,"turns":5.0},{"damage":22.0,"enemies":"Writhing Mass","floor":48.0,"turns":7.0},{"damage":16,"enemies":"Jaw Worm Horde","floor":50,"turns":1}],"seed_played":"8701739784153175951","potions_obtained":[{"floor":2.0,"key":"Regen Potion"},{"floor":6.0,"key":"Elixir"},{"floor":9.0,"key":"BlessingOfTheForge"},{"floor":18.0,"key":"DuplicationPotion"},{"floor":20.0,"key":"Swift Potion"},{"floor":25.0,"key":"Swift Potion"},{"floor":33.0,"key":"Dexterity Potion"},{"floor":48,"key":"Elixir"},{"floor":49,"key":"LifebloodPotion"},{"floor":49,"key":"AttackPotion"}],"is_trial":false,"path_per_floor":["M","M","M","PTL","PTL","M","M","E","M","R","T","$","E","?","M","?","R","B",null,"M","?","AVR","M","M","E","R","R","T","$","R","?","T","M","R_BF","B",null,"M","AVR","?","$","?","R","?","E","T","R","M","M","?","M"],"character_chosen":"DEFECT","items_purchased":["Lantern","Question Card","Self Repair","Capacitor","Crystallizer","Runic Capacitor","infinitespire:Freezer","Juzu Bracelet","Potion Belt","ClockworkSouvenir"],"campfire_rested":3,"item_purchase_floors":[0,0,0,0,12,29,29,29,40,40],"current_hp_per_floor":[46,47,54,54,54,75,69,58,57,57,57,57,45,27,27,27,49,28,75,64,63,63,63,29,8,26,44,44,44,44,44,44,51,63,48,63,61,75,75,75,75,75,65,70,70,70,61,46,16,0,0],"gold":1021,"neow_bonus":"","is_daily":false,"chose_seed":false,"campfire_upgraded":4,"win_rate":0.0,"timestamp":1611426717,"path_taken":["M","?","?","PTL","PTL","M","?","E","M","R","T","$","E","?","M","?","R","BOSS","M","?","AVR","M","M","E","R","R","T","?","R","?","?","M","R_BF","BOSS","M","AVR","?","$","?","R","?","E","T","R","M","M","?","M"],"items_purchased_type":["Relic","Relic","Card","Card","Card","Relic","Relic","Relic","Relic","Relic"],"build_version":"2020-12-22","purchased_purges":1,"victory":false,"max_hp_per_floor":[75,75,75,75,75,75,75,75,75,75,75,75,75,75,75,75,75,75,75,75,63,63,63,63,63,63,63,63,63,63,63,63,63,63,63,63,63,77,77,77,77,77,77,77,77,77,77,77,77,77,77],"card_choices":[{"not_picked":["Stack","Double Energy","Streamline"],"picked":"Static Discharge","floor":1.0},{"not_picked":["Blizzard","Melter","Lockon"],"picked":"Chill","floor":2.0},{"not_picked":["Panic Button","Beam Cell","Stack"],"picked":"Storm","floor":3.0},{"not_picked":["Go for the Eyes","Undo","ReplaySort"],"picked":"Static Discharge","floor":6.0},{"not_picked":["BootSequence","Scrape","Skim"],"picked":"Electrodynamics","floor":7.0},{"not_picked":["ReplaySolidLightProjector","Time Bomb","ReplaySort"],"picked":"Coolheaded","floor":8.0},{"not_picked":["Coolheaded","Hologram","Panic Button"],"picked":"BasicCrystalCard","floor":9.0},{"not_picked":["Go for the Eyes","Coolheaded","Streamline"],"picked":"Chaos","floor":13.0},{"not_picked":["ReplayTheSpireMod:??????????????????????","Replay:Fractal Strike"],"picked":"infinitespire:DeathsTouch","floor":14.0},{"not_picked":["Ball Lightning","ReplayTheSpireMod:Calculation Training","Beam Cell"],"picked":"Leap","floor":15.0},{"not_picked":["Meteor Strike","Creative AI","Biased Cognition"],"picked":"Mirror Shield","floor":18.0},{"not_picked":["Streamline+1","Redo","Rebound"],"picked":"Go for the Eyes","floor":20.0},{"not_picked":["Go for the Eyes","Self Repair","Rebound+1"],"picked":"Leap","floor":22.0},{"not_picked":["Barrage+1","Thunder Strike","ReplayTheSpireMod:Reroute Power"],"picked":"Capacitor","floor":22.0},{"not_picked":["Hologram","Compile Driver","Force Field"],"picked":"Capacitor","floor":22.0},{"not_picked":["Beam Cell+1","Sunder","Rebound+1"],"picked":"BasicCrystalCard+1","floor":22.0},{"not_picked":["Redo","Hologram+1","Streamline"],"picked":"Barrage+1","floor":22.0},{"not_picked":["Time Bomb+1","Lockon","Mirror Shield"],"picked":"Panic Button","floor":23.0},{"not_picked":["Stack","Rebound","Leap"],"picked":"Auto Shields","floor":24.0},{"not_picked":["ReplayTheSpireMod:Calculation Training","Rebound","BasicCrystalCard"],"picked":"Defragment","floor":25.0},{"not_picked":["BasicCrystalCard","Redo","Panic Button"],"picked":"BootSequence","floor":33.0},{"not_picked":["Core Surge","Thunder Strike","Hyperbeam"],"picked":"Amplify","floor":35.0},{"not_picked":["Steam+1","BasicCrystalCard","Sweeping Beam+1"],"picked":"Turbo+1","floor":37.0},{"not_picked":["Coolheaded","ReplaySolidLightProjector+1","ReplayTheSpireMod:System Scan"],"picked":"Barrage","floor":44.0},{"not_picked":["Gash+1","Darkness+1","ReplayGash"],"picked":"ReplayTheSpireMod:Omega Cannon","floor":47.0},{"not_picked":["Redo","Panic Button+1","Rebound+1","Steam Power"],"picked":"SKIP","floor":48},{"not_picked":["Stack","Coolheaded+1","Leap"],"picked":"Rip and Tear+1","floor":49}],"player_experience":41188,"relics_obtained":[{"floor":8.0,"key":"StoneCalendar"},{"floor":11.0,"key":"infinitespire:Lucky Rock"},{"floor":13.0,"key":"Bronze Scales"},{"floor":16.0,"key":"Shuriken"},{"floor":25.0,"key":"WingedGreaves"},{"floor":28.0,"key":"Pantograph"},{"floor":32.0,"key":"Whetstone"},{"floor":41.0,"key":"Ring of Panic"},{"floor":41.0,"key":"ReplayTheSpireMod:Ring of Exchange"},{"floor":44.0,"key":"MawBank"},{"floor":45.0,"key":"infinitespire:Golems Mask"},{"floor":49,"key":"Happy Flower"}],"event_choices":[{"damage_healed":0.0,"max_hp_gain":0.0,"max_hp_loss":0.0,"gold_gain":0.0,"event_name":"Vampires","player_choice":"Ignored","floor":31.0,"gold_loss":0.0,"damage_taken":0.0},{"damage_healed":0.0,"max_hp_gain":0.0,"max_hp_loss":0.0,"gold_gain":999.0,"event_name":"MindBloom","player_choice":"Gold","floor":39.0,"gold_loss":0.0,"damage_taken":0.0,"cards_obtained":["Normality","Normality"]},{"damage_healed":0.0,"max_hp_gain":0.0,"max_hp_loss":0.0,"gold_gain":0.0,"event_name":"Winding Halls","player_choice":"Embrace Madness","floor":43.0,"gold_loss":0.0,"damage_taken":10.0,"cards_obtained":["Madness","Madness"]}],"is_beta":false,"boss_relics":[{"not_picked":["Snecko Eye","Cursed Key"],"picked":"Nuclear Battery"},{"not_picked":["infinitespire:Cupcake","FrozenCore"],"picked":"Runic Pyramid"}],"items_purged_floors":[40],"is_endless":false,"potions_floor_spawned":[2,6,9,18,20,25,33,48],"killed_by":"Jaw Worm Horde","ascension_level":0}}