{"host":"17xjy7b7ubl548g2","time":1611378476,"event":{"mods":["2.2 Compatiblity","Act Like it!","Aspiration","Astrologer","Bard","BaseMod","Challenge The Spire","ChefMod","Colored Map","Colored Powertips","Conspire","Elementarium","Energized Spire","Gensokyo","GifTheSpireLib","Halation","Hallownest","Hubris","Infinite Spire","Jedi Mod","Jorbs\u0027s Wanderer Trilogy","Marisa（霧雨　魔理沙）","Marked Mod","Menagerie","Minty Spire (QoL Compilation)","Permanent Neow","Replay The Spire","Robot Space Explorer","Spicy Shops","StSLib","Stuff the Spire","The Blue Laboratory","The Bug Knight","The Construct","The Disciple","The Hayseed","The Hierophant","The Marked","The Runesmith","The Sage","TheFirefly"],"gold_per_floor":[113,113,125,138,157,157,192,192,192,192,226,226,226,262,262,393,393,418,117,117,117,171,207,225,225,272,272,272,285,285,50,50,180,180,194,219,552,566,10,10,45,45,69,100,100,117,137,149,149,149],"floor_reached":51,"language":"ENG","playtime":4528,"items_purged":["RobotSpaceExplorer:Strike","StuffTheSpire:BumpUp","RobotSpaceExplorer:Defend"],"score":1391,"play_id":"d321158d-a9f7-4a1f-93f0-c85f1852b339","local_time":"20210123000756","is_ascension_mode":true,"campfire_choices":[{"data":"RobotSpaceExplorer:StarLightning","floor":6.0,"key":"SMITH"},{"data":"RobotSpaceExplorer:Comet","floor":8.0,"key":"SMITH"},{"data":"RobotSpaceExplorer:ToxicBomb","floor":10.0,"key":"SMITH"},{"data":"Menagerie:BeastSpirit","floor":15.0,"key":"SMITH"},{"floor":25,"key":"REST"},{"data":"RobotSpaceExplorer:MiniDrones","floor":30,"key":"SMITH"},{"data":"RobotSpaceExplorer:MiniLasers","floor":32,"key":"SMITH"},{"data":"RobotSpaceExplorer:StarLightning","floor":40,"key":"SMITH"},{"data":"RobotSpaceExplorer:PlasmaMissile","floor":45,"key":"SMITH"},{"data":"RobotSpaceExplorer:DoubleBlock","floor":49,"key":"SMITH"}],"circlet_count":0,"master_deck":["AscendersBane","RobotSpaceExplorer:Defend","RobotSpaceExplorer:Defend","RobotSpaceExplorer:Scan","RobotSpaceExplorer:MiniLasers+1","RobotSpaceExplorer:FrostMissile","Dash","jedi:studypoison","RobotSpaceExplorer:StarLightning+1","RobotSpaceExplorer:ToxicBomb+1","RobotSpaceExplorer:PlasmaMissile+1","RobotSpaceExplorer:Comet+1","RobotSpaceExplorer:Probe","Menagerie:BeastSpirit+1","RobotSpaceExplorer:GlueShot","RobotSpaceExplorer:Pulsar","RobotSpaceExplorer:Counterblock+1","RobotSpaceExplorer:BigMissile+1","RobotSpaceExplorer:Blaster+1","RobotSpaceExplorer:MiniDrones+1","RobotSpaceExplorer:ScrapMissile+1","RobotSpaceExplorer:Counterblock+1","RobotSpaceExplorer:StunGrenade+1","RobotSpaceExplorer:Ammunition+1","RobotSpaceExplorer:ShockMissile+1","RobotSpaceExplorer:StarLightning+1","RobotSpaceExplorer:SurgingStrike","RobotSpaceExplorer:Pulsar","RobotSpaceExplorer:LaserBurst+1","RobotSpaceExplorer:Calculate+1","ReplayUltimateDefense+1","Flash of Steel+1","PanicButton+1","RobotSpaceExplorer:Asteroid+1","RobotSpaceExplorer:Ammunition+1","RobotSpaceExplorer:ImprovisedAttack","RobotSpaceExplorer:DoubleBlock+1","RobotSpaceExplorer:Fix"],"relics":["RobotSpaceExplorer:RoboCore","Happy Flower","StuffTheSpire:Wildfire","hubris:64BitClover","halation:Toothbrush","Golden Egg","SlaversCollar","StuffTheSpire:CocoNut","Onion Ring","Juzu Bracelet","StuffTheSpire:Barrel","sagemod:Red_Beast_Statue","jedi:heavyjacket","Elementarium:ElementariumTrophy","Philosopher\u0027s Stone","Centennial Puzzle","hubris:ToyBattleship","ReplayTheSpireMod:ShopPack","Ornamental Fan","Oddly Smooth Stone","jedi:cryingmask","Bag of Preparation"],"acts_visited":["Exordium","Menagerie:Menagerie","TheBeyond"],"potions_floor_usage":[16,19,23,33,44],"damage_taken":[{"damage":0.0,"enemies":"Menagerie:WhisperingWraith","floor":1.0,"turns":6.0},{"damage":3.0,"enemies":"Menagerie:2_RABBITS","floor":3.0,"turns":4.0},{"damage":1.0,"enemies":"Menagerie:MonstrousExperiment","floor":4.0,"turns":3.0},{"damage":0.0,"enemies":"Menagerie:3_RABBITS","floor":5.0,"turns":4.0},{"damage":9.0,"enemies":"Menagerie:MaskedSummoner","floor":7.0,"turns":6.0},{"damage":8.0,"enemies":"Menagerie:Hydra","floor":11.0,"turns":4.0},{"damage":12.0,"enemies":"Menagerie:MaskedSummoner","floor":14.0,"turns":6.0},{"damage":9,"enemies":"Menagerie:Chimera","floor":16,"turns":6},{"damage":8,"enemies":"Elementarium:2_ELEMENTALS","floor":18,"turns":4},{"damage":18,"enemies":"Elementarium:FIRE_NOBILITY","floor":23,"turns":5},{"damage":0,"enemies":"Elementarium:VoidCorruption","floor":24,"turns":3},{"damage":4,"enemies":"Elementarium:VoidBeast","floor":29,"turns":4},{"damage":0,"enemies":"Elementarium:GoldenDragon","floor":33,"turns":6},{"damage":2,"enemies":"3 Darklings","floor":35,"turns":3},{"damage":0,"enemies":"Orb Walker","floor":36,"turns":3},{"damage":0,"enemies":"Sphere and 2 Shapes","floor":38,"turns":2},{"damage":0,"enemies":"Reptomancer","floor":41,"turns":4},{"damage":0,"enemies":"Giant Head","floor":44,"turns":6},{"damage":0,"enemies":"Spire Growth","floor":46,"turns":2},{"damage":0,"enemies":"Jaw Worm Horde","floor":47,"turns":2},{"damage":0,"enemies":"4 Shapes","floor":48,"turns":3},{"damage":0,"enemies":"Time Eater","floor":50,"turns":8}],"seed_played":"4073221054017268557","potions_obtained":[{"floor":1.0,"key":"blueLaboratory:BottledHope"},{"floor":3.0,"key":"sagemod:Wine"},{"floor":11.0,"key":"blueLaboratory:BottledHope"},{"floor":14.0,"key":"Dexterity Potion"},{"floor":16,"key":"Strength Potion"},{"floor":22,"key":"PowerPotion"},{"floor":24,"key":"blueLaboratory:PyrophylliteBrew"},{"floor":33,"key":"blueLaboratory:NullPotion"},{"floor":35,"key":"jedi:wingpotion"},{"floor":38,"key":"blueLaboratory:FrostheartPotion"},{"floor":44,"key":"Weak Potion"}],"is_trial":false,"path_per_floor":["M","?","M","M","M","R","E","R","T","R","E","?","?","E","R","B",null,"M","$","?","?","?","E","M","R","T","T","?","M","R","$","R","B",null,"M","M","?","M","$","R","E","?","T","E","R","M","M","M","R","B",null],"character_chosen":"RobotSpaceExplorer","items_purchased":["RobotSpaceExplorer:Counterblock+1","StuffTheSpire:CocoNut","RobotSpaceExplorer:Counterblock+1","RobotSpaceExplorer:StunGrenade","RobotSpaceExplorer:Ammunition","RobotSpaceExplorer:LaserBurst","RobotSpaceExplorer:Calculate","hubris:ToyBattleship","ReplayTheSpireMod:ShopPack"],"campfire_rested":1,"item_purchase_floors":[19,19,31,31,31,39,39,39,39],"current_hp_per_floor":[68,68,65,64,64,64,55,55,55,55,47,47,47,35,35,26,57,55,65,62,62,42,27,27,52,52,52,52,48,48,51,51,59,82,80,80,80,80,83,83,91,76,76,76,76,76,76,76,76,80],"gold":149,"neow_bonus":"RANDOM_COMMON_RELIC","is_daily":false,"chose_seed":false,"campfire_upgraded":9,"win_rate":0.0,"timestamp":1611378476,"path_taken":["M","?","M","?","M","R","E","R","T","R","E","?","?","E","R","BOSS","M","$","?","?","?","E","M","R","T","?","?","M","R","$","R","BOSS","M","M","?","M","$","R","E","?","T","E","R","M","M","M","R","BOSS"],"items_purchased_type":["Card","Relic","Card","Card","Card","Card","Card","Relic","Relic"],"build_version":"2020-12-22","purchased_purges":3,"victory":true,"max_hp_per_floor":[75,75,75,75,75,75,75,75,75,75,75,72,67,67,67,67,67,73,83,83,83,83,86,86,86,86,86,86,86,86,89,89,89,89,89,89,89,89,92,92,92,92,92,92,92,92,92,92,92,92],"card_choices":[{"not_picked":["RobotSpaceExplorer:GlueShot","RobotSpaceExplorer:FreezeRay"],"picked":"RobotSpaceExplorer:FrostMissile","floor":1.0},{"not_picked":["RobotSpaceExplorer:GearShield","RobotSpaceExplorer:Electroshield"],"picked":"RobotSpaceExplorer:StarLightning","floor":3.0},{"not_picked":["RobotSpaceExplorer:Electroshield","RobotSpaceExplorer:PowerGlove"],"picked":"RobotSpaceExplorer:ToxicBomb","floor":4.0},{"not_picked":["RobotSpaceExplorer:GlueShot","RobotSpaceExplorer:LaserBurst"],"picked":"RobotSpaceExplorer:PlasmaMissile","floor":5.0},{"not_picked":["RobotSpaceExplorer:ShovelStrike","RobotSpaceExplorer:Discharger"],"picked":"RobotSpaceExplorer:Comet","floor":7.0},{"not_picked":["RobotSpaceExplorer:BigMissile","RobotSpaceExplorer:FrostMissile"],"picked":"RobotSpaceExplorer:Probe","floor":11.0},{"not_picked":["RobotSpaceExplorer:JunkDive","RobotSpaceExplorer:Electropulse"],"picked":"RobotSpaceExplorer:GlueShot","floor":14.0},{"not_picked":["RobotSpaceExplorer:DroneSwarm","RobotSpaceExplorer:Exploration"],"picked":"RobotSpaceExplorer:Wormhole","floor":16},{"not_picked":["RobotSpaceExplorer:MakeshiftVolley","RobotSpaceExplorer:SlimeMissile"],"picked":"RobotSpaceExplorer:Pulsar","floor":18},{"not_picked":["RobotSpaceExplorer:LuckyStrike","RobotSpaceExplorer:LaserBurst"],"picked":"RobotSpaceExplorer:BigMissile+1","floor":22},{"not_picked":["RobotSpaceExplorer:JunkDive","RobotSpaceExplorer:MiniBoosters"],"picked":"RobotSpaceExplorer:Blaster","floor":23},{"not_picked":["RobotSpaceExplorer:ScrapToss","RobotSpaceExplorer:Pulsar"],"picked":"RobotSpaceExplorer:MiniDrones","floor":24},{"not_picked":["RobotSpaceExplorer:SelfCleaning","RobotSpaceExplorer:LaserBurst"],"picked":"RobotSpaceExplorer:ScrapMissile+1","floor":29},{"not_picked":["RobotSpaceExplorer:Accelerator","RobotSpaceExplorer:DroneSwarm"],"picked":"RobotSpaceExplorer:ShockMissile","floor":33},{"not_picked":["RobotSpaceExplorer:ToxicBomb+1","RobotSpaceExplorer:MetalStrike+1"],"picked":"RobotSpaceExplorer:StarLightning","floor":35},{"not_picked":["RobotSpaceExplorer:SurgingShield","RobotSpaceExplorer:DoubleFind+1"],"picked":"RobotSpaceExplorer:SurgingStrike","floor":36},{"not_picked":["RobotSpaceExplorer:SelfCleaning","RobotSpaceExplorer:SurgingStrike"],"picked":"RobotSpaceExplorer:Pulsar","floor":38},{"not_picked":["jedi:LeechingStrike","Panache"],"picked":"ReplayUltimateDefense","floor":39},{"not_picked":["ReplayTheSpireMod:Uncanny Aura","Replay:BasicMightCard"],"picked":"Flash of Steel","floor":39},{"not_picked":["Survey Options","Replay:Parry"],"picked":"PanicButton","floor":39},{"not_picked":["RobotSpaceExplorer:DualCore","RobotSpaceExplorer:MetalStrike"],"picked":"RobotSpaceExplorer:Asteroid","floor":41},{"not_picked":["RobotSpaceExplorer:ShockKick","RobotSpaceExplorer:StunGrenade+1"],"picked":"RobotSpaceExplorer:Ammunition+1","floor":44},{"not_picked":["RobotSpaceExplorer:MetalStrike","RobotSpaceExplorer:SlimeMissile+1"],"picked":"RobotSpaceExplorer:ImprovisedAttack","floor":46},{"not_picked":["RobotSpaceExplorer:PowerGlove+1","RobotSpaceExplorer:Probe"],"picked":"RobotSpaceExplorer:DoubleBlock","floor":47},{"not_picked":["RobotSpaceExplorer:SwiftStep","RobotSpaceExplorer:ScrapMissile"],"picked":"RobotSpaceExplorer:Fix","floor":48}],"player_experience":1872181,"relics_obtained":[{"floor":7.0,"key":"StuffTheSpire:Wildfire"},{"floor":9.0,"key":"hubris:64BitClover"},{"floor":11.0,"key":"halation:Toothbrush"},{"floor":14.0,"key":"Golden Egg"},{"floor":23,"key":"Juzu Bracelet"},{"floor":26,"key":"StuffTheSpire:Barrel"},{"floor":27,"key":"sagemod:Red_Beast_Statue"},{"floor":36,"key":"Centennial Puzzle"},{"floor":41,"key":"Ornamental Fan"},{"floor":43,"key":"jedi:cryingmask"},{"floor":44,"key":"Bag of Preparation"}],"event_choices":[{"damage_healed":0.0,"max_hp_gain":0.0,"max_hp_loss":3.0,"gold_gain":0.0,"event_name":"Menagerie:BeastSpiritShrine","player_choice":"Knelt","floor":12.0,"gold_loss":0.0,"damage_taken":0.0,"cards_obtained":["Menagerie:BeastSpirit"]},{"damage_healed":0.0,"max_hp_gain":0.0,"max_hp_loss":5.0,"gold_gain":0.0,"event_name":"Golden Idol","player_choice":"Lose Max HP","floor":13.0,"gold_loss":0.0,"damage_taken":0.0,"relics_obtained":["Golden Idol"]},{"damage_healed":0,"gold_gain":0,"player_choice":"Poke through","damage_taken":3,"max_hp_gain":0,"max_hp_loss":0,"event_name":"Elementarium:GreatTreasure","floor":20,"gold_loss":0},{"damage_healed":0,"gold_gain":0,"player_choice":"Open","damage_taken":0,"relics_obtained":["Onion Ring"],"max_hp_gain":0,"max_hp_loss":0,"event_name":"Elementarium:TarCoveredCasket","floor":21,"gold_loss":0,"cards_obtained":["Elementarium:StickyTar"]},{"damage_healed":0,"gold_gain":333,"player_choice":"Gave Idol","damage_taken":0,"max_hp_gain":0,"max_hp_loss":0,"event_name":"The Moai Head","floor":37,"relics_lost":["Golden Idol"],"gold_loss":0}],"is_beta":false,"boss_relics":[{"not_picked":["aspiration:RitualDagger","conspire:RunicOctahedron"],"picked":"SlaversCollar"},{"not_picked":["halation:MonkeysPaw","aspiration:PoetsPen_weak"],"picked":"Philosopher\u0027s Stone"}],"items_purged_floors":[19,31,39],"is_endless":false,"potions_floor_spawned":[1,3,11,14,16,18,24,33,35,38,44],"ascension_level":12}}