{"host":"aukiz5jlacd3g5yc","time":1611369479,"event":{"mods":["2.2 Compatiblity","BaseMod","Bestiary","Colored Map","Colored Powertips","Downfall","GifTheSpireLib","Minty Spire (QoL Compilation)","Permanent Neow","Quick Restart","Random Character Button","Rare Cards Sparkle","Relic Sorter","Relic Stats","StSLib","everything is the same but u backflip on backflip","slay the spire mod where everything is the same but ironclad has a cowboy hat"],"gold_per_floor":[111,122,72,72,82,82,113,113,113,113,124,124,152,168,168,168,168],"floor_reached":16,"language":"ENG","playtime":468,"items_purged":[],"score":116,"play_id":"c8da26c8-45b8-423c-860e-b7e4e35944a9","local_time":"20210122203759","is_ascension_mode":true,"campfire_choices":[{"data":"Havoc","floor":6,"key":"SMITH"},{"data":"Sever Soul","floor":8,"key":"SMITH"},{"data":"Double Tap","floor":12,"key":"SMITH"},{"data":"Havoc","floor":15,"key":"SMITH"}],"circlet_count":0,"master_deck":["Strike_R","Strike_R","Strike_R","Defend_R","Defend_R","Defend_R","Bash","Sever Soul+1","Havoc+1","Regret","Double Tap+1","Double Tap","Parasite","Whirlwind+1","Anger+1","Havoc+1"],"relics":["Burning Blood","Molten Egg 2","PreservedInsect","Blue Candle","Letter Opener"],"acts_visited":["Exordium"],"potions_floor_usage":[7,14],"damage_taken":[{"damage":6,"enemies":"Cultist","floor":1,"turns":3},{"damage":6,"enemies":"2 Louse","floor":2,"turns":2},{"damage":20,"enemies":"Jaw Worm","floor":5,"turns":4},{"damage":39,"enemies":"3 Sentries","floor":7,"turns":10},{"damage":6,"enemies":"Looter","floor":11,"turns":2},{"damage":8,"enemies":"Gremlin Nob","floor":13,"turns":3},{"damage":15,"enemies":"2 Fungi Beasts","floor":14,"turns":3},{"damage":19,"enemies":"Hexaghost","floor":16,"turns":3}],"seed_played":"-8427134248881946336","potions_obtained":[{"floor":2,"key":"Weak Potion"},{"floor":7,"key":"Fire Potion"}],"is_trial":false,"path_per_floor":["M","M","?","?","M","R","E","R","T","?","M","R","E","M","R","B"],"character_chosen":"IRONCLAD","items_purchased":[],"campfire_rested":0,"item_purchase_floors":[],"current_hp_per_floor":[56,56,56,56,42,42,9,9,9,29,29,29,27,18,18,0,0],"gold":168,"neow_bonus":"REMOVE_TWO","is_daily":false,"chose_seed":false,"campfire_upgraded":4,"win_rate":0.0,"timestamp":1611369479,"path_taken":["M","?","?","?","M","R","E","R","T","?","M","R","E","M","R","BOSS"],"items_purchased_type":[],"build_version":"2020-12-22","purchased_purges":0,"victory":false,"max_hp_per_floor":[80,80,80,80,80,80,80,80,80,80,80,80,80,80,80,80,80],"relic_stats":{"counters":[8,30],"Blue Candle":[4],"PreservedInsect":21,"Letter Opener":[15],"obtain_stats":[{"Blue Candle":9,"Molten Egg 2":4,"PreservedInsect":7,"Letter Opener":13,"Burning Blood":0},{"Blue Candle":4,"Molten Egg 2":2,"PreservedInsect":4,"Letter Opener":6,"Burning Blood":0},{"Blue Candle":19,"Molten Egg 2":5,"PreservedInsect":19,"Letter Opener":24,"Burning Blood":0}],"Burning Blood":42},"card_choices":[{"not_picked":["Thunderclap","Bloodletting"],"picked":"Sever Soul","floor":1},{"not_picked":["Flex","Body Slam"],"picked":"Havoc","floor":2},{"not_picked":["Body Slam+1","Armaments"],"picked":"Double Tap","floor":5},{"not_picked":["Second Wind","Sword Boomerang+1"],"picked":"Double Tap","floor":7},{"not_picked":["Headbutt+1","Fire Breathing"],"picked":"Whirlwind+1","floor":11},{"not_picked":["Seeing Red","Fire Breathing"],"picked":"Anger+1","floor":13},{"not_picked":["Body Slam+1","Sword Boomerang+1"],"picked":"Havoc","floor":14}],"player_experience":352973,"relics_obtained":[{"floor":7,"key":"PreservedInsect"},{"floor":9,"key":"Blue Candle"},{"floor":13,"key":"Letter Opener"}],"event_choices":[{"cards_removed":["Strike_R"],"damage_healed":0,"gold_gain":0,"player_choice":"Card Removal","damage_taken":0,"max_hp_gain":0,"max_hp_loss":0,"event_name":"The Cleric","floor":3,"gold_loss":50},{"damage_healed":0,"gold_gain":0,"player_choice":"Box","damage_taken":0,"relics_obtained":["Molten Egg 2"],"max_hp_gain":0,"max_hp_loss":0,"event_name":"Big Fish","floor":4,"gold_loss":0,"cards_obtained":["Regret"]},{"damage_healed":20,"gold_gain":0,"player_choice":"Healed and dodged fight","damage_taken":0,"max_hp_gain":0,"max_hp_loss":0,"event_name":"Mushrooms","floor":10,"gold_loss":0,"cards_obtained":["Parasite"]}],"is_beta":false,"boss_relics":[],"items_purged_floors":[],"is_endless":false,"potions_floor_spawned":[2,7],"killed_by":"Hexaghost","ascension_level":1}}