{"host":"2se5dq1do2gp0x9k","time":1611384957,"event":{"mods":["AchievementEnabler","BaseMod","Block Reminder","Colored Map","Colored Powertips","Minty Spire (QoL Compilation)","Relic Stats","StSLib","SuperFastMode"],"gold_per_floor":[109,109,127,147,43,43,54,82,82,115,125,125,138,154,154,154,154],"floor_reached":16,"language":"ENG","playtime":530,"items_purged":["Strike_G"],"score":228,"play_id":"2418695e-e0ca-4447-afde-28d434ac4c76","local_time":"20210122225557","is_ascension_mode":true,"campfire_choices":[{"data":"Dagger Spray","floor":6.0,"key":"SMITH"},{"floor":12,"key":"REST"},{"floor":15,"key":"DIG"}],"circlet_count":0,"master_deck":["AscendersBane","Strike_G","Strike_G","Strike_G","Strike_G","Defend_G","Defend_G","Defend_G","Defend_G","Defend_G","Survivor","Neutralize","Dagger Spray+1","Sucker Punch","Crippling Poison","Cloak And Dagger","Blade Dance","Cloak And Dagger","Prepared"],"relics":["Runic Pyramid","Pen Nib","Lizard Tail","Gremlin Horn","Shovel","Question Card"],"acts_visited":["Exordium"],"potions_floor_usage":[8,10],"damage_taken":[{"damage":0.0,"enemies":"Cultist","floor":1.0,"turns":4.0},{"damage":7.0,"enemies":"Jaw Worm","floor":3.0,"turns":4.0},{"damage":0.0,"enemies":"2 Louse","floor":4.0,"turns":3.0},{"damage":4.0,"enemies":"Large Slime","floor":7.0,"turns":4.0},{"damage":20,"enemies":"Lagavulin","floor":8,"turns":6},{"damage":9,"enemies":"3 Sentries","floor":10,"turns":9},{"damage":15,"enemies":"3 Louse","floor":11,"turns":2},{"damage":7,"enemies":"2 Fungi Beasts","floor":13,"turns":3},{"damage":1,"enemies":"Large Slime","floor":14,"turns":5},{"damage":9,"enemies":"The Guardian","floor":16,"turns":4}],"seed_played":"-7097897235196795484","potions_obtained":[{"floor":3.0,"key":"Strength Potion"},{"floor":4.0,"key":"Fruit Juice"},{"floor":8,"key":"Ancient Potion"},{"floor":10,"key":"SteroidPotion"}],"is_trial":false,"path_per_floor":["M","T","M","M","$","R","M","E","T","E","M","R","M","M","R","B"],"character_chosen":"THE_SILENT","items_purchased":["Cloak And Dagger"],"campfire_rested":1,"item_purchase_floors":[5],"current_hp_per_floor":[59,59,52,52,52,52,48,28,28,24,9,30,23,22,22,13,13],"gold":154,"neow_bonus":"BOSS_RELIC","is_daily":false,"chose_seed":false,"campfire_upgraded":1,"win_rate":0.0,"timestamp":1611384957,"path_taken":["M","?","M","M","$","R","M","E","T","E","M","R","M","M","R","BOSS"],"items_purchased_type":["Card"],"build_version":"2020-12-22","purchased_purges":1,"victory":false,"max_hp_per_floor":[66,66,66,66,66,66,66,66,66,71,71,71,71,71,71,71,71],"relic_stats":{"Lizard Tail":0,"Shovel":1,"Gremlin Horn":[6,6],"counters":[10,44],"Pen Nib":[7],"Question Card":0,"obtain_stats":[{"Lizard Tail":8,"Shovel":10,"Gremlin Horn":9,"Pen Nib":2,"Question Card":15,"Ring of the Snake":0,"Runic Pyramid":0},{"Lizard Tail":5,"Shovel":6,"Gremlin Horn":5,"Pen Nib":1,"Question Card":9,"Ring of the Snake":0,"Runic Pyramid":0},{"Lizard Tail":21,"Shovel":30,"Gremlin Horn":21,"Pen Nib":4,"Question Card":40,"Ring of the Snake":0,"Runic Pyramid":0}]},"card_choices":[{"not_picked":["PiercingWail","Leg Sweep"],"picked":"Dagger Spray","floor":1.0},{"not_picked":["Accuracy","Eviscerate"],"picked":"Sucker Punch","floor":3.0},{"not_picked":["Dagger Throw","Slice"],"picked":"Crippling Poison","floor":4.0},{"not_picked":["Underhanded Strike","Distraction","All Out Attack"],"picked":"SKIP","floor":7.0},{"not_picked":["Poisoned Stab","Sucker Punch","Outmaneuver"],"picked":"SKIP","floor":8},{"not_picked":["Doppelganger","Terror"],"picked":"Blade Dance","floor":10},{"not_picked":["Endless Agony","Dagger Throw"],"picked":"Cloak And Dagger","floor":11},{"not_picked":["Backflip","Dagger Throw"],"picked":"Prepared","floor":13},{"not_picked":["Underhanded Strike","Deadly Poison","Acrobatics"],"picked":"SKIP","floor":14}],"player_experience":3938666,"relics_obtained":[{"floor":2.0,"key":"Pen Nib"},{"floor":8,"key":"Lizard Tail"},{"floor":9,"key":"Gremlin Horn"},{"floor":10,"key":"Shovel"},{"floor":15,"key":"Question Card"}],"event_choices":[],"is_beta":false,"boss_relics":[],"items_purged_floors":[5],"is_endless":false,"potions_floor_spawned":[3,4,8,10],"killed_by":"The Guardian","ascension_level":20}}