{"host":"phniwng9zo19jwdb","time":1611413421,"event":{"mods":["AchievementEnabler","BaseMod","Colored Powertips","Dark Map","Faster Ascension Climbing","GifTheSpireLib","Minty Spire (QoL Compilation)","Permanent Neow","Rare Cards Sparkle","StSLib"],"gold_per_floor":[112,112,112,127,138,163,163,193,193,193,213,245,257,276,276,350,350,369,389,389,403,403,403,403,403],"floor_reached":24,"language":"ENG","playtime":1289,"items_purged":[],"score":462,"play_id":"369d1d87-c99c-4068-b2b1-29f02401cc4c","local_time":"20210123155021","is_ascension_mode":true,"campfire_choices":[{"floor":7.0,"key":"REST"},{"data":"Calculated Gamble","floor":10.0,"key":"SMITH"},{"data":"Footwork","floor":15.0,"key":"SMITH"},{"floor":23.0,"key":"REST"}],"circlet_count":0,"master_deck":["AscendersBane","Strike_G+1","Strike_G","Defend_G","Defend_G","Defend_G","Defend_G","Survivor","Neutralize","Deadly Poison+1","Tools of the Trade+1","Reflex+1","Dagger Throw+1","PiercingWail","Escape Plan","Calculated Gamble+1","Endless Agony","Footwork+1","Calculated Gamble+1","Adrenaline+1","Backflip+1","Die Die Die+1","Endless Agony+1","Catalyst+1","Necronomicurse"],"relics":["Astrolabe","Blood Vial","Mango","Toxic Egg 2","Molten Egg 2","Sozu","MutagenicStrength","Necronomicon"],"acts_visited":["Exordium","TheCity"],"potions_floor_usage":[24],"damage_taken":[{"damage":4.0,"enemies":"Jaw Worm","floor":1.0,"turns":5.0},{"damage":1.0,"enemies":"Cultist","floor":4.0,"turns":4.0},{"damage":6.0,"enemies":"Small Slimes","floor":5.0,"turns":4.0},{"damage":6.0,"enemies":"Gremlin Nob","floor":6.0,"turns":4.0},{"damage":22.0,"enemies":"3 Sentries","floor":8.0,"turns":12.0},{"damage":8.0,"enemies":"Exordium Wildlife","floor":11.0,"turns":5.0},{"damage":0.0,"enemies":"Lagavulin","floor":12.0,"turns":6.0},{"damage":8.0,"enemies":"Lots of Slimes","floor":13.0,"turns":6.0},{"damage":4.0,"enemies":"Red Slaver","floor":14.0,"turns":4.0},{"damage":2.0,"enemies":"Hexaghost","floor":16.0,"turns":9.0},{"damage":18.0,"enemies":"3 Byrds","floor":18.0,"turns":4.0},{"damage":6.0,"enemies":"Shell Parasite","floor":19.0,"turns":4.0},{"damage":0.0,"enemies":"3 Cultists","floor":21.0,"turns":4.0},{"damage":26,"enemies":"Slavers","floor":24,"turns":5}],"seed_played":"1615101935984516525","potions_obtained":[{"floor":4.0,"key":"GamblersBrew"},{"floor":5.0,"key":"PowerPotion"},{"floor":12.0,"key":"Weak Potion"},{"floor":13.0,"key":"AttackPotion"},{"floor":14.0,"key":"Poison Potion"}],"is_trial":false,"path_per_floor":["M","?","?","M","M","E","R","E","T","R","M","E","M","M","R","B",null,"M","M","?","M","?","R","E"],"character_chosen":"THE_SILENT","items_purchased":[],"campfire_rested":2,"item_purchase_floors":[],"current_hp_per_floor":[55,35,35,34,28,22,41,35,35,35,29,31,25,23,23,23,66,50,46,46,48,27,51,27,27],"gold":403,"neow_bonus":"BOSS_RELIC","is_daily":false,"chose_seed":false,"campfire_upgraded":2,"win_rate":0.0,"timestamp":1611413421,"path_taken":["M","?","?","?","M","E","R","E","T","R","M","E","M","M","R","BOSS","M","M","?","M","?","R","E"],"items_purchased_type":[],"build_version":"2020-12-22","purchased_purges":0,"victory":false,"max_hp_per_floor":[66,66,66,66,66,66,66,80,80,80,80,80,80,80,80,80,80,80,80,80,80,80,80,80,80],"card_choices":[{"not_picked":["Dodge and Roll","Expertise"],"picked":"Dagger Throw","floor":1.0},{"not_picked":["Riddle With Holes","Choke"],"picked":"PiercingWail","floor":4.0},{"not_picked":["Caltrops","Well Laid Plans"],"picked":"Escape Plan","floor":5.0},{"not_picked":["Riddle With Holes","Deadly Poison"],"picked":"Calculated Gamble","floor":6.0},{"not_picked":["Skewer","PiercingWail"],"picked":"Endless Agony","floor":8.0},{"not_picked":["Sucker Punch","Dagger Spray"],"picked":"Footwork","floor":11.0},{"not_picked":["Distraction+1","Terror+1"],"picked":"Calculated Gamble+1","floor":12.0},{"not_picked":["Cloak And Dagger+1","Sucker Punch+1"],"picked":"Adrenaline+1","floor":13.0},{"not_picked":["Catalyst+1","Dagger Spray+1"],"picked":"Backflip+1","floor":14.0},{"not_picked":["Night Terror+1","Glass Knife+1"],"picked":"Die Die Die+1","floor":16.0},{"not_picked":["Dagger Spray+1","Riddle With Holes+1"],"picked":"Endless Agony+1","floor":18.0},{"not_picked":["Dagger Throw+1","Flying Knee+1","Masterful Stab+1"],"picked":"SKIP","floor":19.0},{"not_picked":["Crippling Poison+1","Bouncing Flask+1"],"picked":"Catalyst+1","floor":21.0}],"player_experience":61183,"relics_obtained":[{"floor":6.0,"key":"Blood Vial"},{"floor":8.0,"key":"Mango"},{"floor":9.0,"key":"Toxic Egg 2"},{"floor":12.0,"key":"Molten Egg 2"},{"floor":22.0,"key":"Necronomicon"}],"event_choices":[{"damage_healed":0.0,"max_hp_gain":0.0,"max_hp_loss":0.0,"gold_gain":0.0,"event_name":"Shining Light","player_choice":"Entered Light","floor":2.0,"gold_loss":0.0,"damage_taken":20.0,"cards_upgraded":["Strike_G","Dagger Throw"]},{"cards_removed":["Strike_G"],"damage_healed":0.0,"max_hp_gain":0.0,"max_hp_loss":0.0,"gold_gain":0.0,"event_name":"Bonfire Elementals","player_choice":"Offered Basic","floor":3.0,"gold_loss":0.0,"damage_taken":0.0},{"damage_healed":0.0,"max_hp_gain":0.0,"max_hp_loss":0.0,"gold_gain":0.0,"event_name":"Drug Dealer","player_choice":"Inject Mutagens","floor":20.0,"gold_loss":0.0,"damage_taken":0.0,"relics_obtained":["MutagenicStrength"]},{"damage_healed":0.0,"max_hp_gain":0.0,"max_hp_loss":0.0,"gold_gain":0.0,"event_name":"Cursed Tome","player_choice":"Obtained Book","floor":22.0,"gold_loss":0.0,"damage_taken":21.0}],"is_beta":false,"boss_relics":[{"not_picked":["Ectoplasm","Philosopher\u0027s Stone"],"picked":"Sozu"}],"items_purged_floors":[],"is_endless":false,"potions_floor_spawned":[4,5,12,13,14,18],"killed_by":"Slavers","ascension_level":18}}