{"host":"urvvf8749ekcxo1a","time":1611435960,"event":{"mods":["AchievementEnabler","BaseMod","Better Sensory Stone","Better Third Choice","BetterRewards","Card Forge","Colored Powertips","Gold Saver","Minty Spire (QoL Compilation)","Quick Restart","Relic Filter","StSLib","SuperFastMode","The Alterego","The Cursed","The Hierophant","The Servant 0.9.4","UnlockEverythingMod"],"gold_per_floor":[629,484,484,410,424,450,450,462,515,528,543,543,560,560,560,657,657,671,687,697,697,710,710,726,726,750,750,769,769,769],"floor_reached":29,"language":"ENG","playtime":773,"items_purged":[],"score":254,"play_id":"62397707-5e4b-4a51-8b3c-ddd8ca68b578","local_time":"20210123160600","is_ascension_mode":false,"campfire_choices":[{"data":"alterego_mod:BigMeatyClaws","floor":7,"key":"SMITH"},{"data":"alterego_mod:DiscoLights","floor":12,"key":"SMITH"},{"floor":15,"key":"REST"},{"floor":23,"key":"REST"},{"floor":27,"key":"REST"}],"circlet_count":0,"master_deck":["alterego_mod:Strike+1","alterego_mod:Strike+1","alterego_mod:Strike+1","alterego_mod:Defend+1","alterego_mod:Defend+1","alterego_mod:Defend+1","alterego_mod:Defend+1","alterego_mod:Impale+1","alterego_mod:BigMeatyClaws+1","alterego_mod:BrynhildrsRune+1","alterego_mod:DiscoLights+1","alterego_mod:IndependentAction+1","alterego_mod:Cooking+1","alterego_mod:Complex+1","alterego_mod:Jiggle+1","alterego_mod:IdEs+1","alterego_mod:Birthday+1","alterego_mod:Mirror+1","Unruled+1","alterego_mod:Support+1","alterego_mod:TrashNCrash+1"],"relics":["alterego_mod:MasochisticConstitution","Hammer of Thor","Seething Fire","Anvil of the Gods","NeowsBlessing","Membership Card","alterego_mod:SistersRibbon","White Beast Statue","Oddly Smooth Stone","SlaversCollar","Frozen Egg 2"],"acts_visited":["Exordium","TheCity"],"potions_floor_usage":[11,11,16,16,20,20,20],"damage_taken":[{"damage":0,"enemies":"Cultist","floor":1,"turns":1},{"damage":0,"enemies":"Small Slimes","floor":5,"turns":2},{"damage":0,"enemies":"Gremlin Nob","floor":6,"turns":2},{"damage":11,"enemies":"2 Louse","floor":8,"turns":2},{"damage":18,"enemies":"Looter","floor":10,"turns":3},{"damage":0,"enemies":"Gremlin Gang","floor":11,"turns":4},{"damage":7,"enemies":"3 Louse","floor":13,"turns":5},{"damage":37,"enemies":"Slime Boss","floor":16,"turns":8},{"damage":18,"enemies":"Chosen","floor":18,"turns":5},{"damage":31,"enemies":"Shell Parasite","floor":19,"turns":4},{"damage":5,"enemies":"Snecko","floor":20,"turns":3},{"damage":40,"enemies":"Centurion and Healer","floor":22,"turns":9},{"damage":40,"enemies":"Snake Plant","floor":24,"turns":7},{"damage":24,"enemies":"Chosen and Byrds","floor":28,"turns":5},{"damage":20,"enemies":"Colosseum Slavers","floor":29,"turns":1}],"seed_played":"-4151817903150859063","potions_obtained":[{"floor":8,"key":"PowerPotion"},{"floor":10,"key":"SteroidPotion"},{"floor":13,"key":"EntropicBrew"},{"floor":16,"key":"DistilledChaos"},{"floor":18,"key":"CultistPotion"},{"floor":28,"key":"DuplicationPotion"}],"is_trial":false,"path_per_floor":["M","$","?","$","M","E","R","M","T","M","M","R","M","?","R","B",null,"M","M","M","?","M","R","M","?","T","R","M","?"],"character_chosen":"The_Alterego","items_purchased":["Membership Card","alterego_mod:SistersRibbon"],"campfire_rested":3,"item_purchase_floors":[2,4],"current_hp_per_floor":[70,70,70,70,70,70,70,60,60,43,43,43,47,47,68,45,74,57,34,45,45,20,43,11,11,11,34,18,0,0],"gold":769,"neow_bonus":"THREE_ENEMY_KILL","is_daily":false,"chose_seed":false,"campfire_upgraded":2,"win_rate":0.0,"timestamp":1611435960,"path_taken":["M","$","?","$","?","E","R","M","T","M","?","R","M","?","R","BOSS","M","M","M","?","M","R","?","?","T","R","M","?"],"items_purchased_type":["Relic","Relic"],"build_version":"2020-12-22","purchased_purges":0,"victory":false,"max_hp_per_floor":[70,70,70,70,70,70,70,71,71,72,72,72,73,73,73,74,74,75,76,77,77,78,78,79,79,79,79,80,80,80],"card_choices":[{"not_picked":["alterego_mod:Birthday","alterego_mod:PerceptionDisorder"],"picked":"alterego_mod:DiscoLights","floor":1},{"not_picked":["alterego_mod:Collar","alterego_mod:Maid","alterego_mod:1TonWallop"],"picked":"SKIP","floor":5},{"not_picked":["alterego_mod:Stockings","alterego_mod:Lift","alterego_mod:MagicResistance"],"picked":"SKIP","floor":6},{"not_picked":["alterego_mod:Stockings","alterego_mod:1TonWallop","alterego_mod:Maid"],"picked":"SKIP","floor":8},{"not_picked":["alterego_mod:Maid","alterego_mod:DeftHands","alterego_mod:Table"],"picked":"SKIP","floor":10},{"not_picked":["alterego_mod:Clones","alterego_mod:GoddessCore"],"picked":"alterego_mod:Cooking","floor":11},{"not_picked":["alterego_mod:Rip","alterego_mod:Bounce","alterego_mod:Cycle"],"picked":"SKIP","floor":13},{"not_picked":["alterego_mod:RingBreak","alterego_mod:Alter"],"picked":"alterego_mod:IdEs","floor":16},{"not_picked":["alterego_mod:HighServant","alterego_mod:Bloomers+1"],"picked":"alterego_mod:Birthday","floor":18},{"not_picked":["alterego_mod:DeftHands","alterego_mod:Exercise","alterego_mod:Jiggle"],"picked":"SKIP","floor":19},{"not_picked":["alterego_mod:Crossover","alterego_mod:BusterCard"],"picked":"alterego_mod:Mirror","floor":20},{"not_picked":["alterego_mod:Rip","alterego_mod:BiFurious"],"picked":"alterego_mod:Support","floor":22},{"not_picked":["alterego_mod:Mirror+1","alterego_mod:Nekomimi"],"picked":"alterego_mod:TrashNCrash","floor":24},{"not_picked":["alterego_mod:1TonWallop","alterego_mod:Bounce","alterego_mod:Maid+1"],"picked":"SKIP","floor":28}],"player_experience":152773,"relics_obtained":[{"floor":6,"key":"White Beast Statue"},{"floor":9,"key":"Oddly Smooth Stone"},{"floor":26,"key":"Frozen Egg 2"}],"event_choices":[{"damage_healed":0,"gold_gain":0,"cards_transformed":["alterego_mod:Strike"],"player_choice":"Transformed","damage_taken":0,"max_hp_gain":0,"max_hp_loss":0,"event_name":"Transmorgrifier","floor":3,"gold_loss":0,"cards_obtained":["alterego_mod:IndependentAction"]},{"cards_removed":["alterego_mod:1TonWallop"],"damage_healed":0,"gold_gain":0,"player_choice":"Took Card","damage_taken":0,"max_hp_gain":0,"max_hp_loss":0,"event_name":"NoteForYourself","floor":21,"gold_loss":0,"cards_obtained":["Unruled"]},{"damage_healed":0,"gold_gain":0,"player_choice":"Ignored","damage_taken":0,"max_hp_gain":0,"max_hp_loss":0,"event_name":"Ghosts","floor":25,"gold_loss":0},{"damage_healed":0,"gold_gain":0,"player_choice":"Fight","damage_taken":0,"max_hp_gain":0,"max_hp_loss":0,"event_name":"Colosseum","floor":29,"gold_loss":0}],"is_beta":false,"boss_relics":[{"not_picked":["SacredBark","Sozu"],"picked":"SlaversCollar"}],"items_purged_floors":[],"is_endless":false,"potions_floor_spawned":[8,10,11,13,16,18,19,20,22,24,28],"killed_by":"Colosseum Slavers","ascension_level":0}}