{"host":"ixtszv54kd1m8623","time":1611419987,"event":{"mods":["Act Like it!","Aspiration","Bard","BaseMod","Beaked The Cultist","ChefMod","Colored Map","Colored Powertips","Conspire","Downfall","Duelist Mod","Gensokyo","GifTheSpireLib","Halation","Hermit","Hubris","Infinite Spire","Jorbs\u0027s Wanderer Trilogy","Lobotomy","Minty Spire (QoL Compilation)","Replay The Spire","Robot Space Explorer","Shade Mod","StSLib","The Animator","The Blackbeard","The Bug Knight","The Cursed","The Disciple","The Dragon Tamer","The Marked","The Runesmith","The Servant 0.9.4"],"gold_per_floor":[0,13,28,45,145,145,145,156,56,75,75,86,101,111,129,231,231,131,142,154,154,154,154,236,236,236,246,265,25,25,44,64,168,168,168,179,179,223,223,236,261,293,293,293,293,327,227,260,273,273,273,298,41,41,41,41,41,41],"floor_reached":56,"language":"ENG","playtime":4488,"items_purged":[],"score":906,"play_id":"4328bab6-2652-4451-931d-2f8f970c1410","local_time":"20210123083947","is_ascension_mode":false,"campfire_choices":[{"floor":1,"key":"RECALL"},{"data":"Guardian:CurlUp","floor":9,"key":"SMITH"},{"data":"Guardian:TwinSlam","floor":11,"key":"SMITH"},{"data":"Guardian:TimeSifter","floor":18,"key":"SMITH"},{"data":"Guardian:DonusPower","floor":23,"key":"SMITH"},{"data":"Guardian:Preprogram","floor":25,"key":"SMITH"},{"data":"Guardian:DecasProtection","floor":30,"key":"SMITH"},{"data":"Guardian:AncientConstruct","floor":35,"key":"SMITH"},{"data":"Guardian:FloatingOrbs","floor":44,"key":"SMITH"},{"data":"Guardian:BronzeOrb","floor":47,"key":"SMITH"},{"data":"Guardian:Reroute","floor":54,"key":"SMITH"}],"circlet_count":0,"master_deck":["Guardian:Strike_Guardian+1","Guardian:Strike_Guardian+1","Guardian:Strike_Guardian+1","Guardian:Strike_Guardian+1","Guardian:Defend_Guardian+1","Guardian:Defend_Guardian+1","Guardian:Defend_Guardian+1","Guardian:Defend_Guardian+1","Guardian:CurlUp+1","Guardian:TwinSlam+1","Guardian:TemporalStrike+1","Guardian:SphericShield+1","Guardian:ChargeCore+1","Guardian:DonusPower+1","Guardian:Reroute+1","Guardian:PrimingBeam+1","Guardian:TimeSifter+1","Guardian:EvasiveProtocol+1","infinitespire:Collect+1","Guardian:Preprogram+1","Guardian:FloatingOrbs+1","Guardian:TimeBomb+1","Guardian:Recover+1","Guardian:DecasProtection+1","Guardian:BronzeOrb+1","Guardian:AncientConstruct+1","Guardian:Harden+1","Guardian:ShieldCharger+1","Guardian:Emergency+1","Guardian:BronzeOrb+1","Guardian:PrimingBeam+1","Guardian:Reroute+1","Guardian:Reroute+1"],"relics":["Guardian:ModeShifter","downfall:HeartBlessingRed","halation:HeavySnake","downfall:HeartBlessingBlue","MutagenicStrength","Coffee Dripper","Replay:PocketPolymizer","conspire:DeflatedDodgeball","hubris:EmptyBottle","hubris:TerracottaHorce","Toolbox","halation:KoshaPiece","halation:PapillonHeart","Pet Ghost","hubris:SlimyHat","hubris:BundleOfHerbs","halation:PinkSoulGem","Frozen Egg 2","downfall:HeartBlessingGreen","Nunchaku","infinitespire:ShieldingShard","Strange Spoon"],"acts_visited":["Exordium","TheCity","TheBeyond","TheEnding"],"potions_floor_usage":[16,16,32,33,33,33,40,42,42,46,50,50,50,52,55,55,55,55],"damage_taken":[{"damage":1,"enemies":"2 Louse","floor":2,"turns":4},{"damage":1,"enemies":"Jaw Worm","floor":3,"turns":5},{"damage":1,"enemies":"Cultist","floor":4,"turns":5},{"damage":7,"enemies":"3 Louse","floor":8,"turns":5},{"damage":0,"enemies":"Large Slime","floor":10,"turns":4},{"damage":0,"enemies":"conspire:2 RoseBushes","floor":12,"turns":4},{"damage":2,"enemies":"3 Louse","floor":13,"turns":3},{"damage":11,"enemies":"Exordium Wildlife","floor":14,"turns":4},{"damage":2,"enemies":"Blue Slaver","floor":15,"turns":3},{"damage":50,"enemies":"SI_SHIV_ARCHETYPE","floor":16,"turns":12},{"damage":10,"enemies":"3 Byrds","floor":19,"turns":5},{"damage":17,"enemies":"conspire:FuzzyDice","floor":20,"turns":8},{"damage":0,"enemies":"Snake Plant","floor":27,"turns":3},{"damage":13,"enemies":"Cultist and Chosen","floor":28,"turns":6},{"damage":9,"enemies":"downfall:FleeingMerchant","floor":29,"turns":4},{"damage":12,"enemies":"Shelled Parasite and Fungi","floor":31,"turns":4},{"damage":0,"enemies":"Snake Plant","floor":32,"turns":3},{"damage":0,"enemies":"WA_ARCHETYPE_CALM","floor":33,"turns":7},{"damage":0,"enemies":"3 Shapes","floor":36,"turns":3},{"damage":0,"enemies":"Orb Walker","floor":40,"turns":4},{"damage":0,"enemies":"Nemesis","floor":42,"turns":7},{"damage":0,"enemies":"HollowMod:StalkingDevout","floor":46,"turns":9},{"damage":0,"enemies":"Nemesis","floor":48,"turns":5},{"damage":22,"enemies":"Maw","floor":49,"turns":7},{"damage":0,"enemies":"DF_ARCHETYPE_ORBS","floor":50,"turns":11},{"damage":48,"enemies":"downfall:CharBossMerchant","floor":52,"turns":9},{"damage":4,"enemies":"downfall:NeowBoss","floor":55,"turns":12},{"damage":51,"enemies":"downfall:NeowBossFinal","floor":56,"turns":8}],"seed_played":"-7569454258249223172","potions_obtained":[{"floor":4,"key":"Guardian:AcceleratePotion"},{"floor":10,"key":"Adrenaline Potion"},{"floor":12,"key":"BlessingOfTheForge"},{"floor":14,"key":"SkillPotion"},{"floor":20,"key":"Weak Potion"},{"floor":27,"key":"Adrenaline Potion"},{"floor":28,"key":"Regen Potion"},{"floor":36,"key":"LifebloodPotion"},{"floor":38,"key":"EssenceOfSteel"},{"floor":42,"key":"Reflective Coating"},{"floor":52,"key":"Strength Potion"}],"is_trial":false,"path_per_floor":["R","M","M","M","?","?","T","M","R","M","R","M","M","M","M","B",null,"R","M","M","?","AVR","R","T","R","?","M","M","$","R","M","M","B",null,"R","M","AVR","?","?","M","T","E","?","R","?","E","R","E","M","B",null,"E","$","R","B","B"],"character_chosen":"GUARDIAN","items_purchased":["hubris:EmptyBottle","Guardian:DecasProtection","Strange Spoon","Milkshake","Guardian:Reroute"],"campfire_rested":0,"item_purchase_floors":[29,29,53,53,53],"current_hp_per_floor":[96,95,94,93,93,93,93,86,86,86,86,86,84,73,71,21,96,106,96,79,79,79,79,79,79,79,79,66,57,57,45,54,69,97,97,97,97,55,55,55,55,55,55,55,55,61,61,61,45,51,89,41,41,41,43,0,0,0],"gold":41,"neow_bonus":"TWENTY_PERCENT_HP_BONUS","is_daily":false,"chose_seed":false,"campfire_upgraded":10,"win_rate":0.0,"timestamp":1611419987,"path_taken":["R","M","M","M","?","?","T","M","R","M","R","M","?","M","M","BOSS","R","M","M","?","AVR","R","T","R","?","M","M","?","R","?","M","BOSS","R","M","AVR","?","?","M","T","E","?","R","?","E","R","E","M","BOSS","E","$","R","BOSS","BOSS"],"items_purchased_type":["Relic","Card","Relic","Potion","Card"],"build_version":"2020-12-22","purchased_purges":0,"victory":false,"max_hp_per_floor":[96,96,96,96,96,96,96,96,96,96,96,96,96,96,96,96,96,106,106,106,106,106,106,106,106,106,106,106,106,106,106,106,106,106,106,106,106,106,101,101,101,101,101,101,101,101,101,101,101,101,101,101,101,101,101,101,101,101],"card_choices":[{"not_picked":["Guardian:TemporalShield","Guardian:Gem_Cyan"],"picked":"Guardian:TemporalStrike","floor":2},{"not_picked":["Guardian:PolyBeam","Guardian:Planning"],"picked":"Guardian:Gem_Blue","floor":3},{"not_picked":["Guardian:Gem_Red","Guardian:PrismaticBeam"],"picked":"Guardian:SphericShield","floor":4},{"not_picked":["Guardian:PrismaticBarrier","Guardian:PiercingHide"],"picked":"Guardian:ChargeCore","floor":8},{"not_picked":["Guardian:Clone","Guardian:BodySlam"],"picked":"Guardian:Gem_Cyan","floor":10},{"not_picked":["Guardian:EvasiveProtocol","Guardian:ChargeCore"],"picked":"Guardian:DonusPower","floor":12},{"not_picked":["Guardian:Gem_Crimson","Guardian:BaubleBeam"],"picked":"Guardian:Reroute","floor":13},{"not_picked":["Guardian:PrismaticBarrier","Guardian:BodySlam"],"picked":"Guardian:PrimingBeam","floor":14},{"not_picked":["Guardian:Gem_White","Guardian:MultiBeam"],"picked":"Guardian:Gem_Blue","floor":15},{"not_picked":["Guardian:GemFire","Guardian:GatlingBeam"],"picked":"Guardian:TimeSifter","floor":16},{"not_picked":["Guardian:ChargeCore+1","Guardian:MultiBeam"],"picked":"Guardian:RollAttack","floor":19},{"not_picked":["Guardian:WalkerClaw","Guardian:PrimingBeam+1"],"picked":"Guardian:EvasiveProtocol","floor":20},{"not_picked":["Guardian:WalkerClaw","Guardian:CrystalBeam"],"picked":"Guardian:Gem_Purple","floor":27},{"not_picked":["Guardian:TemporalShield","Guardian:ChargeCore+1"],"picked":"Guardian:TimeBomb","floor":28},{"not_picked":["Guardian:CrystalBeam","Guardian:Gem_Cyan"],"picked":"Guardian:Recover","floor":29},{"not_picked":["Guardian:RefractedBeam","Guardian:PrismaticBarrier+1"],"picked":"Guardian:BronzeOrb","floor":31},{"not_picked":["Guardian:RollAttack","Guardian:BodySlam"],"picked":"Guardian:AncientConstruct","floor":32},{"not_picked":["Guardian:ExploitGems","Guardian:Gem_Synthetic"],"picked":"Guardian:TimeSifter","floor":33},{"not_picked":["Guardian:Reroute+1","Guardian:TemporalShield+1"],"picked":"Guardian:Gem_Cyan","floor":36},{"not_picked":["Guardian:RollAttack","Guardian:ChargeCore"],"picked":"Guardian:ShieldCharger","floor":38},{"not_picked":["Guardian:RollAttack","Guardian:CrystalBeam"],"picked":"Guardian:Emergency","floor":38},{"not_picked":["Guardian:Suspension+1","Guardian:RollAttack+1"],"picked":"Guardian:Gem_Red","floor":40},{"not_picked":["Guardian:MultiBeam","Guardian:SentryBeam+1"],"picked":"Guardian:Gem_Synthetic","floor":42},{"not_picked":["Guardian:Orbwalk+1","Guardian:Reroute+1"],"picked":"Guardian:BronzeOrb+1","floor":46},{"not_picked":["Guardian:RollAttack","Guardian:WalkerClaw"],"picked":"Guardian:PrimingBeam","floor":48},{"not_picked":["Guardian:TemporalStrike+1","Guardian:Reroute+1"],"picked":"Guardian:Gem_Yellow","floor":49},{"not_picked":["Guardian:Suspension+1","Guardian:PrimingBeam+1"],"picked":"Guardian:Gem_White","floor":52}],"player_experience":206112,"relics_obtained":[{"floor":24,"key":"conspire:DeflatedDodgeball"},{"floor":38,"key":"halation:KoshaPiece"},{"floor":41,"key":"Pet Ghost"},{"floor":42,"key":"hubris:SlimyHat"},{"floor":43,"key":"hubris:BundleOfHerbs"},{"floor":46,"key":"Frozen Egg 2"},{"floor":48,"key":"Nunchaku"},{"floor":52,"key":"infinitespire:ShieldingShard"}],"event_choices":[{"damage_healed":0,"gold_gain":0,"player_choice":"Inject Mutagens","damage_taken":0,"relics_obtained":["MutagenicStrength"],"max_hp_gain":0,"max_hp_loss":0,"event_name":"Drug Dealer","floor":21,"gold_loss":0},{"damage_healed":0,"gold_gain":0,"player_choice":"Read","damage_taken":0,"max_hp_gain":0,"max_hp_loss":0,"event_name":"The Library","floor":26,"gold_loss":0,"cards_obtained":["Guardian:FloatingOrbs"]}],"is_beta":false,"boss_relics":[{"not_picked":["conspire:RunicOctahedron","conspire:SpecialSausage"],"picked":"halation:HeavySnake"},{"not_picked":["halation:Risk","halation:SmartPhone"],"picked":"hubris:TerracottaHorce"}],"items_purged_floors":[],"is_endless":false,"potions_floor_spawned":[4,10,12,14,20,27,28,31,36,40,42,52],"killed_by":"downfall:NeowBossFinal","ascension_level":0}}