{"host":"yt8tirjpas3zupuf","time":1611419015,"event":{"mods":["Act Like it!","Arknights The Spire","BaseMod","Colored Powertips","Duelist Mod","Gensokyo","Googly Eyes","Lobotomy","Marisa£®ÏF”Í°°ƒß¿Ì…≥£©","Minty Spire (QoL Compilation)","Remilia£®¿Ÿ√◊¿Ú—«£©","Replay The Spire","StSLib","The Bug Knight","The Servant 0.9.4"],"gold_per_floor":[115,215,230,125,125,142,142,154,154,168,168,486,486,486,486],"floor_reached":14,"language":"ZHS","playtime":737,"items_purged":[],"score":90,"play_id":"b17b2969-08de-4637-82e0-e18957279e3c","local_time":"20210124002335","is_ascension_mode":false,"campfire_choices":[{"floor":11,"key":"REST"},{"data":"ats:Emotion Absorption","floor":13,"key":"SMITH"}],"circlet_count":0,"master_deck":["ats:Strike C","ats:Strike G","ats:Strike S","ats:Strike V","ats:Armor Crushing Shot","ats:Defend","ats:Defend","ats:Defend","ats:Defend","ats:Emotion Absorption+1","GreedKing","ats:LN2 Cannon","Freischutz","ShyLook","ats:Revitalization","MeatLantern","ats:Sashimi Platter","Scorched","ats:Revitalization","BlackSwan","ats:Mental Burst"],"relics":["ats:Sanity","CogitoBucket","Replay:WaspNest","ats:Originium","Question Card","Happy Flower","Bronze Scales","Pen Nib","Kunai","HellTrain"],"acts_visited":["Exordium"],"potions_floor_usage":[],"damage_taken":[{"damage":1,"enemies":"Gensokyo:2_Kodama","floor":1,"turns":5},{"damage":2,"enemies":"Gensokyo:3_Fairies","floor":3,"turns":5},{"damage":41,"enemies":"Gensokyo:Aya","floor":6,"turns":6},{"damage":12,"enemies":"Gensokyo:Python","floor":8,"turns":4},{"damage":13,"enemies":"Gensokyo:Kitsune","floor":10,"turns":4},{"damage":20,"enemies":"Gensokyo:2_Rabbits","floor":12,"turns":4},{"damage":45,"enemies":"Gensokyo:Cirno","floor":14,"turns":1}],"seed_played":"-9115002330469491576","potions_obtained":[{"floor":3,"key":"Dexterity Potion"},{"floor":12,"key":"BlessingOfTheForge"}],"is_trial":false,"path_per_floor":["M","?","M","COS","?","E","?","M","T","M","R","M","R","E"],"character_chosen":"DOCTOR_CLASS","items_purchased":[],"campfire_rested":1,"item_purchase_floors":[],"current_hp_per_floor":[71,71,69,69,55,14,14,8,8,7,28,23,23,0,0],"gold":486,"neow_bonus":"","is_daily":false,"chose_seed":false,"campfire_upgraded":1,"win_rate":0.0,"timestamp":1611419015,"path_taken":["M","?","M","COS","?","E","?","M","T","M","R","M","R","E"],"items_purchased_type":[],"build_version":"2020-12-22","purchased_purges":0,"victory":false,"max_hp_per_floor":[72,72,72,72,72,72,72,72,72,72,72,72,72,72,72],"card_choices":[{"not_picked":["OldLady","PunishingBird","WallGazer"],"picked":"Singing Bowl","floor":1},{"not_picked":["OldLady","CrumblingArmor"],"picked":"GreedKing","floor":1},{"not_picked":["ats:Rapid Magazine","ats:Poison Spread"],"picked":"ats:LN2 Cannon","floor":1},{"not_picked":["CrumblingArmor","FairyFestival"],"picked":"Freischutz","floor":3},{"not_picked":["ats:Mental Burst","ats:Automatic Cover"],"picked":"ats:Closed Bolt Burst Fire","floor":3},{"not_picked":["Bloodbath","MHz","FairyFestival"],"picked":"Singing Bowl","floor":6},{"not_picked":["OldLady","UniverseFragment"],"picked":"ShyLook","floor":6},{"not_picked":["ats:Magnetic Hammer","ats:Steam Pump"],"picked":"ats:Revitalization","floor":6},{"not_picked":["SnowQueen","OSAHOGD"],"picked":"MeatLantern","floor":8},{"not_picked":["ats:Curse Doll","ats:Blood Oath","ats:Childhood Dance"],"picked":"ats:Sashimi Platter","floor":8},{"not_picked":["Alriune","WallGazer","UniverseFragment"],"picked":"Singing Bowl","floor":10},{"not_picked":["CrumblingArmor","DreamingCurrent"],"picked":"Scorched","floor":10},{"not_picked":["ats:Closed Bolt Burst Fire","ats:Shell Defense","ats:Curse Doll"],"picked":"ats:Revitalization","floor":10},{"not_picked":["Alriune","VoidDream","DreamingCurrent"],"picked":"Singing Bowl","floor":12},{"not_picked":["OSAHOGD","OldLady"],"picked":"BlackSwan","floor":12},{"not_picked":["ats:Cat Scratch","ats:Volcano","ats:Consecutive Shot Auto"],"picked":"ats:Mental Burst","floor":12}],"player_experience":120737,"relics_obtained":[{"floor":6,"key":"ats:Originium"},{"floor":6,"key":"Question Card"},{"floor":9,"key":"Pen Nib"}],"event_choices":[],"is_beta":false,"boss_relics":[],"items_purged_floors":[],"is_endless":false,"potions_floor_spawned":[3,12],"killed_by":"Gensokyo:Cirno","ascension_level":0}}