{"host":"Jedit","time":1611407527,"event":{"mods":["BaseMod","Downfall","Minty Spire (QoL Compilation)","Relic Stats","StSLib"],"gold_per_floor":[17,17,17,35,35,35,70,85,109,109,109,109,132,167,167,167,167,167],"floor_reached":16,"language":"ENG","playtime":586,"items_purged":[],"score":119,"play_id":"4e2081ce-05c6-491d-8ba2-73c62ece4c29","local_time":"20210123131207","is_ascension_mode":true,"campfire_choices":[{"data":"bronze:InfiniteLoop","floor":6.0,"key":"SMITH"},{"data":"bronze:Replicate","floor":10.0,"key":"SMITH"},{"data":"bronze:Flail","floor":12.0,"key":"SMITH"},{"data":"bronze:Constructor","floor":15.0,"key":"SMITH"}],"circlet_count":0,"master_deck":["bronze:Strike","bronze:Strike","bronze:Defend","bronze:Defend","bronze:Defend","bronze:Defend","bronze:Replicate+1","bronze:Goto","bronze:InfiniteLoop+1","bronze:ForLoop","bronze:Constructor+1","bronze:ChildClass","bronze:Separator","bronze:Flail+1","bronze:Shield"],"relics":["bronze:BronzeCore","Golden Idol","Omamori","Centennial Puzzle","Regal Pillow"],"acts_visited":["Exordium"],"potions_floor_usage":[],"damage_taken":[{"damage":0.0,"enemies":"Small Slimes","floor":1.0,"turns":2.0},{"damage":1.0,"enemies":"Cultist","floor":4.0,"turns":4.0},{"damage":13.0,"enemies":"3 Sentries","floor":7.0,"turns":8.0},{"damage":1.0,"enemies":"2 Louse","floor":8.0,"turns":3.0},{"damage":1.0,"enemies":"2 Fungi Beasts","floor":13.0,"turns":2.0},{"damage":13.0,"enemies":"Gremlin Nob","floor":14.0,"turns":3.0},{"damage":25,"enemies":"Hexaghost","floor":16,"turns":11}],"seed_played":"1291559708597136523","potions_obtained":[{"floor":8.0,"key":"SpeedPotion"},{"floor":14.0,"key":"FearPotion"}],"is_trial":false,"path_per_floor":["M","$","?","M","?","R","E","M","T","R","?","R","M","E","R","B"],"character_chosen":"THE_AUTOMATON","items_purchased":[],"campfire_rested":0,"item_purchase_floors":[],"current_hp_per_floor":[70,70,53,52,52,52,39,38,38,38,38,38,37,24,24,0,0,0],"gold":167,"neow_bonus":"THREE_RARE_CARDS","is_daily":false,"chose_seed":false,"campfire_upgraded":4,"win_rate":0.0,"timestamp":1611407527,"path_taken":["M","$","?","M","?","R","E","?","T","R","?","R","M","E","R","BOSS"],"items_purchased_type":[],"build_version":"2020-12-18","purchased_purges":0,"victory":false,"max_hp_per_floor":[70,70,70,70,70,70,70,70,70,70,70,70,70,70,70,70,70,70],"relic_stats":{"Centennial Puzzle":[9],"Regal Pillow":0,"counters":[7,33],"Golden Idol":26,"obtain_stats":[{"Centennial Puzzle":9,"Regal Pillow":14,"bronze:BronzeCore":0,"Golden Idol":3,"Omamori":7},{"Centennial Puzzle":4,"Regal Pillow":6,"bronze:BronzeCore":0,"Golden Idol":1,"Omamori":3},{"Centennial Puzzle":17,"Regal Pillow":22,"bronze:BronzeCore":0,"Golden Idol":2,"Omamori":14}]},"card_choices":[{"not_picked":["bronze:SpaghettiCode","bronze:Assembly"],"picked":"bronze:InfiniteLoop","floor":0.0},{"not_picked":["bronze:BitShift","bronze:Deprecate"],"picked":"bronze:ForLoop","floor":1.0},{"not_picked":["bronze:MaxOutput","bronze:BronzeArmor"],"picked":"bronze:Constructor","floor":4.0},{"not_picked":["bronze:Backtrace","bronze:Constructor","bronze:Deprecate"],"picked":"SKIP","floor":7.0},{"not_picked":["bronze:WildBeam","bronze:BuggyMess"],"picked":"bronze:Separator","floor":8.0},{"not_picked":["bronze:DarkDash","bronze:DelayedGuard"],"picked":"bronze:Shield","floor":13.0},{"not_picked":["bronze:DelayedGuard","bronze:Invalidate","bronze:ShipIt"],"picked":"SKIP","floor":14.0}],"player_experience":3684626,"relics_obtained":[{"floor":7.0,"key":"Omamori"},{"floor":9.0,"key":"Centennial Puzzle"},{"floor":14.0,"key":"Regal Pillow"}],"event_choices":[{"damage_healed":0.0,"max_hp_gain":0.0,"max_hp_loss":0.0,"gold_gain":0.0,"event_name":"Golden Idol","player_choice":"Take Damage","floor":3.0,"gold_loss":0.0,"damage_taken":17.0,"relics_obtained":["Golden Idol"]},{"damage_healed":0.0,"max_hp_gain":0.0,"max_hp_loss":0.0,"gold_gain":0.0,"cards_transformed":["bronze:Strike"],"event_name":"Transmorgrifier","player_choice":"Transformed","floor":5.0,"gold_loss":0.0,"damage_taken":0.0,"cards_obtained":["bronze:ChildClass"]},{"damage_healed":0.0,"max_hp_gain":0.0,"max_hp_loss":0.0,"gold_gain":0.0,"cards_transformed":["bronze:Strike"],"event_name":"Living Wall","player_choice":"Change","floor":11.0,"gold_loss":0.0,"damage_taken":0.0,"cards_obtained":["bronze:Flail"]}],"is_beta":true,"boss_relics":[],"items_purged_floors":[],"is_endless":false,"potions_floor_spawned":[8,14],"killed_by":"Hexaghost","ascension_level":2}}