{"host":"rs1c3lkx7vj3kohb","time":1611401813,"event":{"mods":["Act Like it!","Aspiration","BaseMod","BetterRewards","Chen","Colored Map","Colored Powertips","Downfall","Friendly Minions","Gensokyo","Gremlin Mod","Hermit","Hero for Fun","KinomotoSakuraMod(木之本樱)","Koishi","KomeijiMod","LagranYue(拉格朗・月)","Luminous","Marisa（F雨　魔理沙）","Minty Spire (QoL Compilation)","Onozuka Komachi Mod","Prisma Mod","Quick Restart","Reimu（博丽灵梦）","Remilia（蕾米莉亚）","SOS（斯巴达之子）","Shop Mod","StSLib","The Administrix","The Alterego","The Cursed","The Senshi","The Servant 0.9.4","Waifu the Spire","WarShipGirlsR/战舰少女R mod","Yakumo Yukari mod","Yohane!","Youmu（魂魄妖梦）","Yuri Mod","Yuyuko"],"gold_per_floor":[110,110,124,24,24,62,13,26,53,53,94,94,94,114,114,235,235,258,282,282,307,406,406,406],"floor_reached":23,"language":"ZHS","playtime":2254,"items_purged":["LagranYue:BaseAttackCard","Injury"],"score":249,"play_id":"753e1745-e6a4-4eaf-a08d-70badaf0c0fd","local_time":"20210123193653","is_ascension_mode":false,"campfire_choices":[{"data":"LagranYue:EmeraldRemorseCard","floor":10.0,"key":"SMITH"},{"floor":12.0,"key":"REST"},{"data":"LagranYue:EmeraldRemorseCard","floor":15.0,"key":"SMITH"}],"circlet_count":0,"master_deck":["LagranYue:BaseAttackCard","LagranYue:BaseDefendCard","LagranYue:BaseDefendCard","LagranYue:BaseDefendCard","LagranYue:AttackTopazCard","LagranYue:SkillBrokenSwordCard","LagranYue:BaseAttackCard","LagranYue:BaseDefendCard","RidiculousThoughts","Violence","LagranYue:AttackKillerCard","LagranYue:AttackIceCard","LagranYue:EmeraldRemorseCard+1","LagranYue:EmeraldRemorseCard+1","LagranYue:AttackPurpleCard+1","LagranYue:AttackEngravingRoseCard","LagranYue:SkillKadeboSwordCard","LagranYue:PowerMaxArmsPliesCard","LagranYue:SapphirePrayerCard","LagranYue:SkillExplosiveArmorCard+1","BottledTime"],"relics":["LagranYue:ArmsProficiencyRelics","LagranYue:RandomDrawCardRelic","Shovel","Golden Idol","Du-Vu Doll","Potion Belt","Mango","Calipers","aspiration:ServantSkillbook"],"acts_visited":["Exordium","TheCity"],"potions_floor_usage":[],"damage_taken":[{"damage":5.0,"enemies":"Cultist","floor":1.0,"turns":4.0},{"damage":14.0,"enemies":"Jaw Worm","floor":3.0,"turns":5.0},{"damage":19.0,"enemies":"Gremlin Nob","floor":6.0,"turns":4.0},{"damage":7.0,"enemies":"Small Slimes","floor":8.0,"turns":4.0},{"damage":10.0,"enemies":"Lagavulin","floor":11.0,"turns":6.0},{"damage":15.0,"enemies":"Exordium Thugs","floor":14.0,"turns":4.0},{"damage":0.0,"enemies":"Slime Boss","floor":16.0,"turns":7.0},{"damage":17,"enemies":"Shell Parasite","floor":18,"turns":6},{"damage":33,"enemies":"2 Thieves","floor":19,"turns":3},{"damage":11,"enemies":"Snake Plant","floor":21,"turns":5},{"damage":48,"enemies":"Book of Stabbing","floor":23,"turns":6}],"seed_played":"-7500421950549407592","potions_obtained":[{"floor":1.0,"key":"ZuzhouPotion:ReiMu"},{"floor":6.0,"key":"ZuzhouPotion:ReiMu"},{"floor":11.0,"key":"PowerPotion"},{"floor":18,"key":"Ancient Potion"}],"is_trial":false,"path_per_floor":["M","?","M","$","?","E","$","M","T","R","E","R","T","M","R","B",null,"M","M","?","M","?","E"],"character_chosen":"LagranYueCharacter","items_purchased":["RidiculousThoughts","LagranYue:EmeraldRemorseCard"],"campfire_rested":1,"item_purchase_floors":[0,7],"current_hp_per_floor":[35,35,21,21,44,25,25,18,18,18,22,47,47,32,32,39,84,76,53,53,45,45,0,0],"gold":406,"neow_bonus":"","is_daily":false,"chose_seed":false,"campfire_upgraded":2,"win_rate":0.0,"timestamp":1611401813,"path_taken":["M","?","M","?","?","E","$","?","T","R","E","R","?","M","R","BOSS","M","?","?","?","?","E"],"items_purchased_type":["Card","Card"],"build_version":"2020-12-22","purchased_purges":2,"victory":false,"max_hp_per_floor":[70,70,70,70,70,70,70,70,70,70,84,84,84,84,84,84,84,84,84,84,84,84,84,84],"card_choices":[{"not_picked":["LagranYue:DefendBetterCard","LagranYue:ForgingCard"],"picked":"LagranYue:AttackKillerCard","floor":1.0},{"not_picked":["LagranYue:SkillIncompleteArchCard","LagranYue:PrematureBurialCard"],"picked":"LagranYue:AttackIceCard","floor":3.0},{"not_picked":["LagranYue:SkillFalseAerialAceCard","LagranYue:AttackDevilCard"],"picked":"LagranYue:EmeraldRemorseCard","floor":6.0},{"not_picked":["LagranYue:AttackKingCard","LagranYue:FantasyCard"],"picked":"LagranYue:AttackPurpleCard","floor":8.0},{"not_picked":["LagranYue:SkillTestamentCard","LagranYue:SkillBrokenSwordCard"],"picked":"LagranYue:AttackEngravingRoseCard","floor":11.0},{"not_picked":["LagranYue:SkillIncompleteArchCard","LagranYue:AttackGoldCard"],"picked":"LagranYue:SkillKadeboSwordCard","floor":14.0},{"not_picked":["LagranYue:PowerDreamCard","LagranYue:PowerFurnaceCard"],"picked":"LagranYue:PowerMaxArmsPliesCard","floor":16.0},{"not_picked":["LagranYue:SkillEightFeetJadeCard","LagranYue:AttackPurpleCard","LagranYue:SkillBrokenShieldCard"],"picked":"LagranYue:SapphirePrayerCard","floor":18},{"not_picked":["LagranYue:AttackPurpleCard","LagranYue:SkillDistortionCard","LagranYue:ForgingCard"],"picked":"LagranYue:SkillExplosiveArmorCard+1","floor":19},{"not_picked":["SpecialFormula","Alleviate","LagranYue:AttackTopazCard"],"picked":"BottledTime","floor":21}],"player_experience":383303,"relics_obtained":[{"floor":6.0,"key":"Du-Vu Doll"},{"floor":9.0,"key":"Potion Belt"},{"floor":11.0,"key":"Mango"},{"floor":13.0,"key":"Calipers"}],"event_choices":[{"damage_healed":0.0,"max_hp_gain":0.0,"max_hp_loss":0.0,"gold_gain":0.0,"event_name":"Golden Idol","player_choice":"Take Wound","floor":2.0,"gold_loss":0.0,"damage_taken":0.0,"relics_obtained":["Golden Idol"],"cards_obtained":["Injury"]},{"damage_healed":23.0,"max_hp_gain":0.0,"max_hp_loss":0.0,"gold_gain":0.0,"event_name":"Big Fish","player_choice":"Banana","floor":5.0,"gold_loss":0.0,"damage_taken":0.0},{"damage_healed":0,"gold_gain":0,"player_choice":"Upgraded","damage_taken":0,"max_hp_gain":0,"max_hp_loss":0,"event_name":"Upgrade Shrine","floor":20,"gold_loss":0,"cards_upgraded":["LagranYue:AttackPurpleCard"]},{"damage_healed":0,"gold_gain":99,"player_choice":"Stole From Cult","damage_taken":0,"max_hp_gain":0,"max_hp_loss":0,"event_name":"Nest","floor":22,"gold_loss":0}],"is_beta":false,"boss_relics":[{"not_picked":["bronze:MakeshiftBattery","aspiration:RunicSpoon"],"picked":"aspiration:ServantSkillbook"}],"items_purged_floors":[0,4],"is_endless":false,"potions_floor_spawned":[1,6,11,18],"killed_by":"Book of Stabbing","ascension_level":0}}