{"host":"fmb9x04chdot191d","time":1611441768,"event":{"mods":["2.2 Compatiblity","AchievementEnabler","BaseMod","BetterRewards","Colored Map","Downfall","Hermit","Highlight Path","Marisa（霧雨　魔理沙）","Minty Spire (QoL Compilation)","Permanent Neow","Quick Restart","Rare Cards Sparkle","StSLib","The Servant 0.9.4","[IsaacMod]以撒尖塔"],"gold_per_floor":[113,113,133,133,145,145,179,179,179,179,209,209,228,240,240,240,240],"floor_reached":16,"language":"ENG","playtime":492,"items_purged":[],"score":121,"play_id":"7afb20c4-8303-4a10-ad00-3e7ffcec0ac3","local_time":"20210124114248","is_ascension_mode":true,"campfire_choices":[{"floor":6,"key":"REST"},{"data":"EpicFetus","floor":8,"key":"SMITH"},{"floor":10,"key":"REST"},{"floor":15,"key":"RECALL"}],"circlet_count":0,"master_deck":["Strike_B","Strike_B","Strike_B","Strike_B","Defend_B","Defend_B","Defend_B","Defend_B","Zap","Dualcast+1","EpicFetus+1","Dramatic Entrance+1","Genetic Algorithm+1","Gash","Bomb","Blizzard","Reprogram"],"relics":["Cracked Core","HushsDoor","NineVolt","PunchingBag","MealTicket"],"acts_visited":["Exordium"],"potions_floor_usage":[],"damage_taken":[{"damage":8,"enemies":"2 Louse","floor":1,"turns":3},{"damage":0,"enemies":"Cultist","floor":3,"turns":3},{"damage":7,"enemies":"Jaw Worm","floor":5,"turns":2},{"damage":23,"enemies":"Gremlin Nob","floor":7,"turns":4},{"damage":3,"enemies":"Lagavulin","floor":11,"turns":4},{"damage":18,"enemies":"Large Slime","floor":13,"turns":4},{"damage":0,"enemies":"Gremlin Gang","floor":14,"turns":2},{"damage":0,"enemies":"The Guardian","floor":16,"turns":1}],"seed_played":"6717397114978986624","potions_obtained":[{"floor":1,"key":"sneckomod:MuddlingPotion"},{"floor":5,"key":"FocusPotion"},{"floor":11,"key":"Fire Potion"},{"floor":13,"key":"Block Potion"}],"is_trial":false,"path_per_floor":["M","?","M","?","M","R","E","R","T","R","E","?","M","M","R","B"],"character_chosen":"DEFECT","items_purchased":[],"campfire_rested":2,"item_purchase_floors":[],"current_hp_per_floor":[67,67,67,52,45,67,44,44,44,66,63,63,45,45,45,45,45],"gold":240,"neow_bonus":"RANDOM_COLORLESS","is_daily":false,"chose_seed":false,"campfire_upgraded":1,"win_rate":0.0,"timestamp":1611441768,"path_taken":["M","?","?","?","M","R","E","R","T","R","E","?","M","M","R","BOSS"],"items_purchased_type":[],"build_version":"2020-12-22","purchased_purges":0,"victory":false,"max_hp_per_floor":[75,75,75,75,75,75,75,75,75,75,75,75,75,75,75,75,75],"card_choices":[{"not_picked":[],"picked":"EpicFetus","floor":0},{"not_picked":["Good Instincts","Flash of Steel"],"picked":"Dramatic Entrance","floor":0},{"not_picked":["Undo","Darkness"],"picked":"Genetic Algorithm","floor":1},{"not_picked":["Consume","Turbo"],"picked":"Gash","floor":3},{"not_picked":["Ball Lightning","Distribution","Rebound"],"picked":"SKIP","floor":5},{"not_picked":["Hologram","Hyperbeam"],"picked":"Bomb","floor":7},{"not_picked":["Redo","Fan"],"picked":"Bomb","floor":11},{"not_picked":["Stack","Lockon"],"picked":"Blizzard","floor":13},{"not_picked":["Stack","Genetic Algorithm"],"picked":"Reprogram","floor":14}],"player_experience":60117,"relics_obtained":[{"floor":7,"key":"PunchingBag"},{"floor":11,"key":"MealTicket"}],"event_choices":[{"damage_healed":0,"gold_gain":0,"player_choice":"Grow","damage_taken":0,"max_hp_gain":0,"max_hp_loss":0,"event_name":"Living Wall","floor":2,"gold_loss":0,"cards_upgraded":["Genetic Algorithm"]},{"damage_healed":0,"gold_gain":0,"player_choice":"Entered Light","damage_taken":15,"max_hp_gain":0,"max_hp_loss":0,"event_name":"Shining Light","floor":4,"gold_loss":0,"cards_upgraded":["Dualcast","Dramatic Entrance"]}],"is_beta":false,"boss_relics":[],"items_purged_floors":[],"is_endless":false,"potions_floor_spawned":[1,5,11,13,14],"killed_by":"The Guardian","ascension_level":2}}