{"host":"zrerxgu8lagrk16e","time":1611365581,"event":{"mods":["AchievementEnabler","BaseMod","Better Altar","Better Match","Better Note","Better Sensory Stone","Better Skull","Better Third Choice","Colored Map","Colored Powertips","Minty Spire (QoL Compilation)","Permanent Neow","Quick Restart","Relic Stats","StSLib","slay the spire mod where everything is the same but ironclad has a cowboy hat"],"gold_per_floor":[119,119,119,34,48,48,92,92,160,184,204,239,14,35,35,163,163,182,182,27,77,113,125,156,168,205,217,217],"floor_reached":27,"language":"ENG","playtime":1221,"items_purged":[],"score":283,"play_id":"5a8cc5ce-0d21-4366-a479-6949c16b6c14","local_time":"20210122203301","is_ascension_mode":true,"campfire_choices":[{"floor":8.0,"key":"REST"},{"data":"Trip","floor":15.0,"key":"SMITH"},{"floor":23.0,"key":"REST"},{"data":"Devotion","floor":25.0,"key":"SMITH"}],"circlet_count":0,"master_deck":["Strike_P","Strike_P","Strike_P","Defend_P","Defend_P","Defend_P+1","Eruption","Vigilance","Adaptation","Tantrum","BattleHymn","CrushJoints","DeceiveReality","Feed+1","SandsOfTime","BowlingBash","Consecrate","ClearTheMind+1","Consecrate","BowlingBash","ClearTheMind","Trip+1","Consecrate","DevaForm","TalkToTheHand","Devotion+1","MentalFortress","SandsOfTime"],"relics":["PureWater","Golden Idol","Bronze Scales","Ice Cream","White Beast Statue","Calipers","Philosopher\u0027s Stone","War Paint","MawBank","Ancient Tea Set"],"acts_visited":["Exordium","TheCity"],"potions_floor_usage":[27,27,27],"damage_taken":[{"damage":3.0,"enemies":"2 Louse","floor":1.0,"turns":4.0},{"damage":0.0,"enemies":"Small Slimes","floor":5.0,"turns":3.0},{"damage":13.0,"enemies":"Lagavulin","floor":7.0,"turns":6.0},{"damage":0.0,"enemies":"Cultist","floor":10.0,"turns":2.0},{"damage":6.0,"enemies":"Gremlin Gang","floor":11.0,"turns":3.0},{"damage":0.0,"enemies":"Gremlin Nob","floor":12.0,"turns":2.0},{"damage":11.0,"enemies":"Exordium Wildlife","floor":14.0,"turns":4.0},{"damage":20.0,"enemies":"Hexaghost","floor":16.0,"turns":6.0},{"damage":31.0,"enemies":"2 Thieves","floor":18.0,"turns":4.0},{"damage":19.0,"enemies":"Shell Parasite","floor":22.0,"turns":4.0},{"damage":11.0,"enemies":"Snake Plant","floor":24.0,"turns":4.0},{"damage":52,"enemies":"Book of Stabbing","floor":27,"turns":4}],"seed_played":"5686090577544755613","potions_obtained":[{"floor":1.0,"key":"Weak Potion"},{"floor":10.0,"key":"Block Potion"},{"floor":11.0,"key":"LiquidBronze"},{"floor":12.0,"key":"Energy Potion"},{"floor":14.0,"key":"BottledMiracle"},{"floor":16.0,"key":"LiquidMemories"},{"floor":22.0,"key":"AttackPotion"},{"floor":24.0,"key":"Fire Potion"}],"is_trial":false,"path_per_floor":["M","?","?","$","M","?","E","R","T","M","M","E","$","M","R","B",null,"M","?","$","T","M","R","M","R","T","E"],"character_chosen":"WATCHER","items_purchased":["BattleHymn","CrushJoints","Consecrate","BowlingBash","ClearTheMind","Trip","War Paint"],"campfire_rested":2,"item_purchase_floors":[4,4,13,13,13,13,20],"current_hp_per_floor":[69,62,62,62,62,42,29,49,49,49,47,51,51,44,44,24,79,52,52,52,52,33,57,46,46,46,0,0],"gold":217,"neow_bonus":"THREE_CARDS","is_daily":false,"chose_seed":false,"campfire_upgraded":2,"win_rate":0.0,"timestamp":1611365581,"path_taken":["M","?","?","$","M","?","E","R","T","M","M","E","$","M","R","BOSS","M","?","$","?","?","R","M","R","T","E"],"items_purchased_type":["Card","Card","Card","Card","Card","Card","Relic"],"build_version":"2020-12-22","purchased_purges":0,"victory":false,"max_hp_per_floor":[72,72,67,67,67,67,67,67,67,67,71,75,75,79,79,79,79,83,83,83,83,83,83,83,83,83,83,83],"relic_stats":{"counters":[12,46],"Golden Idol":71,"Bronze Scales":[105],"War Paint":["Defend_P","ClearTheMind"],"MawBank":72,"obtain_stats":[{"Ice Cream":7,"Calipers":12,"Golden Idol":3,"Bronze Scales":6,"Philosopher\u0027s Stone":17,"PureWater":0,"War Paint":20,"MawBank":21,"Ancient Tea Set":26,"White Beast Statue":9},{"Ice Cream":3,"Calipers":6,"Golden Idol":1,"Bronze Scales":2,"Philosopher\u0027s Stone":8,"PureWater":0,"War Paint":9,"MawBank":9,"Ancient Tea Set":11,"White Beast Statue":3},{"Ice Cream":13,"Calipers":20,"Golden Idol":4,"Bronze Scales":7,"Philosopher\u0027s Stone":30,"PureWater":0,"War Paint":34,"MawBank":34,"Ancient Tea Set":42,"White Beast Statue":13}]},"card_choices":[{"not_picked":["Halt","CrushJoints"],"picked":"Adaptation","floor":0.0},{"not_picked":["Vengeance","Worship"],"picked":"Tantrum","floor":1.0},{"not_picked":["Evaluate","WaveOfTheHand"],"picked":"DeceiveReality","floor":5.0},{"not_picked":["Protect","Halt"],"picked":"SandsOfTime","floor":7.0},{"not_picked":["JustLucky","Adaptation"],"picked":"BowlingBash","floor":10.0},{"not_picked":["Prostrate","Protect"],"picked":"Consecrate","floor":11.0},{"not_picked":["Halt","Swivel"],"picked":"ClearTheMind","floor":12.0},{"not_picked":["Collect","EmptyBody"],"picked":"Consecrate","floor":14.0},{"not_picked":["LessonLearned","Vault"],"picked":"DevaForm","floor":16.0},{"not_picked":["Evaluate+1","Consecrate"],"picked":"TalkToTheHand","floor":18.0},{"not_picked":["CutThroughFate+1","Sanctity"],"picked":"MentalFortress","floor":22.0},{"not_picked":["Consecrate+1","FlurryOfBlows+1"],"picked":"SandsOfTime","floor":24.0}],"player_experience":157355,"relics_obtained":[{"floor":7.0,"key":"Ice Cream"},{"floor":9.0,"key":"White Beast Statue"},{"floor":12.0,"key":"Calipers"},{"floor":21.0,"key":"MawBank"},{"floor":26.0,"key":"Ancient Tea Set"}],"event_choices":[{"cards_removed":["Defend_P"],"damage_healed":0.0,"max_hp_gain":0.0,"max_hp_loss":0.0,"gold_gain":0.0,"event_name":"Golden Wing","player_choice":"Card Removal","floor":2.0,"gold_loss":0.0,"damage_taken":7.0},{"damage_healed":0.0,"max_hp_gain":0.0,"max_hp_loss":5.0,"gold_gain":0.0,"event_name":"Golden Idol","player_choice":"Lose Max HP","floor":3.0,"gold_loss":0.0,"damage_taken":0.0,"relics_obtained":["Golden Idol"]},{"damage_healed":0.0,"max_hp_gain":0.0,"max_hp_loss":0.0,"gold_gain":0.0,"cards_transformed":["Strike_P"],"event_name":"Transmorgrifier","player_choice":"Transformed","floor":19.0,"gold_loss":0.0,"damage_taken":0.0,"cards_obtained":["Devotion"]}],"is_beta":false,"boss_relics":[{"not_picked":["Cursed Key","Tiny House"],"picked":"Philosopher\u0027s Stone"}],"items_purged_floors":[],"is_endless":false,"potions_floor_spawned":[1,10,11,12,14,16,18,22,24],"killed_by":"Book of Stabbing","ascension_level":3}}