{"host":"e48gchmu8shm63ip","time":1611431013,"event":{"mods":["Abigail Mod","AchievementEnabler","Act Like it!","BaseMod","Better Match","Better Note","Better Vampires","CapriCore","DeckTracker","Exacting","Gensokyo","Googly Eyes","Hallownest","Hermit","HololiveMod","Infinite Spire","Jorbs\u0027s Wanderer Trilogy","Koishi","Marisa????????","Minty Spire (QoL Compilation)","Railgun Mod","Rare Cards Sparkle","Relic Filter","Relic Stats","Remilia??????","Robot Space Explorer","Shade Mod","StSLib","The Animator","The Caster","The Construct","The Dragon Tamer","The Forsaken","The Immortal","The Judge","The Marked","The Poker Player","The Senshi","The Servant 0.9.4","TheSwordswoman","Waifu the Spire"],"gold_per_floor":[80,90,365,377,389,423,438,438,438,464,79,112,125,170,170,271,271,305,125,125,125,125,151,167,167,194,194,214,214,214,233,233,328,328,363,382,382,382,382,407,425,425,425,469,514,73,88,116,116,116,116,116,116,148,148],"floor_reached":56,"language":"ENG","playtime":3054,"items_purged":["Regret","Hololive_CallFriendA"],"score":1569,"play_id":"5e0146ba-3a7e-48a9-ba0a-d960886b2d94","local_time":"20210123204333","is_ascension_mode":false,"campfire_choices":[{"data":"Hololive_CallTsunomakiWatame","floor":15.0,"key":"SMITH"},{"floor":27,"key":"RECALL"},{"data":"Hololive_CallTsunomakiWatame","floor":30,"key":"SMITH"},{"data":"Hololive_CallTokinoSora","floor":32,"key":"SMITH"},{"data":"Hololive_DDD","floor":42,"key":"SMITH"},{"data":"Hololive_Rebirth","floor":49,"key":"SMITH"},{"data":"Hololive_CallUruhaRushia","floor":52,"key":"SMITH"}],"circlet_count":0,"master_deck":["Hololive_Strike","Hololive_Defend+1","Hololive_Defend+1","Hololive_CocoNews","Hololive_CallShiranuiFlare","Hololive_CallTsunomakiWatame+1","Hololive_CallAkaiHaato","Hololive_CallShiroganeNoel","Hololive_CallNatsuiroMatsuri","Hololive_CallHimemoriLuna","Hololive_Psychosis","Hololive_CallNakiriAyame","Hololive_CallTokinoSora+1","Hololive_CallTsunomakiWatame+1","Hololive_Rebirth+1","Hololive_CallUruhaRushia+1","Hololive_CallRoboco","Hololive_AWSL","Hololive_DDD+1","Hololive_CallYukihanaLamy+1","Hololive_Spy","Hololive_Recruit"],"relics":["Hololive_TheStar","infinitespire:Golems Mask","Turnip","Lizard Tail","War Paint","Black Star","construct:ClawGrip","Regal Pillow","Smiling Mask","Orichalcum","Bird Faced Urn","theForsaken:PaleLantern","theForsaken:ScaryMask","Strawberry","Lantern","infinitespire:EmpoweringShard","CatCart","Vajra","HandDrill","Hololive_FriedShrimpLion","infinitespire:Beetle Shell","construct:WeddingRing"],"acts_visited":["Exordium","TheCity","TheBeyond","TheEnding"],"potions_floor_usage":[],"damage_taken":[{"damage":0.0,"enemies":"2 Louse","floor":1.0,"turns":4.0},{"damage":0.0,"enemies":"Cultist","floor":2.0,"turns":3.0},{"damage":0.0,"enemies":"Jaw Worm","floor":4.0,"turns":3.0},{"damage":0.0,"enemies":"Blue Slaver","floor":5.0,"turns":3.0},{"damage":0.0,"enemies":"Lagavulin","floor":6.0,"turns":5.0},{"damage":0.0,"enemies":"Red Slaver","floor":7.0,"turns":4.0},{"damage":0.0,"enemies":"2 Fungi Beasts","floor":10.0,"turns":3.0},{"damage":0.0,"enemies":"3 Sentries","floor":12.0,"turns":5.0},{"damage":0.0,"enemies":"Blue Slaver","floor":13.0,"turns":2.0},{"damage":0.0,"enemies":"Lagavulin","floor":14.0,"turns":5.0},{"damage":0.0,"enemies":"Hexaghost","floor":16.0,"turns":6.0},{"damage":0,"enemies":"2 Thieves","floor":18,"turns":5},{"damage":7,"enemies":"Gremlin Leader","floor":23,"turns":8},{"damage":0,"enemies":"Shell Parasite","floor":24,"turns":5},{"damage":0,"enemies":"Centurion and Healer","floor":28,"turns":7},{"damage":0,"enemies":"Snake Plant","floor":31,"turns":4},{"damage":0,"enemies":"Automaton","floor":33,"turns":8},{"damage":0,"enemies":"3 Darklings","floor":35,"turns":6},{"damage":0,"enemies":"Orb Walker","floor":36,"turns":3},{"damage":0,"enemies":"Nemesis","floor":40,"turns":4},{"damage":0,"enemies":"Spire Growth","floor":41,"turns":4},{"damage":0,"enemies":"3 Darklings","floor":44,"turns":4},{"damage":0,"enemies":"Orin","floor":45,"turns":8},{"damage":0,"enemies":"Sphere and 2 Shapes","floor":47,"turns":3},{"damage":0,"enemies":"Spire Growth","floor":48,"turns":4},{"damage":6,"enemies":"Donu and Deca","floor":50,"turns":8},{"damage":0,"enemies":"Shield and Spear","floor":54,"turns":6},{"damage":0,"enemies":"The Heart","floor":55,"turns":9}],"seed_played":"2672698942780155755","potions_obtained":[{"floor":0.0,"key":"SmokeBomb"},{"floor":0.0,"key":"LiquidMemories"},{"floor":0.0,"key":"Energy Potion"},{"floor":8.0,"key":"EntropicBrew"},{"floor":14.0,"key":"Fire Potion"}],"is_trial":false,"path_per_floor":["M","M","?","M","M","E","M","?","T","M","$","E","M","E","R","B",null,"M","$","?","?","AVR","E","M","$","T","R","M","?","R","M","R","B",null,"M","M","?","?","T","E","M","R","T","M","?","$","M","M","R","B",null,"R","$","E","B",null],"character_chosen":"Hololive_HololiveCharacter","items_purchased":["Turnip","Hololive_CallRoboco","Vajra","HandDrill","Hololive_FriedShrimpLion"],"campfire_rested":0,"item_purchase_floors":[11,19,46,46,46],"current_hp_per_floor":[35,35,35,35,35,35,35,35,35,35,35,35,35,35,35,35,35,35,35,35,35,35,28,28,28,28,28,28,28,28,36,36,37,37,38,39,37,37,37,45,46,46,46,47,48,48,49,50,50,51,51,51,51,52,53],"gold":148,"neow_bonus":"THREE_SMALL_POTIONS","is_daily":false,"chose_seed":false,"campfire_upgraded":6,"win_rate":0.0,"timestamp":1611431013,"path_taken":["M","M","?","?","M","E","M","?","T","M","$","E","M","E","R","BOSS","M","?","?","?","AVR","E","?","$","T","R","M","?","R","?","R","BOSS","M","M","?","?","?","E","?","R","T","M","?","?","M","M","R","BOSS","R","$","E","BOSS"],"items_purchased_type":["Relic","Card","Relic","Relic","Relic"],"build_version":"2020-12-22","purchased_purges":2,"victory":true,"max_hp_per_floor":[35,35,35,35,35,35,35,35,35,35,35,35,35,35,35,35,35,35,35,35,35,35,35,35,35,35,35,35,35,35,36,36,37,37,38,39,37,37,37,45,46,46,46,47,48,48,49,50,50,51,51,51,51,52,53],"relic_stats":{"Lizard Tail":0,"Regal Pillow":0,"counters":[28,139],"Bird Faced Urn":[13],"Turnip":[13],"Black Star":3,"HandDrill":[14],"War Paint":["Hololive_Defend","Hololive_Defend"],"Orichalcum":[282],"Smiling Mask":0,"obtain_stats":[{"construct:ClawGrip":22,"Regal Pillow":23,"theForsaken:ScaryMask":39,"Lantern":40,"construct:WeddingRing":54,"Vajra":46,"theForsaken:PaleLantern":34,"infinitespire:Beetle Shell":54,"War Paint":14,"Orichalcum":26,"Smiling Mask":23,"Lizard Tail":12,"Bird Faced Urn":29,"Strawberry":40,"Hololive_TheStar":0,"infinitespire:Golems Mask":6,"Turnip":11,"Hololive_FriedShrimpLion":46,"Black Star":17,"infinitespire:EmpoweringShard":43,"HandDrill":46,"CatCart":45},{"construct:ClawGrip":12,"Regal Pillow":13,"theForsaken:ScaryMask":19,"Lantern":20,"construct:WeddingRing":27,"Vajra":23,"theForsaken:PaleLantern":17,"infinitespire:Beetle Shell":27,"War Paint":10,"Orichalcum":14,"Smiling Mask":13,"Lizard Tail":8,"Bird Faced Urn":15,"Strawberry":20,"Hololive_TheStar":0,"infinitespire:Golems Mask":5,"Turnip":7,"Hololive_FriedShrimpLion":23,"Black Star":11,"infinitespire:EmpoweringShard":21,"HandDrill":23,"CatCart":23},{"construct:ClawGrip":48,"Regal Pillow":56,"theForsaken:ScaryMask":89,"Lantern":93,"construct:WeddingRing":130,"Vajra":109,"theForsaken:PaleLantern":80,"infinitespire:Beetle Shell":130,"War Paint":37,"Orichalcum":61,"Smiling Mask":56,"Lizard Tail":30,"Bird Faced Urn":68,"Strawberry":93,"Hololive_TheStar":0,"infinitespire:Golems Mask":18,"Turnip":25,"Hololive_FriedShrimpLion":109,"Black Star":43,"infinitespire:EmpoweringShard":97,"HandDrill":109,"CatCart":109}]},"card_choices":[{"not_picked":["Hololive_RevenueBasedLive","Hololive_StrengthChampion","Hololive_Breathe"],"picked":"Hololive_CallNatsuiroMatsuri","floor":1.0},{"not_picked":["Hololive_Psychosis","Hololive_HuntDinosaur","Hololive_Drill"],"picked":"Hololive_CallHimemoriLuna","floor":2.0},{"not_picked":["Hololive_DiamondStrike","Hololive_FlyingPonyTail","Hololive_LuckPotion"],"picked":"Hololive_Psychosis","floor":4.0},{"not_picked":["Hololive_RevenueBasedLive","Hololive_Trident","Hololive_Drill","Hololive_Rebound"],"picked":"SKIP","floor":5.0},{"not_picked":["Hololive_CocoNews","Hololive_FlyingPonyTail","Hololive_CallAkiRosenthal","Hololive_Rebound"],"picked":"SKIP","floor":6.0},{"not_picked":["Hololive_LuckPotion","Hololive_CallYozoraMel","Hololive_CallHoushouMarine"],"picked":"Hololive_CallNakiriAyame","floor":7.0},{"not_picked":["Hololive_RevenueBasedLive","Hololive_Rebound","Hololive_FlyingPonyTail","Hololive_Drill"],"picked":"SKIP","floor":10.0},{"not_picked":["Hololive_LuckPotion","Hololive_StrengthChampion","Hololive_Breathe"],"picked":"Hololive_CallTokinoSora","floor":12.0},{"not_picked":["Hololive_RevenueBasedLive","Hololive_OvertimeWork","Hololive_Sequa","Hololive_Drill"],"picked":"SKIP","floor":13.0},{"not_picked":["Hololive_CocoNews","Hololive_ASMR","Hololive_Breathe"],"picked":"Hololive_CallTsunomakiWatame","floor":14.0},{"not_picked":["Hololive_DDD","Hololive_FlareMind","Hololive_BeCareful"],"picked":"Hololive_Rebirth","floor":16.0},{"not_picked":["Hololive_StrengthChampion","Hololive_CallShishiroBotan","Hololive_CallNekomataOkayu"],"picked":"Hololive_CallUruhaRushia","floor":18},{"not_picked":["Hololive_CallTsunomakiWatame","Hololive_RevenueBasedLive","Hololive_Nanodesu","Hololive_CallAkaiHaato+1"],"picked":"SKIP","floor":23},{"not_picked":["Hololive_StrengthChampion+1","Hololive_LuckPotion","Hololive_CallShirakamiFubuki+1","Hololive_CallYogiri+1"],"picked":"SKIP","floor":24},{"not_picked":["Hololive_Drill","Hololive_CallRoboco","Hololive_ILoveYou+1"],"picked":"Hololive_AWSL","floor":28},{"not_picked":["Hololive_CallAkaiHaato","Hololive_CocoNews","Hololive_CallNakiriAyame","Hololive_CallAkiRosenthal+1"],"picked":"SKIP","floor":31},{"not_picked":["Hololive_AWSL","Hololive_Recruit","Hololive_WolfAndLamb"],"picked":"Hololive_DDD","floor":33},{"not_picked":["Hololive_Breathe+1","Hololive_Trident","Hololive_FlyingPonyTail","Hololive_LuckPotion"],"picked":"SKIP","floor":35},{"not_picked":["Hololive_Breathe+1","Hololive_StrengthChampion+1","Hololive_Trident+1","Hololive_OvertimeWork"],"picked":"SKIP","floor":36},{"not_picked":["Hololive_CallCivia+1","Hololive_CallHoushouMarine+1","Hololive_StrengthChampion"],"picked":"Hololive_CallYukihanaLamy+1","floor":40},{"not_picked":["Hololive_CallAkiRosenthal","Hololive_ManjiGathering+1","Hololive_HuntDinosaur+1"],"picked":"Hololive_Spy","floor":41},{"not_picked":["Hololive_Sequa","Hololive_LuckPotion","Hololive_Trident+1"],"picked":"Hololive_Recruit","floor":44},{"not_picked":["Hololive_FlyingPonyTail+1","Hololive_Rebound","Hololive_Trident+1","Hololive_OvertimeWork"],"picked":"SKIP","floor":47},{"not_picked":["Hololive_Drill","Hololive_Breathe+1","Hololive_RevenueBasedLive","Hololive_Psychosis"],"picked":"SKIP","floor":48},{"not_picked":["Hololive_CallAkiRosenthal+1","Hololive_FlyingPonyTail+1","Hololive_CallNakiriAyame+1","Hololive_CallManoAloe"],"picked":"SKIP","floor":54}],"player_experience":685929,"relics_obtained":[{"floor":6.0,"key":"infinitespire:Golems Mask"},{"floor":12.0,"key":"Lizard Tail"},{"floor":14.0,"key":"War Paint"},{"floor":23,"key":"Regal Pillow"},{"floor":23,"key":"Smiling Mask"},{"floor":26,"key":"Orichalcum"},{"floor":39,"key":"theForsaken:ScaryMask"},{"floor":40,"key":"Strawberry"},{"floor":40,"key":"Lantern"},{"floor":43,"key":"infinitespire:EmpoweringShard"},{"floor":45,"key":"CatCart"},{"floor":54,"key":"infinitespire:Beetle Shell"},{"floor":54,"key":"construct:WeddingRing"}],"event_choices":[{"damage_healed":0.0,"max_hp_gain":0.0,"max_hp_loss":0.0,"gold_gain":275.0,"event_name":"Golden Shrine","player_choice":"Desecrate","floor":3.0,"gold_loss":0.0,"damage_taken":0.0,"cards_obtained":["Regret"]},{"damage_healed":0.0,"max_hp_gain":0.0,"max_hp_loss":0.0,"gold_gain":0.0,"event_name":"Lab","player_choice":"Got Potions","floor":8.0,"gold_loss":0.0,"damage_taken":0.0},{"damage_healed":0,"gold_gain":0,"player_choice":"Ignored","damage_taken":0,"max_hp_gain":0,"max_hp_loss":0,"event_name":"betterNote:BetterNote","floor":20,"gold_loss":0,"cards_obtained":["Iron Wave"]},{"cards_removed":["Hololive_Strike"],"damage_healed":0,"gold_gain":0,"player_choice":"Gave Card","damage_taken":0,"relics_obtained":["Bird Faced Urn"],"max_hp_gain":0,"max_hp_loss":0,"event_name":"WeMeetAgain","floor":29,"gold_loss":0},{"damage_healed":0,"gold_gain":0,"player_choice":"Max HP","damage_taken":0,"max_hp_gain":0,"max_hp_loss":2,"event_name":"Winding Halls","floor":37,"gold_loss":0},{"damage_healed":0,"gold_gain":0,"player_choice":"Fight","damage_taken":0,"max_hp_gain":0,"max_hp_loss":0,"event_name":"OrinTheCat","floor":45,"gold_loss":0}],"is_beta":false,"boss_relics":[{"not_picked":["Pandora\u0027s Box","Philosopher\u0027s Stone"],"picked":"Black Star"},{"not_picked":["Velvet Choker","Empty Cage"],"picked":"theForsaken:PaleLantern"}],"items_purged_floors":[11,19],"is_endless":false,"potions_floor_spawned":[1,5,6,12,14,18,24,31,40,41,48],"ascension_level":0}}