{"host":"g01l53quoe6lrer0","time":1611369256,"event":{"mods":["2.2 Compatiblity","AchievementEnabler","BaseMod","Colored Map","Highlight Path","Keyboard Shortcuts","Minty Spire (QoL Compilation)","Permanent Neow","StSLib","SuperFastMode","everything is the same but u backflip on backflip"],"gold_per_floor":[18,29,39,39,51,79,79,96,142,132,132,132,132,148,148,148,148],"floor_reached":16,"language":"KOR","playtime":2214,"items_purged":[],"score":166,"play_id":"fc2bc350-cd32-4013-896c-242ec0593448","local_time":"20210123113416","is_ascension_mode":true,"campfire_choices":[{"floor":7,"key":"REST"},{"floor":12,"key":"REST"},{"data":"Cloak And Dagger","floor":15,"key":"SMITH"}],"circlet_count":0,"master_deck":["AscendersBane","Strike_G","Strike_G","Strike_G","Strike_G","Defend_G","Defend_G","Defend_G","Defend_G","Defend_G","Survivor","Neutralize","Grand Finale","Deflect","Cloak And Dagger+1","Dagger Throw","Acrobatics","Calculated Gamble+1","Dagger Spray","Leg Sweep","Setup"],"relics":["Ring of the Snake","Eternal Feather","Art of War","Golden Idol"],"acts_visited":["Exordium"],"potions_floor_usage":[10,10,16,16],"damage_taken":[{"damage":0,"enemies":"Small Slimes","floor":1,"turns":3},{"damage":0,"enemies":"2 Louse","floor":2,"turns":3},{"damage":2,"enemies":"Cultist","floor":3,"turns":5},{"damage":5,"enemies":"Exordium Wildlife","floor":5,"turns":7},{"damage":37,"enemies":"3 Sentries","floor":6,"turns":14},{"damage":6,"enemies":"3 Louse","floor":8,"turns":5},{"damage":0,"enemies":"Exordium Thugs","floor":10,"turns":4},{"damage":1,"enemies":"Red Slaver","floor":14,"turns":6},{"damage":67,"enemies":"Hexaghost","floor":16,"turns":16}],"seed_played":"3949695182994838620","potions_obtained":[{"floor":1,"key":"Poison Potion"},{"floor":8,"key":"ColorlessPotion"},{"floor":10,"key":"SkillPotion"},{"floor":14,"key":"Block Potion"}],"is_trial":false,"path_per_floor":["M","M","M","?","M","E","R","M","T","M","?","R","?","M","R","B"],"character_chosen":"THE_SILENT","items_purchased":[],"campfire_rested":2,"item_purchase_floors":[],"current_hp_per_floor":[63,63,61,54,49,12,42,36,36,36,36,65,65,64,65,0,0],"gold":148,"neow_bonus":"THREE_RARE_CARDS","is_daily":false,"chose_seed":false,"campfire_upgraded":1,"win_rate":0.0,"timestamp":1611369256,"path_taken":["M","M","M","?","M","E","R","M","T","M","?","R","?","M","R","BOSS"],"items_purchased_type":[],"build_version":"2020-12-22","purchased_purges":0,"victory":false,"max_hp_per_floor":[70,70,70,70,70,70,70,70,70,70,65,65,65,65,65,65,65],"card_choices":[{"not_picked":["Night Terror","Tools of the Trade"],"picked":"Grand Finale","floor":0},{"not_picked":["Bouncing Flask","Sucker Punch"],"picked":"Deflect","floor":1},{"not_picked":["Concentrate","Skewer"],"picked":"Cloak And Dagger","floor":2},{"not_picked":["Concentrate","Poisoned Stab"],"picked":"Dagger Throw","floor":3},{"not_picked":["PiercingWail","Escape Plan"],"picked":"Acrobatics","floor":5},{"not_picked":["Flechettes","Heel Hook"],"picked":"Calculated Gamble","floor":6},{"not_picked":["Bane","Heel Hook"],"picked":"Dagger Spray","floor":8},{"not_picked":["Slice","Escape Plan"],"picked":"Leg Sweep","floor":10},{"not_picked":["Cloak And Dagger","Distraction"],"picked":"Setup","floor":14}],"player_experience":256114,"relics_obtained":[{"floor":6,"key":"Eternal Feather"},{"floor":9,"key":"Art of War"}],"event_choices":[{"cards_removed":["Strike_G"],"damage_healed":0,"gold_gain":0,"player_choice":"Card Removal","damage_taken":7,"max_hp_gain":0,"max_hp_loss":0,"event_name":"Golden Wing","floor":4,"gold_loss":0},{"damage_healed":0,"gold_gain":0,"player_choice":"Lose Max HP","damage_taken":0,"relics_obtained":["Golden Idol"],"max_hp_gain":0,"max_hp_loss":5,"event_name":"Golden Idol","floor":11,"gold_loss":0},{"damage_healed":0,"gold_gain":0,"player_choice":"Upgraded","damage_taken":0,"max_hp_gain":0,"max_hp_loss":0,"event_name":"Upgrade Shrine","floor":13,"gold_loss":0,"cards_upgraded":["Calculated Gamble"]}],"is_beta":false,"boss_relics":[],"items_purged_floors":[],"is_endless":false,"potions_floor_spawned":[1,8,10,14],"killed_by":"Hexaghost","ascension_level":12}}