{"host":"sboty77psj7t2cnn","time":1611361488,"event":{"mods":["Aspiration","BaseMod","Beaked The Cultist","Better Match","Better Vampires","ChefMod","Colored Map","Conspire","Dio Mod","Downfall","Hubris","Infinite Spire","Jorbs\u0027s Wanderer Trilogy","Minty Spire (QoL Compilation)","StSLib","The Cursed"],"gold_per_floor":[99,113,126,145,158,186,186,217,228,128,139,139,159,171,184,184,184],"floor_reached":16,"language":"SPA","playtime":1351,"items_purged":[],"score":143,"play_id":"ba641447-a572-4713-b250-410857cd9ba0","local_time":"20210122182448","is_ascension_mode":false,"campfire_choices":[{"data":"stsjorbsmod:EyeOfTheStorm","floor":1,"key":"SMITH"},{"floor":10,"key":"REST"},{"data":"stsjorbsmod:Introspection","floor":12,"key":"SMITH"}],"circlet_count":0,"master_deck":["stsjorbsmod:ForbiddenGrimoire+1","stsjorbsmod:Strike_Wanderer","stsjorbsmod:Strike_Wanderer","stsjorbsmod:Strike_Wanderer","stsjorbsmod:Strike_Wanderer","stsjorbsmod:Defend_Wanderer","stsjorbsmod:Defend_Wanderer","stsjorbsmod:Defend_Wanderer","stsjorbsmod:Defend_Wanderer","stsjorbsmod:FreshAdventure","stsjorbsmod:EyeOfTheStorm+1","stsjorbsmod:Prepare","stsjorbsmod:MagicMissiles","stsjorbsmod:MagicMissiles","stsjorbsmod:Channel","stsjorbsmod:Aid","stsjorbsmod:BurningFlask","stsjorbsmod:Introspection+1","stsjorbsmod:WanderingMind","stsjorbsmod:Firebolt","stsjorbsmod:ParryingBlow","stsjorbsmod:Prestidigitation"],"relics":["stsjorbsmod:GrimoireRelic","infinitespire:PuzzleCube","Vajra","downfall:HeartBlessingBlue"],"acts_visited":["Exordium"],"potions_floor_usage":[8,14],"damage_taken":[{"damage":1,"enemies":"Small Slimes","floor":2,"turns":3},{"damage":6,"enemies":"2 Louse","floor":3,"turns":3},{"damage":6,"enemies":"Jaw Worm","floor":4,"turns":4},{"damage":2,"enemies":"Blue Slaver","floor":5,"turns":4},{"damage":13,"enemies":"3 Sentries","floor":6,"turns":7},{"damage":43,"enemies":"Lagavulin","floor":8,"turns":10},{"damage":1,"enemies":"Red Slaver","floor":9,"turns":4},{"damage":8,"enemies":"2 Fungi Beasts","floor":11,"turns":4},{"damage":10,"enemies":"3 Louse","floor":13,"turns":4},{"damage":6,"enemies":"Lots of Slimes","floor":14,"turns":4},{"damage":9,"enemies":"2 Fungi Beasts","floor":15,"turns":3},{"damage":18,"enemies":"DF_ARCHETYPE_STREAMLINE","floor":16,"turns":6}],"seed_played":"2253396245277287403","potions_obtained":[{"floor":4,"key":"sneckomod:MuddlingPotion"},{"floor":5,"key":"Block Potion"},{"floor":6,"key":"SmokeBomb"},{"floor":8,"key":"BlessingOfTheForge"}],"is_trial":false,"path_per_floor":["R","M","M","M","M","E","T","E","M","R","M","R","M","M","M","B"],"character_chosen":"WANDERER","items_purchased":[],"campfire_rested":1,"item_purchase_floors":[],"current_hp_per_floor":[74,74,69,65,65,54,54,11,12,47,41,41,32,27,18,0,0],"gold":184,"neow_bonus":"TEN_PERCENT_HP_BONUS","is_daily":false,"chose_seed":false,"campfire_upgraded":2,"win_rate":0.0,"timestamp":1611361488,"path_taken":["R","M","M","M","M","E","T","E","M","R","M","R","M","M","M","BOSS"],"items_purchased_type":[],"build_version":"2020-12-22","purchased_purges":0,"victory":false,"max_hp_per_floor":[74,74,74,74,74,74,74,74,74,84,84,84,84,84,84,84,84],"card_choices":[{"not_picked":["stsjorbsmod:Index","stsjorbsmod:Will"],"picked":"stsjorbsmod:Prepare","floor":2},{"not_picked":["stsjorbsmod:Hurt","stsjorbsmod:WanderingMind"],"picked":"stsjorbsmod:MagicMissiles","floor":3},{"not_picked":["stsjorbsmod:Rediscovery","stsjorbsmod:Patron"],"picked":"stsjorbsmod:MagicMissiles","floor":4},{"not_picked":["stsjorbsmod:Patron","stsjorbsmod:Prepare"],"picked":"stsjorbsmod:Channel","floor":5},{"not_picked":["stsjorbsmod:DisguiseSelf","stsjorbsmod:BlackTentacles"],"picked":"stsjorbsmod:Aid","floor":6},{"not_picked":["stsjorbsmod:Thorns","stsjorbsmod:Rest"],"picked":"stsjorbsmod:BurningFlask","floor":8},{"not_picked":["stsjorbsmod:BurningFlask","stsjorbsmod:BlackTentacles"],"picked":"stsjorbsmod:Introspection","floor":9},{"not_picked":["stsjorbsmod:Mania","stsjorbsmod:RayOfFrost"],"picked":"stsjorbsmod:WanderingMind","floor":11},{"not_picked":["stsjorbsmod:LoseGrip","stsjorbsmod:DisguiseSelf"],"picked":"stsjorbsmod:Firebolt","floor":13},{"not_picked":["stsjorbsmod:ChatteringStrike","stsjorbsmod:Index"],"picked":"stsjorbsmod:ParryingBlow","floor":14},{"not_picked":["stsjorbsmod:BurningFlask","stsjorbsmod:RefuseToForget"],"picked":"stsjorbsmod:Prestidigitation","floor":15}],"player_experience":367356,"relics_obtained":[{"floor":6,"key":"infinitespire:PuzzleCube"},{"floor":8,"key":"Vajra"}],"event_choices":[],"is_beta":false,"boss_relics":[],"items_purged_floors":[],"is_endless":false,"potions_floor_spawned":[4,5,6,8,11],"killed_by":"DF_ARCHETYPE_STREAMLINE","ascension_level":0}}