{"host":"co1ulnwz1h4zjs22","time":1611416258,"event":{"mods":["Arknights The Spire","BaseMod","Bestiary","Colored Powertips","Curses Come First","Energized Spire","GifTheSpireLib","Googly Eyes","Hubris","Minty Spire (QoL Compilation)","Rare Cards Sparkle","Replay The Spire","Reworked Bosses","Shop Mod","Spicy Shops","StSLib"],"gold_per_floor":[110,19,34,34,34,34,69,81,93,105,136,167,204,216,228,337,349,377,389,418,445,397,409,421,433,472,484,524,554,577,95,95,193,193,207,207,225,250,266,266,266],"floor_reached":40,"language":"ENG","playtime":2831,"items_purged":["ats:Strike G","ats:Defend"],"score":414,"play_id":"f118a341-0763-4697-87bd-bddbb196128d","local_time":"20210123103738","is_ascension_mode":false,"campfire_choices":[{"data":"ats:Armor Crushing Shot","floor":6,"key":"SMITH"},{"data":"ats:Blood Oath","floor":8,"key":"SMITH"},{"data":"ats:Overload","floor":10,"key":"SMITH"},{"data":"ats:Calcification","floor":15,"key":"SMITH"},{"data":"ats:Thorns","floor":23,"key":"SMITH"},{"data":"ats:Neurotoxin","floor":25,"key":"SMITH"},{"data":"ats:Consecutive Shot Auto","floor":27,"key":"SMITH"},{"floor":32,"key":"REST"}],"circlet_count":0,"master_deck":["ats:Strike S","ats:Armor Crushing Shot+1","ats:Defend","ats:Defend","ats:Defend+1","ats:Emotion Absorption","ats:Hammer On","ats:Overload+1","ats:Neurotoxin+1","ats:Steam Pump","ats:Blood Oath+1","ats:Apocalypse","ats:Consecutive Shot Auto+1","ats:Calcification+1","ats:Thorns+1","ats:Apocalypse","ats:Poison Spread","ats:Serious Mode","ats:Poison Spread","ats:Calcification","ats:Support Order+1","ats:Powerful Strike+1"],"relics":["ats:Sanity","ats:Originium","Replay:Accelerometer","ats:Berate","energizedSpire:MagnifyingGlass","ats:Ability Aura","Art of War","Gremlin Food","MerchantsRug","Ring of Chaos","hubris:SlimyHat","ReplayTheSpireMod:TigerMarble"],"acts_visited":["Exordium","TheCity","TheBeyond"],"potions_floor_usage":[13,16,29,40,40],"damage_taken":[{"damage":1,"enemies":"Cultist","floor":1,"turns":4},{"damage":0,"enemies":"2 Louse","floor":3,"turns":2},{"damage":28,"enemies":"Gremlin Nob","floor":7,"turns":4},{"damage":6,"enemies":"Jaw Worm","floor":11,"turns":2},{"damage":3,"enemies":"Exordium Wildlife","floor":12,"turns":3},{"damage":15,"enemies":"Replay:BlueRogue","floor":13,"turns":4},{"damage":60,"enemies":"The Guardian","floor":16,"turns":12},{"damage":12,"enemies":"3 Byrds","floor":18,"turns":4},{"damage":24,"enemies":"2 Thieves","floor":20,"turns":4},{"damage":21,"enemies":"Sentry and Sphere","floor":21,"turns":4},{"damage":41,"enemies":"Gremlin Leader","floor":28,"turns":7},{"damage":21,"enemies":"Snake Plant","floor":29,"turns":3},{"damage":13,"enemies":"Centurion and Healer","floor":30,"turns":5},{"damage":44,"enemies":"bossMod:newCollector","floor":33,"turns":7},{"damage":13,"enemies":"3 Shapes","floor":35,"turns":6},{"damage":23,"enemies":"Orb Walker","floor":37,"turns":3},{"damage":32,"enemies":"Spire Growth","floor":39,"turns":4},{"damage":59,"enemies":"Reptomancer","floor":40,"turns":2}],"seed_played":"2922108904764190128","potions_obtained":[{"floor":3,"key":"Fire Potion"},{"floor":12,"key":"SkillPotion"},{"floor":16,"key":"Weak Potion"},{"floor":28,"key":"DistilledChaos"},{"floor":29,"key":"Adrenaline Potion"},{"floor":30,"key":"Venom Potion"}],"is_trial":false,"path_per_floor":["M","$","M","?","$","R","E","R","T","R","M","M","E","?","R","B",null,"M","?","M","M","?","R","?","R","T","R","E","M","M","$","R","B",null,"M","?","M","T","M","E"],"character_chosen":"DOCTOR_CLASS","items_purchased":["ats:Overload","Gremlin Food","ats:Poison Spread","MerchantsRug"],"campfire_rested":1,"item_purchase_floors":[2,31,31,31],"current_hp_per_floor":[78,78,78,78,78,78,50,50,50,50,44,51,36,62,62,35,79,73,73,55,44,44,44,44,44,44,44,30,24,27,27,50,37,79,79,79,66,66,40,0,0],"gold":266,"neow_bonus":"TEN_PERCENT_HP_BONUS","is_daily":false,"chose_seed":false,"campfire_upgraded":7,"win_rate":0.0,"timestamp":1611416258,"path_taken":["M","$","M","?","$","R","E","R","T","R","?","M","E","?","R","BOSS","M","?","M","M","?","R","?","R","T","R","E","?","M","$","R","BOSS","M","?","?","?","M","E"],"items_purchased_type":["Card","Relic","Card","Relic"],"build_version":"2020-12-22","purchased_purges":2,"victory":false,"max_hp_per_floor":[79,79,79,79,79,79,79,79,79,79,79,79,79,79,79,79,79,79,79,79,79,79,79,79,79,79,79,79,79,79,79,79,79,79,79,79,79,79,79,79,79],"card_choices":[{"not_picked":["ats:Counter Healing Mode","ats:Leaping Hammer"],"picked":"ats:Hammer On","floor":1},{"not_picked":["ats:Explosion Area Strengthen","ats:Cat Scratch"],"picked":"ats:Neurotoxin","floor":3},{"not_picked":["ats:Ignite","ats:Sword Rain"],"picked":"ats:Blood Oath","floor":7},{"not_picked":["ats:Shadow Raid","ats:Thermite Blade"],"picked":"ats:Apocalypse","floor":11},{"not_picked":["ats:Neurotoxin","ats:Leaping Hammer"],"picked":"ats:Consecutive Shot Auto","floor":12},{"not_picked":["ats:Song Of Battle","ats:Shell Defense"],"picked":"ats:Calcification","floor":13},{"not_picked":["ats:Revitalization","ats:Closed Bolt Burst Fire+1","ats:Assault Order"],"picked":"SKIP","floor":18},{"not_picked":["ats:Very Hot Blade","ats:Curse Doll"],"picked":"ats:Thorns","floor":20},{"not_picked":["ats:Revitalization","ats:Explosion Area Strengthen"],"picked":"ats:Apocalypse","floor":21},{"not_picked":["ats:Shell Defense","ats:Guardian Obelisk"],"picked":"ats:Poison Spread","floor":28},{"not_picked":["ats:Chain Hook+1","ats:Collapsing Strike"],"picked":"ats:Serious Mode","floor":29},{"not_picked":["ats:Closed Bolt Burst Fire","ats:Assault Order","ats:Guardian Obelisk"],"picked":"SKIP","floor":30},{"not_picked":["ats:Nebulous Foxfire","ats:Fractured Body"],"picked":"ats:Calcification","floor":33},{"not_picked":["ats:Curse Doll+1","ats:Cat Scratch+1"],"picked":"ats:Support Order+1","floor":35},{"not_picked":["ats:Very Hot Blade","ats:Burning Ground","ats:Assault Order+1"],"picked":"SKIP","floor":37},{"not_picked":["ats:Curse Doll+1","ats:Shell Defense"],"picked":"ats:Powerful Strike+1","floor":39}],"player_experience":375934,"relics_obtained":[{"floor":7,"key":"ats:Originium"},{"floor":7,"key":"MawBank"},{"floor":9,"key":"Replay:Accelerometer"},{"floor":13,"key":"ats:Originium"},{"floor":13,"key":"ats:Berate"},{"floor":26,"key":"ats:Ability Aura"},{"floor":28,"key":"ats:Originium"},{"floor":28,"key":"Art of War"},{"floor":38,"key":"ReplayTheSpireMod:TigerMarble"}],"event_choices":[{"damage_healed":0,"gold_gain":0,"cards_transformed":["ats:Strike V"],"player_choice":"Transformed","damage_taken":0,"max_hp_gain":0,"max_hp_loss":0,"event_name":"Transmorgrifier","floor":4,"gold_loss":0,"cards_obtained":["ats:Steam Pump"]},{"damage_healed":26,"gold_gain":0,"player_choice":"Banana","damage_taken":0,"max_hp_gain":0,"max_hp_loss":0,"event_name":"Big Fish","floor":14,"gold_loss":0},{"damage_healed":0,"gold_gain":0,"player_choice":"Ignored","damage_taken":0,"max_hp_gain":0,"max_hp_loss":0,"event_name":"Ghosts","floor":19,"gold_loss":0},{"cards_removed":["ats:Strike C"],"damage_healed":0,"gold_gain":0,"player_choice":"Elegance","damage_taken":0,"max_hp_gain":0,"max_hp_loss":0,"event_name":"Back to Basics","floor":24,"gold_loss":0},{"damage_healed":0,"gold_gain":0,"player_choice":"Gave Potion","damage_taken":0,"relics_obtained":["hubris:SlimyHat"],"max_hp_gain":0,"max_hp_loss":0,"event_name":"WeMeetAgain","floor":36,"gold_loss":0}],"is_beta":false,"boss_relics":[{"not_picked":["ReplayTheSpireMod:DimensionalGlitch","Fusion Hammer"],"picked":"energizedSpire:MagnifyingGlass"},{"not_picked":["Replay:Ancient Bell","Snecko Eye"],"picked":"Ring of Chaos"}],"items_purged_floors":[31,31],"is_endless":false,"potions_floor_spawned":[3,12,16,28,29,30,35],"killed_by":"Reptomancer","ascension_level":0}}