{"host":"c95txy58ipbu969e","time":1611376930,"event":{"mods":["Act Like it!","BaseMod","Downfall","Minty Spire (QoL Compilation)","Quick Restart","StSLib"],"gold_per_floor":[99,114,127,144,144,244,271,271,299,399,299,299,328,343,358,358,358,358],"floor_reached":16,"language":"ZHS","playtime":951,"items_purged":[],"score":110,"play_id":"0eb750e7-47b6-4c97-a9cf-c5d1fc2a3de5","local_time":"20210123124210","is_ascension_mode":false,"campfire_choices":[{"data":"bronze:Goto","floor":1.0,"key":"SMITH"},{"data":"bronze:Overload","floor":8.0,"key":"SMITH"},{"data":"bronze:Optimize","floor":11.0,"key":"SMITH"}],"circlet_count":0,"master_deck":["bronze:Strike","bronze:Strike","bronze:Strike","bronze:Strike","bronze:Defend","bronze:Defend","bronze:Defend","bronze:Defend","bronze:Replicate","bronze:Goto+1","bronze:Optimize+1","bronze:Overload+1","bronze:Iterate","bronze:Explode","bronze:DelayedSlice","bronze:Break","bronze:FollowUp"],"relics":["bronze:BronzeCore","Bottled Flame","downfall:HeartBlessingGreen","bronze:BottledCode","hexamod:Sixitude"],"acts_visited":["Exordium"],"potions_floor_usage":[16],"damage_taken":[{"damage":0.0,"enemies":"Small Slimes","floor":2.0,"turns":3.0},{"damage":2.0,"enemies":"2 Louse","floor":3.0,"turns":3.0},{"damage":1.0,"enemies":"Jaw Worm","floor":4.0,"turns":4.0},{"damage":9.0,"enemies":"Jaw Worm","floor":5.0,"turns":3.0},{"damage":26.0,"enemies":"3 Sentries","floor":9.0,"turns":4.0},{"damage":26.0,"enemies":"Lagavulin","floor":13.0,"turns":5.0},{"damage":0.0,"enemies":"2 Fungi Beasts","floor":14.0,"turns":1.0},{"damage":6.0,"enemies":"Blue Slaver","floor":15.0,"turns":2.0},{"damage":14,"enemies":"DF_ARCHETYPE_STREAMLINE","floor":16,"turns":3}],"seed_played":"3489377071911997667","potions_obtained":[{"floor":3.0,"key":"SneckoOil"},{"floor":9.0,"key":"SneckoOil"},{"floor":14.0,"key":"bronze:BuildAFunctionPotion"},{"floor":15.0,"key":"bronze:BurnAndBuffPotion"}],"is_trial":false,"path_per_floor":["R","M","M","M","?","?","T","R","E","?","R","?","E","M","M","B"],"character_chosen":"THE_AUTOMATON","items_purchased":[],"campfire_rested":0,"item_purchase_floors":[],"current_hp_per_floor":[77,77,75,74,65,65,65,65,39,39,39,39,13,13,7,0,0,0],"gold":358,"neow_bonus":"TEN_PERCENT_HP_BONUS","is_daily":false,"chose_seed":false,"campfire_upgraded":3,"win_rate":0.0,"timestamp":1611376930,"path_taken":["R","M","M","M","?","?","T","R","E","?","R","?","E","M","M","BOSS"],"items_purchased_type":[],"build_version":"2020-12-22","purchased_purges":0,"victory":false,"max_hp_per_floor":[77,77,77,77,77,77,77,77,77,77,77,67,67,67,67,67,67,67],"card_choices":[{"not_picked":["bronze:WhirlingStrike","bronze:BuggyMess"],"picked":"bronze:Optimize","floor":2.0},{"not_picked":["bronze:Shield","bronze:Invalidate"],"picked":"bronze:Overload","floor":3.0},{"not_picked":["bronze:Overheat","bronze:WildBeam"],"picked":"bronze:Iterate","floor":4.0},{"not_picked":[],"picked":"bronze:Explode","floor":5.0},{"not_picked":["bronze:ForceShield","bronze:Fortify"],"picked":"bronze:DelayedSlice","floor":5.0},{"not_picked":["bronze:ShipIt","bronze:Iterate"],"picked":"bronze:Break","floor":9.0},{"not_picked":["bronze:Iterate","bronze:BuggyMess","bronze:CutThrough"],"picked":"SKIP","floor":13.0},{"not_picked":["bronze:Turbo","bronze:DigitalCarnage","bronze:Repair"],"picked":"SKIP","floor":14.0},{"not_picked":["bronze:WildBeam","bronze:CutThrough"],"picked":"bronze:FollowUp","floor":15.0}],"player_experience":495710,"relics_obtained":[{"floor":9.0,"key":"Bottled Flame"},{"floor":13.0,"key":"hexamod:Sixitude"}],"event_choices":[],"is_beta":false,"boss_relics":[],"items_purged_floors":[],"is_endless":false,"potions_floor_spawned":[3,9,14,15],"killed_by":"DF_ARCHETYPE_STREAMLINE","ascension_level":0}}