{"host":"jwbw4f4imxd0v0b0","time":1611391438,"event":{"mods":["BaseMod","Colored Map","Highlight Path","Minty Spire (QoL Compilation)","Relic Stats","StSLib","The Cursed"],"gold_per_floor":[161,175,175,193,193,193,223,223,246,246,40,49,73,113,113,222,222,250,160,188,188,188,197,232,265,301,352,364,419,440,474,495,611,650,687,725,292,292,319,319,338,338,365,384,0,0,31,58,67,67],"floor_reached":51,"language":"ENG","playtime":2913,"items_purged":["TheCursedMod:Defend_TheCursed","TheCursedMod:Defend_TheCursed"],"score":843,"play_id":"41e31092-7e6b-4b77-9d2b-f499fed4dafd","local_time":"20210123024358","is_ascension_mode":false,"campfire_choices":[{"data":"TheCursedMod:Hemoplague","floor":6.0,"key":"SMITH"},{"floor":12.0,"key":"REST"},{"data":"TheCursedMod:FleshFromBone","floor":15.0,"key":"SMITH"},{"floor":23.0,"key":"REST"},{"floor":30.0,"key":"REST"},{"floor":32.0,"key":"REST"},{"data":"TheCursedMod:LuckyCharm","floor":40,"key":"SMITH"},{"data":"TheCursedMod:OutForBlood","floor":42,"key":"SMITH"},{"floor":49,"key":"REST"}],"circlet_count":0,"master_deck":["TheCursedMod:Defend_TheCursed","TheCursedMod:Defend_TheCursed+1","TheCursedMod:CursedWand+1","TheCursedMod:Dregs","TheCursedMod:Hemoplague+1","TheCursedMod:WearCloak","TheCursedMod:Grudge","TheCursedMod:CursedSpellbook","TheCursedMod:CursedBoomerang+1","TheCursedMod:CircleOfFlame","TheCursedMod:ManaBullet","TheCursedMod:VitalStrike","TheCursedMod:HellsGateOpen","TheCursedMod:FleshFromBone+1","TheCursedMod:VoidForm+1","TheCursedMod:Mangle","TheCursedMod:TacticalStrike+1","TheCursedMod:CursedStaff+1","TheCursedMod:CircleOfCorruption","TheCursedMod:AntiAging","TheCursedMod:TroublousMinions+1","TheCursedMod:DoubleShield+1","TheCursedMod:FleshFromBone","TheCursedMod:Hemoplague","TheCursedMod:Wield+1","TheCursedMod:StunningStrike+1","TheCursedMod:EmpowerCircles+1","TheCursedMod:SpitefulStrike+1","TheCursedMod:CircleOfFlame+1","TheCursedMod:SpitefulPray","TheCursedMod:CircleOfBlood","TheCursedMod:CircleOfAbyss","TheCursedMod:LuckyCharm+1","TheCursedMod:OutForBlood+1","TheCursedMod:CircleOfFlame","TheCursedMod:EmpowerCircles","TheCursedMod:CursedArmor","TheCursedMod:AbyssShockwave+1"],"relics":["Tiny House","Mercury Hourglass","CeramicFish","Regal Pillow","Dream Catcher","TheCursedMod:Tack","Ancient Tea Set","Sozu","Molten Egg 2","MawBank","Bag of Marbles","PreservedInsect","Orichalcum","Astrolabe","Membership Card","Vajra","Eternal Feather","FossilizedHelix","OrangePellets","Strawberry","Letter Opener","Pear"],"acts_visited":["Exordium","TheCity","TheBeyond"],"potions_floor_usage":[],"damage_taken":[{"damage":0.0,"enemies":"Cultist","floor":1.0,"turns":5.0},{"damage":7.0,"enemies":"Small Slimes","floor":2.0,"turns":5.0},{"damage":0.0,"enemies":"2 Louse","floor":4.0,"turns":3.0},{"damage":32.0,"enemies":"Lagavulin","floor":7.0,"turns":10.0},{"damage":3.0,"enemies":"Blue Slaver","floor":13.0,"turns":3.0},{"damage":14.0,"enemies":"Gremlin Nob","floor":14.0,"turns":4.0},{"damage":26.0,"enemies":"Hexaghost","floor":16.0,"turns":9.0},{"damage":16.0,"enemies":"Spheric Guardian","floor":18.0,"turns":4.0},{"damage":16.0,"enemies":"2 Thieves","floor":20.0,"turns":4.0},{"damage":35.0,"enemies":"Slavers","floor":24.0,"turns":4.0},{"damage":5.0,"enemies":"Centurion and Healer","floor":25.0,"turns":5.0},{"damage":27.0,"enemies":"Book of Stabbing","floor":27.0,"turns":5.0},{"damage":8.0,"enemies":"Colosseum Slavers","floor":28.0,"turns":4.0},{"damage":4.0,"enemies":"Slavers","floor":29.0,"turns":3.0},{"damage":0.0,"enemies":"Cultist and Chosen","floor":31.0,"turns":3.0},{"damage":18.0,"enemies":"Champ","floor":33.0,"turns":9.0},{"damage":0.0,"enemies":"3 Darklings","floor":35.0,"turns":2.0},{"damage":0.0,"enemies":"Orb Walker","floor":36.0,"turns":3.0},{"damage":4,"enemies":"Sphere and 2 Shapes","floor":39,"turns":5},{"damage":33,"enemies":"Transient","floor":41,"turns":5},{"damage":11,"enemies":"Jaw Worm Horde","floor":44,"turns":6},{"damage":44,"enemies":"Giant Head","floor":47,"turns":9},{"damage":0,"enemies":"Maw","floor":48,"turns":7},{"damage":65,"enemies":"Donu and Deca","floor":50,"turns":9}],"seed_played":"-6119022104156829108","potions_obtained":[{"floor":0.0,"key":"SkillPotion"},{"floor":1.0,"key":"CultistPotion"},{"floor":2.0,"key":"SpeedPotion"}],"is_trial":false,"path_per_floor":["M","M","?","M","?","R","E","T","T","?","$","R","M","E","R","B",null,"M","?","M","T","?","R","E","M","T","E","?","E","R","M","R","B",null,"M","M","$","?","M","R","M","R","T","M","$","T","E","M","R","B",null],"character_chosen":"THE_CURSED","items_purchased":["TheCursedMod:Tack","TheCursedMod:ManaBullet","Membership Card","Vajra","Eternal Feather","TheCursedMod:CircleOfAbyss","FossilizedHelix","OrangePellets","Strawberry","TheCursedMod:EmpowerCircles"],"campfire_rested":5,"item_purchase_floors":[11,11,37,37,37,37,45,45,45,45],"current_hp_per_floor":[80,73,73,73,73,73,41,41,41,34,34,73,70,56,56,30,80,64,64,48,48,48,80,45,40,40,15,7,3,42,42,81,65,84,84,84,84,84,80,84,61,82,82,73,80,80,52,54,105,42],"gold":67,"neow_bonus":"BOSS_RELIC","is_daily":false,"chose_seed":false,"campfire_upgraded":4,"win_rate":0.0,"timestamp":1611391438,"path_taken":["M","?","?","?","?","R","E","?","T","?","$","R","M","E","R","BOSS","M","?","?","?","?","R","E","?","T","E","?","E","R","M","R","BOSS","M","M","$","?","M","R","?","R","T","M","$","?","E","M","R","BOSS"],"items_purchased_type":["Relic","Card","Relic","Relic","Relic","Card","Relic","Relic","Relic","Card"],"build_version":"2020-12-22","purchased_purges":2,"victory":true,"max_hp_per_floor":[80,80,80,80,80,80,80,80,80,80,80,80,80,80,80,80,80,80,80,80,80,80,80,80,80,80,82,82,82,82,82,82,84,84,84,84,84,84,84,84,84,84,84,84,91,91,103,105,105,107],"relic_stats":{"Regal Pillow":53,"counters":[24,124],"CeramicFish":252,"Astrolabe":["TheCursedMod:EmpowerCircles","TheCursedMod:SpitefulStrike","TheCursedMod:CircleOfFlame"],"Eternal Feather":46,"PreservedInsect":164,"Letter Opener":[10],"Orichalcum":[96],"MawBank":156,"Mercury Hourglass":[325],"Sozu":8,"OrangePellets":[3],"Dream Catcher":5,"obtain_stats":[{"TheCursedMod:BlackMagic101":0,"Regal Pillow":9,"Tiny House":0,"Pear":47,"CeramicFish":8,"TheCursedMod:Tack":11,"Astrolabe":34,"Vajra":37,"Eternal Feather":37,"PreservedInsect":27,"Letter Opener":46,"Orichalcum":29,"Ancient Tea Set":14,"MawBank":24,"Mercury Hourglass":7,"Sozu":17,"OrangePellets":45,"Dream Catcher":10,"Strawberry":45,"Molten Egg 2":21,"Bag of Marbles":26,"Membership Card":37,"FossilizedHelix":45},{"TheCursedMod:BlackMagic101":0,"Regal Pillow":4,"Tiny House":0,"Pear":22,"CeramicFish":4,"TheCursedMod:Tack":4,"Astrolabe":16,"Vajra":18,"Eternal Feather":18,"PreservedInsect":12,"Letter Opener":21,"Orichalcum":14,"Ancient Tea Set":6,"MawBank":10,"Mercury Hourglass":4,"Sozu":7,"OrangePellets":21,"Dream Catcher":4,"Strawberry":21,"Molten Egg 2":9,"Bag of Marbles":11,"Membership Card":18,"FossilizedHelix":21},{"TheCursedMod:BlackMagic101":0,"Regal Pillow":23,"Tiny House":0,"Pear":109,"CeramicFish":23,"TheCursedMod:Tack":23,"Astrolabe":80,"Vajra":84,"Eternal Feather":84,"PreservedInsect":61,"Letter Opener":100,"Orichalcum":68,"Ancient Tea Set":30,"MawBank":51,"Mercury Hourglass":23,"Sozu":39,"OrangePellets":100,"Dream Catcher":23,"Strawberry":100,"Molten Egg 2":47,"Bag of Marbles":56,"Membership Card":84,"FossilizedHelix":100}]},"card_choices":[{"not_picked":["TheCursedMod:TacticalStrike","TheCursedMod:EmpowerCircles"],"picked":"TheCursedMod:Hemoplague","floor":0.0},{"not_picked":["TheCursedMod:BloodBarrier","TheCursedMod:RapidMovement"],"picked":"TheCursedMod:WearCloak","floor":1.0},{"not_picked":["TheCursedMod:SmokeScreen","TheCursedMod:SpitefulStrike"],"picked":"TheCursedMod:Grudge","floor":2.0},{"not_picked":["TheCursedMod:DoubleShield","TheCursedMod:BlessingInDisguise"],"picked":"TheCursedMod:CursedBoomerang","floor":4.0},{"not_picked":["TheCursedMod:SpitefulPlan","TheCursedMod:CircleOfFocus"],"picked":"TheCursedMod:CircleOfFlame","floor":7.0},{"not_picked":["TheCursedMod:BloodBarrier","TheCursedMod:CursedShiv"],"picked":"TheCursedMod:VitalStrike","floor":12.0},{"not_picked":["TheCursedMod:EmpowerCircles","TheCursedMod:RavingStaff"],"picked":"TheCursedMod:HellsGateOpen","floor":13.0},{"not_picked":["TheCursedMod:SmokeScreen","TheCursedMod:RavingStaff"],"picked":"TheCursedMod:FleshFromBone","floor":14.0},{"not_picked":["TheCursedMod:CollectTribute","TheCursedMod:Neurasthenia"],"picked":"TheCursedMod:VoidForm","floor":16.0},{"not_picked":["TheCursedMod:Stigma+1","TheCursedMod:CircleOfCorruption"],"picked":"TheCursedMod:Mangle","floor":18.0},{"not_picked":["TheCursedMod:Stigma","TheCursedMod:ReleasedKnowledge"],"picked":"TheCursedMod:TacticalStrike+1","floor":20.0},{"not_picked":["TheCursedMod:RapidMovement+1","TheCursedMod:CursedMace+1"],"picked":"TheCursedMod:CursedStaff+1","floor":23.0},{"not_picked":["TheCursedMod:SmokeScreen+1","TheCursedMod:SpitefulStrike+1"],"picked":"TheCursedMod:CircleOfCorruption","floor":24.0},{"not_picked":["TheCursedMod:CursedBlade+1","TheCursedMod:FuryStrike+1"],"picked":"TheCursedMod:AntiAging","floor":25.0},{"not_picked":["TheCursedMod:WearCloak+1","TheCursedMod:VitalStrike+1"],"picked":"TheCursedMod:TroublousMinions+1","floor":27.0},{"not_picked":["TheCursedMod:WearCloak","TheCursedMod:CursedSpellbook"],"picked":"TheCursedMod:DoubleShield+1","floor":29.0},{"not_picked":["TheCursedMod:TacticalStrike+1","TheCursedMod:Evocation"],"picked":"TheCursedMod:FleshFromBone","floor":30.0},{"not_picked":["TheCursedMod:SmokeScreen","TheCursedMod:Stigma+1"],"picked":"TheCursedMod:Hemoplague","floor":31.0},{"not_picked":["TheCursedMod:Stretching","TheCursedMod:Obscuration"],"picked":"TheCursedMod:Wield+1","floor":32.0},{"not_picked":["TheCursedMod:AntiAging","TheCursedMod:ShockAndAwe+1"],"picked":"TheCursedMod:StunningStrike+1","floor":33.0},{"not_picked":["TheCursedMod:SpitefulStrike+1","TheCursedMod:RavingStaff+1"],"picked":"TheCursedMod:SpitefulPray","floor":35.0},{"not_picked":["TheCursedMod:CircleOfFocus","TheCursedMod:Obscuration+1"],"picked":"TheCursedMod:CircleOfBlood","floor":36.0},{"not_picked":["TheCursedMod:SurpriseAttack+1","TheCursedMod:Wield+1"],"picked":"TheCursedMod:LuckyCharm","floor":39},{"not_picked":["TheCursedMod:RapidMovement","TheCursedMod:CursedMace+1"],"picked":"TheCursedMod:OutForBlood","floor":41},{"not_picked":["TheCursedMod:CursedBlade+1","TheCursedMod:Evocation+1"],"picked":"TheCursedMod:CircleOfFlame","floor":44},{"not_picked":["TheCursedMod:Stretching+1","TheCursedMod:SmokeScreen","TheCursedMod:BloodBarrier+1"],"picked":"SKIP","floor":47},{"not_picked":["TheCursedMod:CircleOfBlood+1","TheCursedMod:FleshFromBone"],"picked":"TheCursedMod:CursedArmor","floor":48},{"not_picked":["TheCursedMod:CursedBoomerang+1","TheCursedMod:SoulReap+1"],"picked":"TheCursedMod:AbyssShockwave+1","floor":49}],"player_experience":1162424,"relics_obtained":[{"floor":7.0,"key":"Mercury Hourglass"},{"floor":8.0,"key":"CeramicFish"},{"floor":9.0,"key":"Regal Pillow"},{"floor":14.0,"key":"Ancient Tea Set"},{"floor":21.0,"key":"Molten Egg 2"},{"floor":24.0,"key":"MawBank"},{"floor":26.0,"key":"Bag of Marbles"},{"floor":27.0,"key":"PreservedInsect"},{"floor":29.0,"key":"Orichalcum"},{"floor":46,"key":"Letter Opener"},{"floor":47,"key":"Pear"}],"event_choices":[{"damage_healed":0.0,"max_hp_gain":0.0,"max_hp_loss":0.0,"gold_gain":0.0,"cards_transformed":["TheCursedMod:Strike_TheCursed"],"event_name":"Transmorgrifier","player_choice":"Transformed","floor":3.0,"gold_loss":0.0,"damage_taken":0.0,"cards_obtained":["TheCursedMod:CursedSpellbook"]},{"damage_healed":0.0,"max_hp_gain":0.0,"max_hp_loss":0.0,"gold_gain":0.0,"event_name":"Living Wall","player_choice":"Grow","floor":5.0,"gold_loss":0.0,"damage_taken":0.0,"cards_upgraded":["TheCursedMod:CursedBoomerang"]},{"damage_healed":0.0,"max_hp_gain":0.0,"max_hp_loss":0.0,"gold_gain":0.0,"event_name":"Scrap Ooze","player_choice":"Success","floor":10.0,"gold_loss":0.0,"damage_taken":7.0,"relics_obtained":["Dream Catcher"]},{"cards_removed":["TheCursedMod:Strike_TheCursed"],"damage_healed":0.0,"max_hp_gain":0.0,"max_hp_loss":0.0,"gold_gain":0.0,"event_name":"Designer","player_choice":"Upgrade and Remove","floor":19.0,"gold_loss":90.0,"damage_taken":0.0,"cards_upgraded":["TheCursedMod:CursedWand"]},{"damage_healed":0.0,"max_hp_gain":0.0,"max_hp_loss":0.0,"gold_gain":0.0,"event_name":"Lab","player_choice":"Got Potions","floor":22.0,"gold_loss":0.0,"damage_taken":0.0},{"damage_healed":0.0,"max_hp_gain":0.0,"max_hp_loss":0.0,"gold_gain":0.0,"event_name":"Colosseum","player_choice":"Fight","floor":28.0,"gold_loss":0.0,"damage_taken":0.0},{"damage_healed":0.0,"max_hp_gain":0.0,"max_hp_loss":0.0,"gold_gain":0.0,"event_name":"Colosseum","player_choice":"Fled From Nobs","floor":28.0,"gold_loss":0.0,"damage_taken":0.0},{"damage_healed":0,"gold_gain":0,"player_choice":"Upgraded","damage_taken":0,"max_hp_gain":0,"max_hp_loss":0,"event_name":"Upgrade Shrine","floor":38,"gold_loss":0,"cards_upgraded":["TheCursedMod:VoidForm"]}],"is_beta":false,"boss_relics":[{"not_picked":["Black Star","Busted Crown"],"picked":"Sozu"},{"not_picked":["Runic Pyramid","Velvet Choker"],"picked":"Astrolabe"}],"items_purged_floors":[37,45],"is_endless":false,"potions_floor_spawned":[1,2,4,13,18,24,25,27,36,41,48],"ascension_level":0}}