{"host":"dt8l0my8qdt1qx2n","time":1611377407,"event":{"mods":["Arknights The Spire","BaseMod","Marisa£®ÏF”Í°°ƒß¿Ì…≥£©","Minty Spire (QoL Compilation)","Remilia£®¿Ÿ√◊¿Ú—«£©","StSLib","The Servant 0.9.4","Yuyuko","[IsaacMod]“‘»ˆº‚À˛","°æ“≈ŒÔø®≈∆°øREMEMod"],"gold_per_floor":[112,128,53,70,84,84,101,113,138,168,180,207,33,88,88,287,287,333,20,61,168,200,221,221],"floor_reached":23,"language":"ZHS","playtime":1970,"items_purged":["ats:Strike S","ats:Defend"],"score":240,"play_id":"8f75eedd-e7ce-4af1-bdee-f81f09678ac2","local_time":"20210123125007","is_ascension_mode":false,"campfire_choices":[{"data":"ats:Part Time Job","floor":6.0,"key":"SMITH"},{"data":"ats:Burning Ground","floor":15,"key":"SMITH"}],"circlet_count":0,"master_deck":["ats:Strike C","ats:Strike G","ats:Strike V","ats:Armor Crushing Shot","ats:Defend","ats:Defend","ats:Defend","ats:Emotion Absorption","REME_BattleFury","ats:Very Hot Blade","ats:Consecutive Shot Auto","ats:Hammer On","ats:Part Time Job+1","ats:Charging Defense","ats:Hook Shot","ats:Defend Order","ats:Burning Ground+1","ats:Ambush","ats:Sunburst","ats:Closed Bolt Burst Fire","ats:Volcano","ats:Support Order","ats:Steam Pump+1","ats:Leaping Hammer+1","ats:Very Hot Blade","ats:Very Hot Blade","ats:Closed Bolt Burst Fire+1","ats:Leaping Hammer"],"relics":["ats:Sanity","HushsDoor","REME_ComplimentaryCards","YumHeart","Boot","ats:Originium","UnicornStump","SalivaCoin","Pear","REME_DuelDisc","REME_IWantAll"],"acts_visited":["Exordium","TheCity"],"potions_floor_usage":[23,23],"damage_taken":[{"damage":5.0,"enemies":"2 Louse","floor":1.0,"turns":3.0},{"damage":5.0,"enemies":"Cultist","floor":2.0,"turns":3.0},{"damage":6.0,"enemies":"Jaw Worm","floor":4.0,"turns":3.0},{"damage":11.0,"enemies":"Lots of Slimes","floor":5.0,"turns":3.0},{"damage":30.0,"enemies":"Exordium Wildlife","floor":7.0,"turns":6.0},{"damage":26.0,"enemies":"Exordium Thugs","floor":8.0,"turns":10.0},{"damage":42.0,"enemies":"3 Sentries","floor":10.0,"turns":22.0},{"damage":12,"enemies":"Large Slime","floor":11,"turns":19},{"damage":20,"enemies":"Lagavulin","floor":12,"turns":8},{"damage":28,"enemies":"3 Sentries","floor":14,"turns":6},{"damage":66,"enemies":"The Guardian","floor":16,"turns":13},{"damage":21,"enemies":"Shell Parasite","floor":18,"turns":6},{"damage":30,"enemies":"Spheric Guardian","floor":20,"turns":5},{"damage":30,"enemies":"3 Cultists","floor":22,"turns":5},{"damage":23,"enemies":"Gremlin Leader","floor":23,"turns":2}],"seed_played":"-4396104372784616704","potions_obtained":[{"floor":1.0,"key":"LiquidBronze"},{"floor":8.0,"key":"Regen Potion"},{"floor":11,"key":"LiquidMemories"},{"floor":12,"key":"ats:Emergency Sanity Potion"},{"floor":14,"key":"FearPotion"},{"floor":20,"key":"EssenceOfSteel"}],"is_trial":false,"path_per_floor":["M","M","$","M","M","R","M","M","T","E","M","E","$","E","R","B",null,"M","$","M","?","M","E"],"character_chosen":"DOCTOR_CLASS","items_purchased":["ats:Sunburst","REME_IWantAll"],"campfire_rested":0,"item_purchase_floors":[13,19],"current_hp_per_floor":[74,69,69,63,52,52,53,41,41,54,76,68,68,56,56,31,89,78,78,59,44,19,0,0],"gold":221,"neow_bonus":"TEN_PERCENT_HP_BONUS","is_daily":false,"chose_seed":false,"campfire_upgraded":2,"win_rate":0.0,"timestamp":1611377407,"path_taken":["M","M","$","M","M","R","M","M","T","E","M","E","$","E","R","BOSS","M","$","M","?","M","E"],"items_purchased_type":["Card","Relic"],"build_version":"2020-12-22","purchased_purges":2,"victory":false,"max_hp_per_floor":[79,79,79,79,79,79,79,79,79,79,79,79,79,89,89,89,89,89,89,92,92,95,95,95],"card_choices":[{"not_picked":["ats:Shadow Raid","ats:Phantom"],"picked":"ats:Very Hot Blade","floor":1.0},{"not_picked":["ats:Spore Proliferation","ats:Thorns"],"picked":"ats:Consecutive Shot Auto","floor":2.0},{"not_picked":["ats:Explosion Area Strengthen","ats:Flame Of Heaven"],"picked":"ats:Hammer On","floor":4.0},{"not_picked":["ats:Spore Proliferation","ats:Charging Defense"],"picked":"ats:Part Time Job","floor":5.0},{"not_picked":["ats:True Silver Slash","ats:Collapsing Strike"],"picked":"ats:Charging Defense","floor":7.0},{"not_picked":["ats:Collapsing Strike","ats:Rapid Magazine"],"picked":"ats:Hook Shot","floor":8.0},{"not_picked":["ats:Powerful Strike","ats:LN2 Cannon"],"picked":"ats:Defend Order","floor":10.0},{"not_picked":["ats:Very Hot Blade","ats:Blood Oath"],"picked":"ats:Burning Ground","floor":11},{"not_picked":["ats:Composite Medical Shells","ats:Cat Scratch"],"picked":"ats:Ambush","floor":12},{"not_picked":["ats:Magnetic Hammer","ats:Chain Hook"],"picked":"ats:Closed Bolt Burst Fire","floor":14},{"not_picked":["ats:Wolf Pack","ats:Ambush"],"picked":"ats:Volcano","floor":16},{"not_picked":["ats:Consecutive Shot Auto","ats:Very Hot Blade"],"picked":"ats:Support Order","floor":18},{"not_picked":["ats:Steam Pump+1","ats:Leaping Hammer+1","ats:Very Hot Blade"],"picked":"Singing Bowl","floor":20},{"not_picked":["ats:Very Hot Blade","ats:Closed Bolt Burst Fire+1","ats:Leaping Hammer"],"picked":"Singing Bowl","floor":22}],"player_experience":137221,"relics_obtained":[{"floor":9.0,"key":"Boot"},{"floor":10.0,"key":"ats:Originium"},{"floor":10.0,"key":"UnicornStump"},{"floor":12,"key":"ats:Originium"},{"floor":12,"key":"SalivaCoin"},{"floor":14,"key":"ats:Originium"},{"floor":14,"key":"Pear"}],"event_choices":[],"is_beta":false,"boss_relics":[{"not_picked":["Philosopher\u0027s Stone","Tiny House"],"picked":"REME_DuelDisc"},{"not_picked":[]}],"items_purged_floors":[3,13],"is_endless":false,"potions_floor_spawned":[1,8,11,12,14,20],"killed_by":"Gremlin Leader","ascension_level":0}}