{"host":"17eltwdkyvydzbrm","time":1611390702,"event":{"mods":["BaseMod","Better Vampires","Dota2Spire","Downfall","Minty Spire (QoL Compilation)","Robot Space Explorer","StSLib","noobMod","¡¾ÒÅÎï¿¨ÅÆ¡¿REMEMod","óô»ðÖ¸ÄÏ"],"gold_per_floor":[114,114,131,131,96,96,112,112,112,127,147,162,188,208,9,114,114,128,128,141,56,68,100,119,119,197,40,66,18,32,52,52,152,202,215,228,228,278,327,359,374,374,374,389,416,433,448,461,61,61,61,61,12,67,67],"floor_reached":56,"language":"ZHS","playtime":3633,"items_purged":["Strike_G"],"score":1305,"play_id":"e66ec387-6dbc-4573-ba37-cdc21b06dcc1","local_time":"20210123163142","is_ascension_mode":false,"campfire_choices":[{"floor":6,"key":"RECALL"},{"data":"Noxious Fumes","floor":8,"key":"SMITH"},{"floor":32,"key":"REST"},{"data":"Corpse Explosion","floor":52,"key":"SMITH"}],"circlet_count":0,"master_deck":["Strike_G","Strike_G","Strike_G","Strike_G+1","Defend_G","Defend_G","Defend_G","Defend_G","Survivor","Neutralize","REME_ProfessionalPlagiarism+1","Poisoned Stab","Glass Knife","Flying Knee","Noxious Fumes","Noxious Fumes+1","All Out Attack","Slice","Bouncing Flask","Deadly Poison","Outmaneuver","Venomology","Dodge and Roll","Corpse Explosion+1","Outmaneuver+1","Poisoned Stab","Well Laid Plans+1","Crippling Poison","Deadly Poison","Phantasmal Killer","Adrenaline","Deflect","Bane+1","Outmaneuver+1","Terror","Dash+1","Poisoned Stab+1","Finesse","REME_AllRoundStrike+1","REME_TwoStrings","Parasite","PiercingWail+1","Distraction","Flechettes+1","Die Die Die+1","REME_Flogging","Envenom"],"relics":["Ring of the Snake","ice","REME_ComplimentaryCards","NeowsBlessing","Strawberry","bronze:MakeshiftBattery","Snake Skull","Dota2Spire:DrumOfEndurance","Ancient Tea Set","The Specimen","Molten Egg 2","Strange Spoon","Incense Burner","Tiny House","Bird Faced Urn","Thread and Needle","REME_HourglassOfDeath","Dota2Spire:LinkenSphere","Shuriken","REME_CardOfGreed","Lantern"],"acts_visited":["Exordium","TheCity","TheBeyond","TheEnding"],"potions_floor_usage":[13,16,16,16,18,23,23,24,28,28,30,31,33,33,33,33,33,34,35,38,44,44,45,46,46,47,50,54,54],"damage_taken":[{"damage":0,"enemies":"Cultist","floor":1,"turns":1},{"damage":0,"enemies":"Small Slimes","floor":3,"turns":1},{"damage":0,"enemies":"2 Louse","floor":7,"turns":1},{"damage":14,"enemies":"Exordium Thugs","floor":10,"turns":4},{"damage":13,"enemies":"Large Slime","floor":11,"turns":4},{"damage":8,"enemies":"2 Fungi Beasts","floor":12,"turns":3},{"damage":1,"enemies":"Gremlin Nob","floor":13,"turns":3},{"damage":14,"enemies":"Blue Slaver","floor":14,"turns":3},{"damage":20,"enemies":"Hexaghost","floor":16,"turns":7},{"damage":6,"enemies":"Chosen","floor":18,"turns":4},{"damage":11,"enemies":"3 Byrds","floor":20,"turns":3},{"damage":28,"enemies":"Sentry and Sphere","floor":22,"turns":4},{"damage":29,"enemies":"Slavers","floor":23,"turns":3},{"damage":30,"enemies":"Snecko","floor":24,"turns":4},{"damage":8,"enemies":"Gremlin Leader","floor":28,"turns":4},{"damage":15,"enemies":"Snake Plant","floor":30,"turns":3},{"damage":2,"enemies":"Sentry and Sphere","floor":31,"turns":4},{"damage":28,"enemies":"Champ","floor":33,"turns":6},{"damage":3,"enemies":"3 Shapes","floor":35,"turns":2},{"damage":10,"enemies":"Orb Walker","floor":36,"turns":2},{"damage":3,"enemies":"Mind Bloom Boss Battle","floor":38,"turns":5},{"damage":0,"enemies":"2 Orb Walkers","floor":39,"turns":3},{"damage":0,"enemies":"Reptomancer","floor":40,"turns":4},{"damage":6,"enemies":"Sphere and 2 Shapes","floor":41,"turns":3},{"damage":11,"enemies":"Writhing Mass","floor":44,"turns":3},{"damage":0,"enemies":"Nemesis","floor":45,"turns":3},{"damage":0,"enemies":"Transient","floor":46,"turns":5},{"damage":4,"enemies":"Spire Growth","floor":47,"turns":3},{"damage":0,"enemies":"Jaw Worm Horde","floor":48,"turns":2},{"damage":23,"enemies":"Time Eater","floor":50,"turns":3},{"damage":22,"enemies":"Shield and Spear","floor":54,"turns":2},{"damage":62,"enemies":"The Heart","floor":55,"turns":5}],"seed_played":"6188926168934477699","potions_obtained":[{"floor":1,"key":"Strength Potion"},{"floor":11,"key":"PowerPotion"},{"floor":12,"key":"GhostInAJar"},{"floor":16,"key":"Dexterity Potion"},{"floor":22,"key":"SneckoOil"},{"floor":24,"key":"Dota2Spire:Clarity"},{"floor":31,"key":"Explosive Potion"},{"floor":33,"key":"EntropicBrew"},{"floor":34,"key":"Fruit Juice"},{"floor":38,"key":"Poison Potion"},{"floor":45,"key":"Dexterity Potion"},{"floor":46,"key":"REME_GoldPotion"}],"is_trial":false,"path_per_floor":["M","?","M","?","$","R","M","R","T","M","M","M","E","M","R","B",null,"M","?","M","?","M","E","M","?","T","R","E","$","M","M","R","B",null,"M","M","?","?","?","E","M","?","T","M","E","M","M","M","R","B",null,"R","$","E","B",null],"character_chosen":"THE_SILENT","items_purchased":["Noxious Fumes","Venomology","Dodge and Roll","LiquidMemories","Strange Spoon","Strength Potion","REME_Flogging","REME_CardOfGreed","PowerPotion"],"campfire_rested":1,"item_purchase_floors":[5,15,15,15,27,29,49,49,53],"current_hp_per_floor":[70,70,70,70,70,70,70,70,70,56,43,35,41,27,27,7,77,71,71,60,60,32,77,47,32,32,32,24,24,9,88,92,64,107,104,94,94,91,95,101,99,89,89,81,83,89,87,89,89,72,145,145,145,123,69],"gold":67,"neow_bonus":"THREE_ENEMY_KILL","is_daily":false,"chose_seed":false,"campfire_upgraded":2,"win_rate":0.0,"timestamp":1611390702,"path_taken":["M","?","M","?","$","R","?","R","T","M","M","M","E","M","R","BOSS","M","?","?","?","M","E","M","?","T","R","E","?","M","M","R","BOSS","M","M","?","?","?","E","M","?","T","?","E","M","M","M","R","BOSS","R","$","E","BOSS"],"items_purchased_type":["Card","Card","Card","Potion","Relic","Potion","Card","Relic","Potion"],"build_version":"2020-12-22","purchased_purges":1,"victory":true,"max_hp_per_floor":[70,70,70,70,70,70,70,70,70,70,70,70,77,77,77,77,77,77,77,77,77,77,77,79,84,84,84,87,87,90,92,92,97,107,110,111,111,117,121,125,128,128,128,129,132,137,139,141,141,145,145,145,145,148,197],"card_choices":[{"not_picked":["Bane","Finisher"],"picked":"Poisoned Stab","floor":1},{"not_picked":["Underhanded Strike","Escape Plan"],"picked":"Flying Knee","floor":3},{"not_picked":["Footwork","Poisoned Stab"],"picked":"Noxious Fumes","floor":7},{"not_picked":["Reflex","Flying Knee"],"picked":"All Out Attack","floor":10},{"not_picked":["Dagger Throw","Masterful Stab"],"picked":"Slice","floor":11},{"not_picked":["Dagger Spray","Infinite Blades"],"picked":"Bouncing Flask","floor":12},{"not_picked":["Infinite Blades","Well Laid Plans"],"picked":"Deadly Poison","floor":13},{"not_picked":["PiercingWail","Acrobatics"],"picked":"Outmaneuver","floor":14},{"not_picked":["Die Die Die","Glass Knife"],"picked":"Corpse Explosion","floor":16},{"not_picked":["Underhanded Strike","Well Laid Plans"],"picked":"Outmaneuver+1","floor":18},{"not_picked":["Acrobatics","Infinite Blades+1"],"picked":"Poisoned Stab","floor":20},{"not_picked":["Sucker Punch","Dodge and Roll"],"picked":"Well Laid Plans","floor":22},{"not_picked":["Backstab","Blade Dance","Riddle With Holes"],"picked":"SKIP","floor":23},{"not_picked":["Sucker Punch+1","Slice+1"],"picked":"Crippling Poison","floor":24},{"not_picked":["Sucker Punch+1","Acrobatics"],"picked":"Deadly Poison","floor":28},{"not_picked":["Sucker Punch+1","Choke+1"],"picked":"Phantasmal Killer","floor":30},{"not_picked":["Backstab+1","Underhanded Strike+1"],"picked":"Heel Hook+1","floor":31},{"not_picked":["REME_ShadowForm","Corpse Explosion"],"picked":"Adrenaline","floor":33},{"not_picked":["Prepared","All Out Attack+1"],"picked":"Deflect","floor":34},{"not_picked":["Underhanded Strike+1","Dodge and Roll+1"],"picked":"Bane+1","floor":35},{"not_picked":["Quick Slash+1","Tactician+1"],"picked":"Outmaneuver+1","floor":36},{"not_picked":["Leg Sweep+1","Slice+1"],"picked":"Terror","floor":38},{"not_picked":["Dodge and Roll","Endless Agony+1"],"picked":"Dash+1","floor":39},{"not_picked":["Riddle With Holes+1","Quick Slash+1"],"picked":"Poisoned Stab+1","floor":40},{"not_picked":["Skewer+1","Blade Dance+1","Acrobatics"],"picked":"SKIP","floor":41},{"not_picked":["Impatience","Dark Shackles"],"picked":"Finesse","floor":42},{"not_picked":["Master of Strategy","Discovery"],"picked":"REME_AllRoundStrike+1","floor":42},{"not_picked":["Master of Strategy","Secret Weapon"],"picked":"REME_TwoStrings","floor":42},{"not_picked":["Underhanded Strike+1","Well Laid Plans+1"],"picked":"PiercingWail+1","floor":44},{"not_picked":["Well Laid Plans","Underhanded Strike+1"],"picked":"Distraction","floor":45},{"not_picked":["Outmaneuver+1","Eviscerate+1"],"picked":"Flechettes+1","floor":46},{"not_picked":["PiercingWail","Dodge and Roll"],"picked":"Die Die Die+1","floor":47},{"not_picked":["Slice+1","Quick Slash+1","Heel Hook+1"],"picked":"SKIP","floor":48},{"not_picked":["Blade Dance","Noxious Fumes"],"picked":"Envenom","floor":54}],"player_experience":32282,"relics_obtained":[{"floor":13,"key":"Strawberry"},{"floor":23,"key":"The Specimen"},{"floor":26,"key":"Molten Egg 2"},{"floor":28,"key":"Incense Burner"},{"floor":38,"key":"Bird Faced Urn"},{"floor":39,"key":"Thread and Needle"},{"floor":40,"key":"REME_HourglassOfDeath"},{"floor":43,"key":"Dota2Spire:LinkenSphere"},{"floor":45,"key":"Shuriken"},{"floor":54,"key":"Lantern"}],"event_choices":[{"damage_healed":0,"gold_gain":0,"cards_transformed":["Defend_G"],"player_choice":"Change","damage_taken":0,"max_hp_gain":0,"max_hp_loss":0,"event_name":"Living Wall","floor":2,"gold_loss":0,"cards_obtained":["Glass Knife"]},{"damage_healed":0,"gold_gain":0,"player_choice":"Forge","damage_taken":0,"max_hp_gain":0,"max_hp_loss":0,"event_name":"Accursed Blacksmith","floor":4,"gold_loss":0,"cards_upgraded":["REME_ProfessionalPlagiarism"]},{"damage_healed":0,"gold_gain":0,"player_choice":"Gave Potion","damage_taken":0,"relics_obtained":["Dota2Spire:DrumOfEndurance"],"max_hp_gain":0,"max_hp_loss":0,"event_name":"WeMeetAgain","floor":19,"gold_loss":0},{"damage_healed":0,"gold_gain":0,"player_choice":"Obtained Relic","damage_taken":0,"relics_obtained":["Ancient Tea Set"],"max_hp_gain":0,"max_hp_loss":0,"event_name":"Addict","floor":21,"gold_loss":85},{"damage_healed":0,"gold_gain":0,"player_choice":"Shed Blood","damage_taken":20,"max_hp_gain":5,"max_hp_loss":0,"event_name":"Forgotten Altar","floor":25,"gold_loss":0},{"cards_removed":["Heel Hook"],"damage_healed":0,"gold_gain":0,"player_choice":"Removed Attack","damage_taken":0,"max_hp_gain":0,"max_hp_loss":0,"event_name":"Falling","floor":37,"gold_loss":0},{"damage_healed":0,"gold_gain":0,"player_choice":"Fight","damage_taken":0,"max_hp_gain":0,"max_hp_loss":0,"event_name":"MindBloom","floor":38,"gold_loss":0},{"damage_healed":0,"gold_gain":0,"player_choice":"Fight","damage_taken":0,"max_hp_gain":0,"max_hp_loss":0,"event_name":"Mysterious Sphere","floor":39,"gold_loss":0},{"damage_healed":0,"gold_gain":0,"player_choice":"Memory 3","damage_taken":10,"max_hp_gain":0,"max_hp_loss":0,"event_name":"SensoryStone","floor":42,"gold_loss":0}],"is_beta":false,"boss_relics":[{"not_picked":["Dota2Spire:Bloodstone","Philosopher\u0027s Stone"],"picked":"bronze:MakeshiftBattery"},{"not_picked":["Runic Pyramid","Velvet Choker"],"picked":"Tiny House"}],"items_purged_floors":[49],"is_endless":false,"potions_floor_spawned":[1,11,12,16,22,24,31,33,38,40,45,46],"ascension_level":0}}