{"host":"9gwavclf33b2mpxe","time":1611403355,"event":{"mods":["BaseMod","Bestiary","Block Reminder","Colored Map","Colored Powertips","Downfall","Highlight Path","Minty Spire (QoL Compilation)","Permanent Neow","Quick Restart","Relic Stats","StSLib","SuperFastMode"],"gold_per_floor":[99,113,113,131,151,180,205,222,254,270,10,37,37,50,64,168,168,68,83,103,103,158,158,184,184,184,251,151,4,72,212,268,412,412,312,366,366,422,98,153,153,153,206,279,279,344,344,344,404,444,444,475,39,39,39,39],"floor_reached":57,"language":"ENG","playtime":5271,"items_purged":["Perfected Strike","Strike_R","Strike_R+1"],"score":1122,"play_id":"64edfc9d-00e0-495b-aee1-b5b15caf4760","local_time":"20210123200235","is_ascension_mode":false,"campfire_choices":[{"floor":1.0,"key":"RECALL"},{"data":"Armaments","floor":13.0,"key":"SMITH"},{"data":"Limit Break","floor":18.0,"key":"SMITH"},{"data":"expansioncontent:Chronoboost","floor":23.0,"key":"SMITH"},{"data":"Seeing Red","floor":28.0,"key":"SMITH"},{"data":"Heavy Blade","floor":35.0,"key":"SMITH"},{"data":"True Grit","floor":42.0,"key":"SMITH"},{"floor":45.0,"key":"REST"},{"floor":47.0,"key":"REST"},{"floor":54.0,"key":"REST"}],"circlet_count":0,"master_deck":["Defend_R+1","Defend_R+1","Defend_R+1","Defend_R+1","Uppercut+1","Flex+1","Heavy Blade+1","Limit Break+1","Armaments+1","Warcry+1","Metallicize+1","expansioncontent:Chronoboost+1","Seeing Red+1","Battle Trance+1","Shrug It Off+1","Double Tap+1","Flame Barrier+1","Thunderclap+1","Dual Wield+1","Seeing Red+1","Warcry+1","Impervious+1","Flex+1","True Grit+1","Dark Embrace+1","Fire Breathing+1","Bloodletting+1","Barricade+1"],"relics":["expansioncontent:StudyCardRelic","Lantern","War Paint","Happy Flower","Bronze Scales","bronze:MakeshiftBattery","downfall:KnowingSkull","Enchiridion","Nunchaku","Brimstone","Self Forming Clay","Guardian:PocketSentry","Champion Belt","Frozen Egg 2","Empty Cage","champ:DeflectingBracers","Darkstone Periapt","Pen Nib","Shuriken","Mummified Hand","TheAbacus"],"acts_visited":["Exordium","TheCity","TheBeyond","TheEnding"],"potions_floor_usage":[56],"damage_taken":[{"damage":2.0,"enemies":"Small Slimes","floor":2.0,"turns":3.0},{"damage":4.0,"enemies":"Cultist","floor":4.0,"turns":5.0},{"damage":3.0,"enemies":"2 Louse","floor":5.0,"turns":2.0},{"damage":11.0,"enemies":"Lagavulin","floor":6.0,"turns":5.0},{"damage":0.0,"enemies":"Blue Slaver","floor":8.0,"turns":3.0},{"damage":24.0,"enemies":"Gremlin Nob","floor":9.0,"turns":4.0},{"damage":5.0,"enemies":"Red Slaver","floor":10.0,"turns":3.0},{"damage":0.0,"enemies":"downfall:FleeingMerchant","floor":11.0,"turns":4.0},{"damage":24.0,"enemies":"3 Sentries","floor":12.0,"turns":6.0},{"damage":0.0,"enemies":"Blue Slaver","floor":14.0,"turns":3.0},{"damage":8.0,"enemies":"Exordium Wildlife","floor":15.0,"turns":3.0},{"damage":9.0,"enemies":"IC_STATUS_ARCHETYPE","floor":16.0,"turns":4.0},{"damage":2.0,"enemies":"3 Byrds","floor":19.0,"turns":3.0},{"damage":0.0,"enemies":"Centurion and Healer","floor":20.0,"turns":4.0},{"damage":3.0,"enemies":"Shelled Parasite and Fungi","floor":22.0,"turns":4.0},{"damage":3.0,"enemies":"Gremlin Leader","floor":27.0,"turns":4.0},{"damage":3.0,"enemies":"downfall:FleeingMerchant","floor":29.0,"turns":3.0},{"damage":7.0,"enemies":"Slavers","floor":30.0,"turns":4.0},{"damage":4.0,"enemies":"Colosseum Nobs","floor":31.0,"turns":3.0},{"damage":19.0,"enemies":"Snake Plant","floor":32.0,"turns":2.0},{"damage":15.0,"enemies":"WA_ARCHETYPE_CALM","floor":33.0,"turns":5.0},{"damage":3.0,"enemies":"3 Darklings","floor":36.0,"turns":3.0},{"damage":5.0,"enemies":"3 Shapes","floor":38.0,"turns":2.0},{"damage":4.0,"enemies":"Spire Growth","floor":40.0,"turns":3.0},{"damage":5.0,"enemies":"4 Shapes","floor":43.0,"turns":3.0},{"damage":11.0,"enemies":"Nemesis","floor":44.0,"turns":5.0},{"damage":3.0,"enemies":"Giant Head","floor":46.0,"turns":5.0},{"damage":3.0,"enemies":"Writhing Mass","floor":49.0,"turns":3.0},{"damage":13.0,"enemies":"DF_ARCHETYPE_ORBS","floor":50.0,"turns":4.0},{"damage":5.0,"enemies":"downfall:CharBossMerchant","floor":52.0,"turns":4.0},{"damage":14.0,"enemies":"downfall:NeowBoss","floor":55.0,"turns":8.0},{"damage":23,"enemies":"downfall:NeowBoss","floor":56,"turns":19}],"seed_played":"-5074384462786214885","potions_obtained":[{"floor":4.0,"key":"FearPotion"},{"floor":5.0,"key":"SteroidPotion"},{"floor":6.0,"key":"Weak Potion"},{"floor":14.0,"key":"BloodPotion"},{"floor":16.0,"key":"SneckoOil"},{"floor":19.0,"key":"EntropicBrew"},{"floor":20.0,"key":"Fire Potion"},{"floor":27.0,"key":"sneckomod:MuddlingPotion"},{"floor":30.0,"key":"SneckoOil"},{"floor":32.0,"key":"Explosive Potion"},{"floor":40.0,"key":"Swift Potion"},{"floor":43.0,"key":"bronze:BurnAndBuffPotion"}],"is_trial":false,"path_per_floor":["R","M","?","M","M","E","T","M","E","M","$","E","R","M","M","B",null,"R","M","M","?","M","R","T","?","?","E","R","$","E","?","M","B",null,"R","M","?","M","$","M","T","R","M","E","R","E","R","?","M","B",null,"E","$","R","B","B",null],"character_chosen":"IRONCLAD","items_purchased":["Metallicize","expansioncontent:Chronoboost","Brimstone","Self Forming Clay","champ:DeflectingBracers","True Grit","Barricade+1","TheAbacus"],"campfire_rested":3,"item_purchase_floors":[11,11,29,29,39,39,53,53],"current_hp_per_floor":[80,78,78,74,71,60,60,60,36,31,41,17,17,17,25,16,80,80,78,78,73,70,70,70,54,54,51,61,58,51,47,28,13,90,90,87,80,75,75,71,71,71,66,55,79,76,80,80,77,64,80,75,75,80,66,57],"gold":39,"neow_bonus":"BOSS_RELIC","is_daily":false,"chose_seed":false,"campfire_upgraded":6,"win_rate":0.0,"timestamp":1611403355,"path_taken":["R","M","?","M","M","E","T","?","E","M","?","E","R","M","M","BOSS","R","M","M","?","?","R","T","?","?","E","R","$","E","?","M","BOSS","R","M","?","M","$","M","T","R","M","E","R","E","R","?","M","BOSS","E","$","R","BOSS","BOSS"],"items_purchased_type":["Card","Card","Relic","Relic","Relic","Card","Card","Relic"],"build_version":"2020-12-22","purchased_purges":3,"victory":true,"max_hp_per_floor":[80,80,80,80,80,80,80,80,80,80,80,80,80,80,80,80,80,80,80,80,80,80,80,80,80,80,80,90,90,90,90,90,90,90,90,90,80,80,80,80,80,80,80,80,80,80,80,80,80,80,80,80,80,80,80,80],"relic_stats":{"Darkstone Periapt":0,"Happy Flower":[38],"counters":[32,136],"Self Forming Clay":[123],"Pen Nib":[4],"War Paint":["Defend_R","Defend_R"],"Nunchaku":[9],"TheAbacus":[54],"Shuriken":[2],"Mummified Hand":[28],"Bronze Scales":[210],"Champion Belt":[33],"obtain_stats":[{"Darkstone Periapt":41,"Lantern":6,"Enchiridion":25,"downfall:HeartBlessingGreen":35,"expansioncontent:StudyCardRelic":0,"Empty Cage":34,"Burning Blood":0,"Nunchaku":27,"TheAbacus":53,"downfall:HeartBlessingBlue":28,"Mummified Hand":52,"downfall:KnowingSkull":21,"Happy Flower":9,"downfall:HeartBlessingRed":18,"Self Forming Clay":29,"champ:DeflectingBracers":39,"Pen Nib":44,"Guardian:PocketSentry":30,"War Paint":7,"Frozen Egg 2":31,"Brimstone":29,"Shuriken":46,"Bronze Scales":12,"Champion Belt":31,"bronze:MakeshiftBattery":17},{"Darkstone Periapt":24,"Lantern":4,"Enchiridion":15,"downfall:HeartBlessingGreen":21,"expansioncontent:StudyCardRelic":0,"Empty Cage":21,"Burning Blood":0,"Nunchaku":16,"TheAbacus":30,"downfall:HeartBlessingBlue":16,"Mummified Hand":30,"downfall:KnowingSkull":14,"Happy Flower":6,"downfall:HeartBlessingRed":12,"Self Forming Clay":17,"champ:DeflectingBracers":23,"Pen Nib":26,"Guardian:PocketSentry":18,"War Paint":4,"Frozen Egg 2":19,"Brimstone":17,"Shuriken":27,"Bronze Scales":9,"Champion Belt":19,"bronze:MakeshiftBattery":12},{"Darkstone Periapt":85,"Lantern":15,"Enchiridion":56,"downfall:HeartBlessingGreen":77,"expansioncontent:StudyCardRelic":0,"Empty Cage":77,"Burning Blood":0,"Nunchaku":60,"TheAbacus":109,"downfall:HeartBlessingBlue":60,"Mummified Hand":109,"downfall:KnowingSkull":52,"Happy Flower":22,"downfall:HeartBlessingRed":45,"Self Forming Clay":63,"champ:DeflectingBracers":82,"Pen Nib":93,"Guardian:PocketSentry":67,"War Paint":15,"Frozen Egg 2":70,"Brimstone":63,"Shuriken":98,"Bronze Scales":35,"Champion Belt":70,"bronze:MakeshiftBattery":45}]},"card_choices":[{"not_picked":["Flame Barrier","Dark Embrace"],"picked":"Uppercut","floor":2.0},{"not_picked":["Metallicize","Second Wind"],"picked":"Flex","floor":4.0},{"not_picked":["Anger","Dropkick"],"picked":"Perfected Strike","floor":5.0},{"not_picked":["Entrench","Headbutt"],"picked":"Heavy Blade","floor":6.0},{"not_picked":["Heavy Blade","Burning Pact"],"picked":"Limit Break","floor":8.0},{"not_picked":["Infernal Blade","Dual Wield","True Grit"],"picked":"SKIP","floor":9.0},{"not_picked":["Flex","Twin Strike"],"picked":"Armaments","floor":10.0},{"not_picked":["Body Slam","Power Through"],"picked":"Warcry","floor":11.0},{"not_picked":["Sword Boomerang","Pommel Strike"],"picked":"Seeing Red","floor":12.0},{"not_picked":["Seeing Red","Uppercut"],"picked":"Battle Trance","floor":14.0},{"not_picked":["Cleave","Twin Strike"],"picked":"Shrug It Off","floor":15.0},{"not_picked":["Fiend Fire","Offering"],"picked":"Double Tap","floor":16.0},{"not_picked":["Anger+1","Ghostly Armor","Carnage"],"picked":"SKIP","floor":19.0},{"not_picked":["Thunderclap","Ghostly Armor"],"picked":"Flame Barrier","floor":20.0},{"not_picked":["Clothesline","Iron Wave","Dual Wield"],"picked":"SKIP","floor":22.0},{"not_picked":["Dropkick","Armaments","Juggernaut"],"picked":"SKIP","floor":27.0},{"not_picked":["Juggernaut","Searing Blow"],"picked":"Thunderclap","floor":29.0},{"not_picked":["Clothesline","Clash+1"],"picked":"Dual Wield+1","floor":30.0},{"not_picked":["Armaments+1","Dual Wield"],"picked":"Seeing Red+1","floor":31.0},{"not_picked":["Perfected Strike","Combust+1"],"picked":"Warcry+1","floor":32.0},{"not_picked":["Brutality+1","Juggernaut+1"],"picked":"Impervious","floor":33.0},{"not_picked":["Hemokinesis","Warcry"],"picked":"Flex+1","floor":36.0},{"not_picked":["Power Through+1","Reckless Charge+1","Twin Strike+1"],"picked":"SKIP","floor":38.0},{"not_picked":["Sword Boomerang+1","Armaments+1","Shrug It Off"],"picked":"SKIP","floor":40.0},{"not_picked":["Cleave","Thunderclap+1","Clash"],"picked":"SKIP","floor":43.0},{"not_picked":["Iron Wave+1","Anger+1"],"picked":"Dark Embrace+1","floor":44.0},{"not_picked":["Reckless Charge+1","Searing Blow+1","Perfected Strike+1"],"picked":"SKIP","floor":46.0},{"not_picked":["Clash+1","Anger+1"],"picked":"Fire Breathing+1","floor":49.0},{"not_picked":["Reaper","Shrug It Off+1"],"picked":"Bloodletting+1","floor":52.0}],"player_experience":117728,"relics_obtained":[{"floor":6.0,"key":"Lantern"},{"floor":7.0,"key":"War Paint"},{"floor":9.0,"key":"Happy Flower"},{"floor":12.0,"key":"Bronze Scales"},{"floor":25.0,"key":"Enchiridion"},{"floor":27.0,"key":"Nunchaku"},{"floor":30.0,"key":"Guardian:PocketSentry"},{"floor":31.0,"key":"Champion Belt"},{"floor":31.0,"key":"Frozen Egg 2"},{"floor":41.0,"key":"Darkstone Periapt"},{"floor":44.0,"key":"Pen Nib"},{"floor":46.0,"key":"Shuriken"},{"floor":52.0,"key":"Mummified Hand"}],"event_choices":[{"cards_removed":["Bash"],"damage_healed":0.0,"max_hp_gain":0.0,"max_hp_loss":0.0,"gold_gain":0.0,"event_name":"Bonfire Elementals","player_choice":"Offered Basic","floor":3.0,"gold_loss":0.0,"damage_taken":0.0},{"damage_healed":0.0,"max_hp_gain":0.0,"max_hp_loss":0.0,"gold_gain":0.0,"event_name":"Accursed Blacksmith","player_choice":"Ignored","floor":48.0,"gold_loss":0.0,"damage_taken":0.0}],"is_beta":false,"boss_relics":[{"not_picked":["Astrolabe","Coffee Dripper"],"picked":"bronze:MakeshiftBattery"},{"not_picked":["Black Star","Tiny House"],"picked":"Empty Cage"}],"items_purged_floors":[11,29,53],"is_endless":false,"potions_floor_spawned":[4,5,6,14,16,19,20,27,30,32,40,43,46],"ascension_level":0}}