{"host":"irrizrmw64do51k7","time":1611418584,"event":{"mods":["AchievementEnabler","BaseMod","Better Altar","Better Match","Better Note","Better Sensory Stone","Better Skull","Better Third Choice","BetterRewards","Card Forge","Colored Map","Colored Powertips","Curses Come First","DeckTracker","Good Game Mod","Hubris","Infinite Spire","Minty Spire (QoL Compilation)","Quick Restart","Relic Stats","Replay The Spire","Shop Mod","StSLib"],"gold_per_floor":[117,133,148,165,182,216,216,194,194,194,194],"floor_reached":10,"language":"ENG","playtime":389,"items_purged":[],"score":98,"play_id":"9a5c3bb1-c21c-40e6-afa3-385b0abdb31e","local_time":"20210123081624","is_ascension_mode":true,"campfire_choices":[{"floor":7,"key":"REST"}],"circlet_count":0,"master_deck":["Strike_G","Strike_G","Strike_G","Strike_G","Strike_G","Defend_G","Defend_G","Defend_G","Defend_G","Defend_G","Survivor","Neutralize","Poison Darts","PiercingWail","Infinite Blades","PiercingWail","ReplayTheSpireMod:Shiv Toss","Cloak And Dagger","Bane"],"relics":["Ring of the Snake","Hammer of Thor","Seething Fire","Anvil of the Gods","REME:ComplimentaryCards","infinitespire:Lucky Rock"],"acts_visited":["Exordium"],"potions_floor_usage":[6,6,10,10],"damage_taken":[{"damage":2,"enemies":"Cultist","floor":1,"turns":4},{"damage":5,"enemies":"Jaw Worm","floor":2,"turns":5},{"damage":7,"enemies":"infinitespire:Voidling","floor":3,"turns":4},{"damage":16,"enemies":"Exordium Wildlife","floor":4,"turns":5},{"damage":7,"enemies":"Lots of Slimes","floor":5,"turns":5},{"damage":31,"enemies":"Gremlin Nob","floor":6,"turns":5},{"damage":27,"enemies":"3 Sentries","floor":10,"turns":4}],"seed_played":"5911050924973379609","potions_obtained":[{"floor":2,"key":"Toxic Potion"},{"floor":4,"key":"CultistPotion"},{"floor":5,"key":"Milkshake"},{"floor":6,"key":"LiquidBronze"}],"is_trial":false,"path_per_floor":["M","M","M","M","M","E","R","?","T","E"],"character_chosen":"THE_SILENT","items_purchased":[],"campfire_rested":1,"item_purchase_floors":[],"current_hp_per_floor":[68,63,56,40,33,2,25,25,25,0,0],"gold":194,"neow_bonus":"TEN_PERCENT_HP_BONUS","is_daily":false,"chose_seed":false,"campfire_upgraded":0,"win_rate":0.0,"timestamp":1611418584,"path_taken":["M","M","M","M","M","E","R","?","T","E"],"items_purchased_type":[],"build_version":"2020-12-22","purchased_purges":0,"victory":false,"max_hp_per_floor":[77,77,77,77,77,77,77,77,77,77,77],"relic_stats":{"counters":[205,689],"obtain_stats":[{"TwistedFunnel":0,"Golden Egg":6,"Ginger":75,"Whetstone":157,"Boot":6,"Sling":36,"Old Coin":27,"Replay:Wanted Poster":121,"Blood Vial":131,"infinitespire:ShieldingShard":26,"infinitespire:Golems Mask":45,"MerchantsRug":106,"Pear":26,"Eternal Feather":43,"Pen Nib":26,"infinitespire:Magic Flask":43,"Akabeko":60,"Cables":0,"SlaversCollar":51,"infinitespire:Lychee Nut":0,"Bird Faced Urn":42,"Unceasing Top":9,"Ring of the Serpent":34,"infinitespire:PuzzleCube":25,"Regal Pillow":76,"Lantern":148,"Torii":38,"animator:TheMissingPiece":0,"Bag of Preparation":27,"Matryoshka":9,"WristBlade":87,"infinitespire:Bottled Soul":76,"WingedGreaves":40,"InkBottle":57,"Ring of the Snake":0,"Potion Belt":96,"NeowsBlessing":0,"Golden Idol":112,"Thread and Needle":90,"infinitespire:Joker Card":12,"PreservedInsect":125,"Omamori":79,"Seething Fire":0,"infinitespire:CheckeredPen":0,"infinitespire:Lucky Rock":22,"Frozen Egg 2":77,"MawBank":110,"Nuclear Battery":17,"Busted Crown":34,"animator:LivingPicture":0,"Turnip":0,"Art of War":74,"Durian":30,"Bottled Lightning":56,"ReplayTheSpireMod:Ring of Challenge":143,"ReplayTheSpireMod:Lightbulb":142,"Toy Ornithopter":145,"infinitespire:Freezer":38,"infinitespire:Midas Blood":59,"Ice Cream":0,"Divine Protection":0,"Calipers":0,"Tiny House":17,"Gremlin Horn":27,"infinitespire:BlackEgg":154,"Hammer of Thor":0,"Centennial Puzzle":8,"infinitespire:SolderingIron":40,"Iron Hammer":116,"Happy Flower":11,"ReplayTheSpireMod:CursedCoin":0,"Astrolabe":70,"Oddly Smooth Stone":0,"infinitespire:Beetle Shell":10,"Du-Vu Doll":27,"Replay:Baseball":130,"Bottled Flame":37,"Anvil of the Gods":0,"Shuriken":30,"Bronze Scales":43,"Simple Rune":132,"Molten Egg 2":28,"infinitespire:EmpoweringShard":7,"SacredBark":138,"Snake Skull":129,"Incense Burner":80,"Juzu Bracelet":94,"Empty Cage":68,"Tough Bandages":29,"Replay:Bandana":118,"Chameleon Ring":147,"Mummified Hand":67,"Gambling Chip":0,"Tiny Chest":0,"Red Mask":21,"Cracked Core":21,"Replay:Towering Pillar of Hats":0,"Guide Book":157,"Odd Mushroom":65,"Orichalcum":6,"Mercury Hourglass":90,"Peace Pipe":0,"REME:ComplimentaryCards":0,"CaptainsWheel":0,"DataDisk":48,"Anchor":62,"infinitespire:WardingShard":0,"ChewingGum":155,"Bag of Marbles":0,"Membership Card":12,"TungstenRod":0,"FossilizedHelix":20},{"TwistedFunnel":70,"Golden Egg":182,"Ginger":110,"Whetstone":150,"Boot":28,"Sling":174,"Old Coin":86,"Replay:Wanted Poster":134,"Blood Vial":139,"infinitespire:ShieldingShard":40,"infinitespire:Golems Mask":96,"MerchantsRug":129,"Pear":169,"Eternal Feather":50,"Pen Nib":85,"infinitespire:Magic Flask":96,"Akabeko":104,"Cables":3,"SlaversCollar":98,"infinitespire:Lychee Nut":70,"Bird Faced Urn":96,"Unceasing Top":10,"Ring of the Serpent":91,"infinitespire:PuzzleCube":169,"Regal Pillow":111,"Lantern":147,"Torii":47,"animator:TheMissingPiece":0,"Bag of Preparation":19,"Matryoshka":29,"WristBlade":119,"infinitespire:Bottled Soul":69,"WingedGreaves":95,"InkBottle":58,"Ring of the Snake":0,"Potion Belt":124,"NeowsBlessing":0,"Golden Idol":131,"Thread and Needle":121,"infinitespire:Joker Card":12,"PreservedInsect":137,"Omamori":113,"Seething Fire":0,"infinitespire:CheckeredPen":3,"infinitespire:Lucky Rock":18,"Frozen Egg 2":69,"MawBank":131,"Nuclear Battery":34,"Busted Crown":45,"animator:LivingPicture":0,"Turnip":3,"Art of War":68,"Durian":194,"Bottled Lightning":57,"ReplayTheSpireMod:Ring of Challenge":145,"ReplayTheSpireMod:Lightbulb":145,"Toy Ornithopter":146,"infinitespire:Freezer":47,"infinitespire:Midas Blood":104,"Ice Cream":3,"Divine Protection":152,"Calipers":3,"Tiny House":15,"Gremlin Horn":170,"infinitespire:BlackEgg":150,"Hammer of Thor":0,"Centennial Puzzle":10,"infinitespire:SolderingIron":48,"Iron Hammer":132,"Happy Flower":77,"ReplayTheSpireMod:CursedCoin":152,"Astrolabe":107,"Oddly Smooth Stone":70,"infinitespire:Beetle Shell":30,"Du-Vu Doll":41,"Replay:Baseball":139,"Bottled Flame":175,"Anvil of the Gods":0,"Shuriken":172,"Bronze Scales":50,"Simple Rune":140,"Molten Egg 2":193,"infinitespire:EmpoweringShard":10,"SacredBark":143,"Snake Skull":139,"Incense Burner":114,"Juzu Bracelet":124,"Empty Cage":63,"Tough Bandages":88,"Replay:Bandana":133,"Chameleon Ring":146,"Mummified Hand":106,"Gambling Chip":3,"Tiny Chest":152,"Red Mask":18,"Cracked Core":18,"Replay:Towering Pillar of Hats":152,"Guide Book":150,"Odd Mushroom":62,"Orichalcum":75,"Mercury Hourglass":121,"Peace Pipe":152,"REME:ComplimentaryCards":0,"CaptainsWheel":3,"DataDisk":52,"Anchor":60,"infinitespire:WardingShard":152,"ChewingGum":150,"Bag of Marbles":152,"Membership Card":77,"TungstenRod":70,"FossilizedHelix":81},{"TwistedFunnel":242,"Golden Egg":600,"Ginger":367,"Whetstone":476,"Boot":104,"Sling":564,"Old Coin":294,"Replay:Wanted Poster":443,"Blood Vial":450,"infinitespire:ShieldingShard":146,"infinitespire:Golems Mask":333,"MerchantsRug":428,"Pear":545,"Eternal Feather":188,"Pen Nib":292,"infinitespire:Magic Flask":333,"Akabeko":356,"Cables":5,"SlaversCollar":341,"infinitespire:Lychee Nut":242,"Bird Faced Urn":333,"Unceasing Top":25,"Ring of the Serpent":316,"infinitespire:PuzzleCube":545,"Regal Pillow":370,"Lantern":467,"Torii":175,"animator:TheMissingPiece":0,"Bag of Preparation":71,"Matryoshka":108,"WristBlade":396,"infinitespire:Bottled Soul":241,"WingedGreaves":328,"InkBottle":210,"Ring of the Snake":0,"Potion Belt":413,"NeowsBlessing":0,"Golden Idol":432,"Thread and Needle":403,"infinitespire:Joker Card":33,"PreservedInsect":447,"Omamori":376,"Seething Fire":0,"infinitespire:CheckeredPen":5,"infinitespire:Lucky Rock":63,"Frozen Egg 2":241,"MawBank":432,"Nuclear Battery":125,"Busted Crown":170,"animator:LivingPicture":0,"Turnip":5,"Art of War":236,"Durian":644,"Bottled Lightning":208,"ReplayTheSpireMod:Ring of Challenge":462,"ReplayTheSpireMod:Lightbulb":462,"Toy Ornithopter":465,"infinitespire:Freezer":175,"infinitespire:Midas Blood":356,"Ice Cream":5,"Divine Protection":485,"Calipers":5,"Tiny House":51,"Gremlin Horn":550,"infinitespire:BlackEgg":476,"Hammer of Thor":0,"Centennial Puzzle":25,"infinitespire:SolderingIron":180,"Iron Hammer":435,"Happy Flower":266,"ReplayTheSpireMod:CursedCoin":485,"Astrolabe":363,"Oddly Smooth Stone":242,"infinitespire:Beetle Shell":111,"Du-Vu Doll":151,"Replay:Baseball":450,"Bottled Flame":569,"Anvil of the Gods":0,"Shuriken":556,"Bronze Scales":188,"Simple Rune":452,"Molten Egg 2":642,"infinitespire:EmpoweringShard":25,"SacredBark":459,"Snake Skull":450,"Incense Burner":378,"Juzu Bracelet":413,"Empty Cage":222,"Tough Bandages":303,"Replay:Bandana":436,"Chameleon Ring":465,"Mummified Hand":358,"Gambling Chip":5,"Tiny Chest":485,"Red Mask":63,"Cracked Core":63,"Replay:Towering Pillar of Hats":485,"Guide Book":476,"Odd Mushroom":218,"Orichalcum":259,"Mercury Hourglass":403,"Peace Pipe":485,"REME:ComplimentaryCards":0,"CaptainsWheel":5,"DataDisk":193,"Anchor":214,"infinitespire:WardingShard":485,"ChewingGum":476,"Bag of Marbles":485,"Membership Card":266,"TungstenRod":242,"FossilizedHelix":281}],"Ring of the Snake":[58]},"card_choices":[{"not_picked":["Underhanded Strike","Catalyst"],"picked":"PiercingWail","floor":1},{"not_picked":["Underhanded Strike","Hidden Blade"],"picked":"Infinite Blades","floor":2},{"not_picked":["Outmaneuver","Crippling Poison"],"picked":"PiercingWail","floor":3},{"not_picked":["Prepared","Predator"],"picked":"ReplayTheSpireMod:Shiv Toss","floor":4},{"not_picked":["Catalyst","Flying Knee"],"picked":"Cloak And Dagger","floor":5},{"not_picked":["ReplayTheSpireMod:The Works","Dodge and Roll"],"picked":"Bane","floor":6}],"player_experience":523276,"relics_obtained":[{"floor":6,"key":"infinitespire:Lucky Rock"}],"event_choices":[{"damage_healed":0,"gold_gain":0,"player_choice":"Left","damage_taken":0,"max_hp_gain":0,"max_hp_loss":0,"event_name":"betterThird:BetterGoop","floor":8,"gold_loss":22}],"is_beta":false,"boss_relics":[],"items_purged_floors":[],"is_endless":false,"potions_floor_spawned":[2,4,5,6],"killed_by":"3 Sentries","ascension_level":8}}