{"host":"v3mpq6flurzldi5g","time":1611362525,"event":{"mods":["AchievementEnabler","BaseMod","Colored Powertips","Highlight Path","Jorbs\u0027s Wanderer Trilogy","Minty Spire (QoL Compilation)","StSLib"],"gold_per_floor":[111,111,128,144,157,157,186,186,186,198,198,213,213,213,213,337,337,351,351,351,351,351,351,390,390,390,413,413,263,263,263,263,383,383,396,396,420,20,36,36,36,36,36,36,49,49,73,116,116,116],"floor_reached":51,"language":"ENG","playtime":2534,"items_purged":[],"score":1137,"play_id":"755b5760-e9d1-46f1-a3ca-00e0a64380ca","local_time":"20210122194205","is_ascension_mode":true,"campfire_choices":[{"data":"Defend_B","floor":6.0,"key":"SMITH"},{"floor":8.0,"key":"REST"},{"floor":15.0,"key":"REST"},{"data":"Chaos","floor":23.0,"key":"SMITH"},{"floor":25.0,"key":"REST"},{"data":"Echo Form","floor":32.0,"key":"SMITH"},{"floor":40.0,"key":"REST"},{"data":"Conserve Battery","floor":42.0,"key":"SMITH"},{"data":"Leap","floor":44.0,"key":"SMITH"},{"floor":46.0,"key":"REST"},{"floor":49.0,"key":"REST"}],"circlet_count":0,"master_deck":["AscendersBane","Strike_B+1","Strike_B+1","Strike_B+1","Defend_B+1","Defend_B+1","Defend_B+1","Defend_B+1","Zap","Dualcast","Conserve Battery+1","Leap+1","Ball Lightning","Machine Learning","Chaos+1","Echo Form+1","Electrodynamics","Lockon","Parasite"],"relics":["Cracked Core","CultistMask","Ornamental Fan","HornCleat","Golden Idol","Sozu","Mummified Hand","Pocketwatch","Art of War","The Courier","Inserter","Prayer Wheel","Oddly Smooth Stone","Pantograph","Singing Bowl"],"acts_visited":["Exordium","TheCity","TheBeyond"],"potions_floor_usage":[],"damage_taken":[{"damage":6.0,"enemies":"Cultist","floor":1.0,"turns":4.0},{"damage":6.0,"enemies":"Jaw Worm","floor":3.0,"turns":4.0},{"damage":0.0,"enemies":"Small Slimes","floor":4.0,"turns":3.0},{"damage":12.0,"enemies":"3 Louse","floor":5.0,"turns":5.0},{"damage":18.0,"enemies":"Lagavulin","floor":7.0,"turns":8.0},{"damage":0.0,"enemies":"2 Fungi Beasts","floor":10.0,"turns":3.0},{"damage":4.0,"enemies":"Exordium Wildlife","floor":12.0,"turns":6.0},{"damage":57.0,"enemies":"Slime Boss","floor":16.0,"turns":12.0},{"damage":0.0,"enemies":"3 Byrds","floor":18.0,"turns":5.0},{"damage":40.0,"enemies":"Book of Stabbing","floor":24.0,"turns":7.0},{"damage":8.0,"enemies":"Spheric Guardian","floor":27.0,"turns":4.0},{"damage":0.0,"enemies":"Masked Bandits","floor":28.0,"turns":1.0},{"damage":48.0,"enemies":"Champ","floor":33.0,"turns":13.0},{"damage":10.0,"enemies":"3 Darklings","floor":35.0,"turns":5.0},{"damage":2.0,"enemies":"3 Shapes","floor":37.0,"turns":4.0},{"damage":11.0,"enemies":"Writhing Mass","floor":39.0,"turns":8.0},{"damage":18.0,"enemies":"3 Darklings","floor":45.0,"turns":5.0},{"damage":9.0,"enemies":"Jaw Worm Horde","floor":47.0,"turns":4.0},{"damage":19.0,"enemies":"Nemesis","floor":48.0,"turns":6.0},{"damage":74,"enemies":"Time Eater","floor":50,"turns":15}],"seed_played":"1380905346050281021","potions_obtained":[{"floor":7.0,"key":"PotionOfCapacity"},{"floor":10.0,"key":"SmokeBomb"},{"floor":12.0,"key":"LiquidMemories"},{"floor":16.0,"key":"ColorlessPotion"}],"is_trial":false,"path_per_floor":["M","?","M","M","M","R","E","R","T","M","?","M","?","?","R","B",null,"M","?","?","$","$","R","E","R","T","M","?","$","?","T","R","B",null,"M","?","M","$","M","R","?","R","T","R","M","R","M","E","R","B",null],"character_chosen":"DEFECT","items_purchased":["Art of War","Prayer Wheel","Oddly Smooth Stone","Lockon"],"campfire_rested":6,"item_purchase_floors":[29,38,38,38],"current_hp_per_floor":[69,69,63,63,51,51,33,57,57,57,50,46,46,46,68,11,60,60,60,60,60,60,60,20,42,42,34,34,34,59,59,59,11,60,50,50,48,48,37,59,59,59,59,59,41,63,54,37,60,4],"gold":116,"neow_bonus":"TEN_PERCENT_HP_BONUS","is_daily":false,"chose_seed":false,"campfire_upgraded":5,"win_rate":0.0,"timestamp":1611362525,"path_taken":["M","?","M","M","?","R","E","R","T","M","?","M","?","?","R","BOSS","M","?","?","?","$","R","E","R","T","M","?","$","?","?","R","BOSS","M","?","?","$","M","R","?","R","T","R","M","R","?","E","R","BOSS"],"items_purchased_type":["Relic","Relic","Relic","Card"],"build_version":"2020-12-22","purchased_purges":0,"victory":true,"max_hp_per_floor":[82,82,82,82,82,82,82,82,82,82,82,82,82,76,76,76,76,76,76,76,76,76,76,76,76,76,76,76,76,76,76,76,76,76,76,76,76,76,76,76,76,76,76,76,76,76,76,78,78,78],"card_choices":[{"not_picked":["Go for the Eyes","Recycle"],"picked":"Conserve Battery","floor":1.0},{"not_picked":["Fusion","Turbo","Go for the Eyes"],"picked":"SKIP","floor":3.0},{"not_picked":["Barrage","Undo"],"picked":"Leap","floor":4.0},{"not_picked":["Undo","Hello World","Creative AI"],"picked":"SKIP","floor":5.0},{"not_picked":["Leap","FTL"],"picked":"Ball Lightning","floor":7.0},{"not_picked":["Go for the Eyes","Hello World","Turbo"],"picked":"SKIP","floor":10.0},{"not_picked":["Hologram","Skim","Coolheaded"],"picked":"SKIP","floor":12.0},{"not_picked":["Hologram","Skim","Coolheaded"],"picked":"SKIP","floor":12.0},{"not_picked":["Hyperbeam","Multi-Cast"],"picked":"Machine Learning","floor":16.0},{"not_picked":["Go for the Eyes","Fusion"],"picked":"Chaos","floor":18.0},{"not_picked":["Gash","Meteor Strike"],"picked":"Echo Form","floor":24.0},{"not_picked":["Go for the Eyes","Consume","Hologram"],"picked":"SKIP","floor":27.0},{"not_picked":["Rainbow","Echo Form"],"picked":"Electrodynamics","floor":33.0},{"not_picked":["Beam Cell","Undo","Compile Driver"],"picked":"SKIP","floor":35.0},{"not_picked":["Ball Lightning+1","Conserve Battery","Hello World"],"picked":"SKIP","floor":37.0},{"not_picked":["Coolheaded+1","Hologram+1","Turbo"],"picked":"SKIP","floor":39.0},{"not_picked":["Electrodynamics","Beam Cell","Sunder"],"picked":"SKIP","floor":39.0},{"not_picked":["Hologram","Storm+1","Streamline+1"],"picked":"SKIP","floor":45.0},{"not_picked":["Stack+1","Force Field","Self Repair+1"],"picked":"SKIP","floor":45.0},{"not_picked":["Redo+1","Gash+1","Rebound"],"picked":"SKIP","floor":47.0},{"not_picked":["Stack","Coolheaded","Compile Driver"],"picked":"SKIP","floor":47.0},{"not_picked":["Doom and Gloom+1","Leap+1","White Noise+1"],"picked":"Singing Bowl","floor":48.0}],"player_experience":1001732,"relics_obtained":[{"floor":7.0,"key":"Ornamental Fan"},{"floor":9.0,"key":"HornCleat"},{"floor":24.0,"key":"Mummified Hand"},{"floor":26.0,"key":"Pocketwatch"},{"floor":31.0,"key":"The Courier"},{"floor":43.0,"key":"Pantograph"},{"floor":48.0,"key":"Singing Bowl"}],"event_choices":[{"damage_healed":0.0,"max_hp_gain":0.0,"max_hp_loss":0.0,"gold_gain":0.0,"event_name":"FaceTrader","player_choice":"Trade","floor":2.0,"gold_loss":0.0,"damage_taken":0.0,"relics_obtained":["CultistMask"]},{"cards_removed":["Strike_B"],"damage_healed":0.0,"max_hp_gain":0.0,"max_hp_loss":0.0,"gold_gain":0.0,"event_name":"Golden Wing","player_choice":"Card Removal","floor":11.0,"gold_loss":0.0,"damage_taken":7.0},{"damage_healed":0.0,"max_hp_gain":0.0,"max_hp_loss":0.0,"gold_gain":0.0,"event_name":"Liars Game","player_choice":"Ignored","floor":13.0,"gold_loss":0.0,"damage_taken":0.0},{"damage_healed":0.0,"max_hp_gain":0.0,"max_hp_loss":6.0,"gold_gain":0.0,"event_name":"Golden Idol","player_choice":"Lose Max HP","floor":14.0,"gold_loss":0.0,"damage_taken":0.0,"relics_obtained":["Golden Idol"]},{"damage_healed":0.0,"max_hp_gain":0.0,"max_hp_loss":0.0,"gold_gain":0.0,"event_name":"Back to Basics","player_choice":"Simplicity","floor":19.0,"gold_loss":0.0,"damage_taken":0.0,"cards_upgraded":["Strike_B","Strike_B","Strike_B","Defend_B","Defend_B","Defend_B"]},{"damage_healed":0.0,"max_hp_gain":0.0,"max_hp_loss":0.0,"gold_gain":0.0,"event_name":"Ghosts","player_choice":"Ignored","floor":20.0,"gold_loss":0.0,"damage_taken":0.0},{"damage_healed":0.0,"max_hp_gain":0.0,"max_hp_loss":0.0,"gold_gain":0.0,"event_name":"Masked Bandits","player_choice":"Fought Bandits","floor":28.0,"gold_loss":0.0,"damage_taken":0.0},{"damage_healed":25.0,"max_hp_gain":0.0,"max_hp_loss":0.0,"gold_gain":0.0,"event_name":"The Library","player_choice":"Heal","floor":30.0,"gold_loss":0.0,"damage_taken":0.0},{"damage_healed":0.0,"max_hp_gain":0.0,"max_hp_loss":0.0,"gold_gain":0.0,"event_name":"Lab","player_choice":"Got Potions","floor":36.0,"gold_loss":0.0,"damage_taken":0.0},{"damage_healed":0.0,"max_hp_gain":0.0,"max_hp_loss":0.0,"gold_gain":0.0,"event_name":"SecretPortal","player_choice":"Ignored","floor":41.0,"gold_loss":0.0,"damage_taken":0.0}],"is_beta":false,"boss_relics":[{"not_picked":["Tiny House","Black Star"],"picked":"Sozu"},{"not_picked":["SlaversCollar","Nuclear Battery"],"picked":"Inserter"}],"items_purged_floors":[],"is_endless":false,"potions_floor_spawned":[7,10,12,16,18,33,35,39,48],"ascension_level":10}}