{"host":"ydg0vn0pu4pubmdt","time":1611398540,"event":{"mods":["AchievementEnabler","BaseMod","Colored Map","Gold Saver","Minty Spire (QoL Compilation)","Quick Restart","SuperFastMode"],"gold_per_floor":[677,689,701,715,734,734,767,767,767,436,449,449,482,492,492,569,569,583,583,583],"floor_reached":19,"language":"KOR","playtime":463,"items_purged":["Strike_R"],"score":353,"play_id":"02c4efa9-fae4-4a58-af8c-f510d0eb0bcf","local_time":"20210123194220","is_ascension_mode":true,"campfire_choices":[{"data":"Immolate","floor":6,"key":"SMITH"},{"data":"Seeing Red","floor":8,"key":"SMITH"},{"floor":15,"key":"REST"}],"circlet_count":0,"master_deck":["AscendersBane","Strike_R","Strike_R","Strike_R","Defend_R","Defend_R","Defend_R","Bash","Immolate+1","Second Wind","Thunderclap","Sentinel","Seeing Red+1","Fire Breathing","Armaments+1","Body Slam","Barricade","Flame Barrier"],"relics":["Burning Blood","MealTicket","Vajra","Orichalcum","Regal Pillow","Empty Cage"],"acts_visited":["Exordium","TheCity"],"potions_floor_usage":[4,7,7,14,16],"damage_taken":[{"damage":18,"enemies":"Small Slimes","floor":1,"turns":5},{"damage":0,"enemies":"Cultist","floor":2,"turns":2},{"damage":0,"enemies":"2 Louse","floor":3,"turns":1},{"damage":20,"enemies":"Exordium Wildlife","floor":4,"turns":5},{"damage":17,"enemies":"Large Slime","floor":5,"turns":5},{"damage":34,"enemies":"Gremlin Nob","floor":7,"turns":4},{"damage":0,"enemies":"3 Louse","floor":11,"turns":1},{"damage":20,"enemies":"3 Sentries","floor":13,"turns":4},{"damage":16,"enemies":"Exordium Thugs","floor":14,"turns":4},{"damage":48,"enemies":"The Guardian","floor":16,"turns":12},{"damage":46,"enemies":"Shell Parasite","floor":18,"turns":9},{"damage":31,"enemies":"Chosen","floor":19,"turns":3}],"seed_played":"-8697801994541135964","potions_obtained":[{"floor":1,"key":"Regen Potion"},{"floor":2,"key":"DistilledChaos"},{"floor":5,"key":"Swift Potion"},{"floor":7,"key":"Explosive Potion"},{"floor":13,"key":"DuplicationPotion"}],"is_trial":false,"path_per_floor":["M","M","M","M","M","R","E","R","T","$","M","?","E","M","R","B",null,"M","M"],"character_chosen":"IRONCLAD","items_purchased":["Fire Breathing","Orichalcum"],"campfire_rested":1,"item_purchase_floors":[10,10],"current_hp_per_floor":[56,62,68,54,43,43,27,27,27,42,48,48,34,24,59,17,55,15,0,0],"gold":583,"neow_bonus":"THREE_RARE_CARDS","is_daily":false,"chose_seed":false,"campfire_upgraded":2,"win_rate":0.0,"timestamp":1611398540,"path_taken":["M","M","M","M","M","R","E","R","T","$","M","?","E","M","R","BOSS","M","M"],"items_purchased_type":["Card","Relic"],"build_version":"2020-12-22","purchased_purges":1,"victory":false,"max_hp_per_floor":[68,68,68,68,68,68,68,68,68,68,68,68,68,68,68,68,68,68,68,68],"card_choices":[{"not_picked":["Berserk","Limit Break"],"picked":"Immolate","floor":0.0},{"not_picked":["Inflame","True Grit"],"picked":"Second Wind","floor":1},{"not_picked":["Flex","Pummel","Cleave"],"picked":"SKIP","floor":2},{"not_picked":["Perfected Strike","Iron Wave"],"picked":"Thunderclap","floor":3},{"not_picked":["Inflame","Heavy Blade","Rage"],"picked":"SKIP","floor":4},{"not_picked":["Anger","Sentinel","Entrench"],"picked":"SKIP","floor":5},{"not_picked":["Anger","Entrench"],"picked":"Sentinel","floor":5},{"not_picked":["Metallicize","Cleave"],"picked":"Seeing Red","floor":7},{"not_picked":["Sword Boomerang","Rage"],"picked":"Armaments","floor":11},{"not_picked":["Uppercut","Searing Blow"],"picked":"Body Slam","floor":13},{"not_picked":["Carnage","Feed","Pommel Strike"],"picked":"SKIP","floor":14},{"not_picked":["Fiend Fire","Feed"],"picked":"Barricade","floor":16},{"not_picked":["Cleave","Spot Weakness"],"picked":"Flame Barrier","floor":18}],"player_experience":559618,"relics_obtained":[{"floor":7,"key":"MealTicket"},{"floor":9,"key":"Vajra"},{"floor":13,"key":"Regal Pillow"}],"event_choices":[{"damage_healed":0,"gold_gain":0,"player_choice":"Upgraded","damage_taken":0,"max_hp_gain":0,"max_hp_loss":0,"event_name":"Upgrade Shrine","floor":12,"gold_loss":0,"cards_upgraded":["Armaments"]}],"is_beta":false,"boss_relics":[{"not_picked":["Velvet Choker","Ectoplasm"],"picked":"Empty Cage"}],"items_purged_floors":[10],"is_endless":false,"potions_floor_spawned":[1,2,5,7,13],"killed_by":"Chosen","ascension_level":19}}