{"host":"ibtxpp7hbhk6t4eo","time":1611387438,"event":{"mods":["BaseMod","Downfall","Minty Spire (QoL Compilation)","StSLib","Waifu the Spire"],"gold_per_floor":[99,111,122,132,232,263,263,294,306,340,414,426,471,501,526,641,653,465,494,606,618,644,683,722,124,134,234,246,146,173,248,267,362,362,362,382,401,421,479,17,66,85,135,135,161,161,161,171,186,186,186,212,58,58,58,58],"floor_reached":57,"language":"ZHS","playtime":3692,"items_purged":["downfall:Haunted","downfall:Haunted"],"score":1687,"play_id":"e2d53239-4168-41f0-b3c8-793bd4872d3b","local_time":"20210123153718","daily_mods":["SealedDeck","Vintage","Heirloom","Time Dilation","Flight","downfall:Jewelcrafting","downfall:Lament","Elite Swarm"],"is_ascension_mode":false,"campfire_choices":[{"floor":9,"key":"RECALL"},{"data":"Guardian:Orbwalk","floor":18,"key":"SMITH"},{"data":"Guardian:GemFinder","floor":35,"key":"SMITH"},{"data":"Guardian:ChargeUp","floor":47,"key":"SMITH"},{"data":"Guardian:CompilePackage","floor":54,"key":"SMITH"}],"circlet_count":0,"master_deck":["Guardian:ExploitGems","Guardian:ExploitGems","Guardian:ChargeUp+1","Guardian:ArmoredProtocol","Guardian:SpikerProtocol","Guardian:Preprogram","Guardian:Recover","Guardian:Orbwalk+1","Guardian:TemporalStrike+1","Guardian:Suspension","Guardian:PiercingHide","Guardian:CrystalBeam+1","Guardian:StasisField+1","Guardian:StasisStrike+1","Guardian:SentryBeam+1","Guardian:Reroute+1","Guardian:ConstructionForm+1","Guardian:BaubleBeam+1","Guardian:StasisEngine","Parasite","Guardian:AncientConstruct","Guardian:GuardianWhirl+1","Guardian:HyperBeam_Guardian+1","Guardian:GemFinder+1","Guardian:FloatingOrbs+1","Clumsy","Shame","Guardian:WalkerClaw+1","downfall:Icky","downfall:Bewildered","Guardian:CompilePackage+1"],"relics":["Guardian:ModeShifter","Guardian:PickAxe","NeowsBlessing","hexamod:Sixitude","Sundial","Darkstone Periapt","Molten Egg 2","Ornamental Fan","Guardian:PocketSentry","MawBank","Odd Mushroom","Vajra","Blue Candle","Question Card","StrikeDummy","Ancient Tea Set","SacredBark","downfall:HeartBlessingRed","downfall:HeartBlessingGreen","Omamori","downfall:ExtraCursedKey","bronze:BronzeIdol","Art of War","ClockworkSouvenir","Thread and Needle","Kunai","Toy Ornithopter","Happy Flower","downfall:HeartBlessingBlue","Bird Faced Urn","Dead Branch","Coffee Dripper","Slimebound:PreparedRelic","Gremlin Horn","Bag of Preparation","HandDrill","Guardian:BottledAnomaly","champ:DuelingGlove","hexamod:BolsterEngine","Mummified Hand","Du-Vu Doll","Whetstone","Bronze Scales","Blood Vial","Unceasing Top","OrangePellets"],"acts_visited":["Exordium","TheCity","TheBeyond","TheEnding"],"potions_floor_usage":[8,23,23,38,39,52],"damage_taken":[{"damage":0,"enemies":"Cultist","floor":2,"turns":1},{"damage":0,"enemies":"Jaw Worm","floor":3,"turns":1},{"damage":0,"enemies":"2 Louse","floor":4,"turns":1},{"damage":10,"enemies":"Gremlin Nob","floor":6,"turns":5},{"damage":0,"enemies":"3 Sentries","floor":8,"turns":4},{"damage":0,"enemies":"The Mushroom Lair","floor":10,"turns":4},{"damage":0,"enemies":"Gremlin Nob","floor":11,"turns":4},{"damage":4,"enemies":"Lagavulin","floor":13,"turns":4},{"damage":0,"enemies":"Exordium Thugs","floor":14,"turns":3},{"damage":0,"enemies":"2 Fungi Beasts","floor":15,"turns":2},{"damage":0,"enemies":"DF_ARCHETYPE_STREAMLINE","floor":16,"turns":7},{"damage":0,"enemies":"Spheric Guardian","floor":19,"turns":3},{"damage":1,"enemies":"Shell Parasite","floor":22,"turns":3},{"damage":2,"enemies":"Gremlin Leader","floor":23,"turns":2},{"damage":4,"enemies":"downfall:FleeingMerchant","floor":25,"turns":4},{"damage":5,"enemies":"Centurion and Healer","floor":26,"turns":3},{"damage":3,"enemies":"downfall:LadyInBlue","floor":27,"turns":5},{"damage":7,"enemies":"Shelled Parasite and Fungi","floor":28,"turns":4},{"damage":14,"enemies":"Slavers","floor":30,"turns":3},{"damage":2,"enemies":"Sentry and Sphere","floor":32,"turns":3},{"damage":2,"enemies":"SI_MIRROR_ARCHETYPE","floor":33,"turns":6},{"damage":0,"enemies":"3 Darklings","floor":36,"turns":1},{"damage":3,"enemies":"Orb Walker","floor":37,"turns":2},{"damage":18,"enemies":"3 Darklings","floor":38,"turns":2},{"damage":2,"enemies":"downfall:FleeingMerchant","floor":39,"turns":3},{"damage":3,"enemies":"4 Shapes","floor":42,"turns":1},{"damage":8,"enemies":"4 Shapes","floor":43,"turns":3},{"damage":1,"enemies":"Spire Growth","floor":48,"turns":1},{"damage":3,"enemies":"Sphere and 2 Shapes","floor":49,"turns":2},{"damage":2,"enemies":"IC_BLOCK_ARCHETYPE","floor":50,"turns":3},{"damage":2,"enemies":"downfall:CharBossMerchant","floor":52,"turns":3},{"damage":5,"enemies":"downfall:NeowBoss","floor":55,"turns":6},{"damage":1,"enemies":"downfall:NeowBossFinal","floor":56,"turns":3}],"seed_played":"-7118978172960713219","potions_obtained":[{"floor":3,"key":"Slimebound:ThreeZeroPotion"},{"floor":8,"key":"DistilledChaos"},{"floor":10,"key":"Block Potion"},{"floor":13,"key":"Fire Potion"},{"floor":26,"key":"SpeedPotion"},{"floor":27,"key":"SteroidPotion"},{"floor":27,"key":"PowerPotion"},{"floor":31,"key":"downfall:CursedFountainPotion"},{"floor":33,"key":"Slimebound:ThreeZeroPotion"},{"floor":38,"key":"Fruit Juice"},{"floor":49,"key":"DistilledChaos"},{"floor":52,"key":"SneckoOil"}],"is_trial":true,"path_per_floor":["R","M","M","M","?","E","T","E","R","?","?","T","E","M","M","B",null,"R","M","?","?","M","E","T","$","M","?","M","R","E","?","M","B",null,"R","M","M","M","$","$","T","M","?","?","?","?","R","M","M","B",null,"E","$","R","B","B",null],"character_chosen":"GUARDIAN","items_purchased":["ClockworkSouvenir","Thread and Needle","Guardian:Gem_Crimson","HandDrill","Guardian:BottledAnomaly","champ:DuelingGlove","OrangePellets"],"campfire_rested":0,"item_purchase_floors":[25,25,25,39,40,40,53],"current_hp_per_floor":[80,80,80,80,80,70,70,70,70,70,70,70,66,66,66,66,80,80,80,91,97,96,94,106,102,97,94,87,97,83,119,118,119,119,119,119,119,116,129,129,141,138,140,140,152,152,152,153,153,153,153,153,153,153,153,153],"gold":58,"neow_bonus":"","is_daily":false,"chose_seed":false,"campfire_upgraded":4,"win_rate":0.0,"timestamp":1611387438,"path_taken":["R","M","M","?","?","E","T","E","R","?","?","?","E","?","M","BOSS","R","M","?","?","?","E","T","$","?","?","?","R","E","?","M","BOSS","R","M","M","M","$","$","T","?","?","?","?","?","R","?","M","BOSS","E","$","R","BOSS","BOSS"],"items_purchased_type":["Relic","Relic","Card","Relic","Relic","Relic","Relic"],"build_version":"2020-12-22","purchased_purges":2,"victory":true,"max_hp_per_floor":[80,80,80,80,80,80,80,80,80,80,80,80,80,80,80,80,80,80,80,91,97,97,97,109,109,109,109,109,119,119,119,119,119,119,119,119,119,129,129,129,141,141,141,141,153,153,153,153,153,153,153,153,153,153,153,153],"card_choices":[{"not_picked":["Guardian:Gem_Synthetic","Guardian:StasisStrike+1"],"picked":"Guardian:StasisField","floor":6},{"not_picked":["Guardian:FastForward","Guardian:AncientConstruct"],"picked":"Guardian:StasisStrike+1","floor":8},{"not_picked":["Guardian:RefractedBeam+1","Guardian:CrystalBeam+1"],"picked":"Guardian:SentryBeam+1","floor":10},{"not_picked":["Guardian:BronzeArmor","Guardian:GuardianWhirl+1"],"picked":"Guardian:Reroute+1","floor":11},{"not_picked":["Guardian:AncientConstruct","Guardian:RevengeProtocol"],"picked":"Guardian:ConstructionForm","floor":13},{"not_picked":["Guardian:FastForward","Guardian:Gem_Synthetic","Guardian:CompilePackage"],"picked":"Guardian:BaubleBeam+1","floor":16},{"not_picked":["Guardian:ExploitGems","Guardian:ConstructionForm","Guardian:StasisField"],"picked":"Guardian:AncientConstruct","floor":23},{"not_picked":["Guardian:ShieldSpikes","Guardian:ChargeCore+1","Guardian:SpikerProtocol"],"picked":"Guardian:GuardianWhirl+1","floor":25},{"not_picked":["Guardian:TemporalStrike+1","Guardian:PrimingBeam+1","Guardian:Gem_Lightblue"],"picked":"Guardian:Gem_Red","floor":27},{"not_picked":["Guardian:ExploitGems","Guardian:GatlingBeam+1","Guardian:StasisStrike+1"],"picked":"Guardian:HyperBeam_Guardian+1","floor":30},{"not_picked":["Guardian:RevengeProtocol","Guardian:FastForward","Guardian:Gem_Synthetic"],"picked":"Guardian:GemFinder","floor":33},{"not_picked":["Guardian:Gem_Green","Guardian:Gem_Cyan"],"picked":"Guardian:Gem_Red","floor":37},{"not_picked":["Guardian:Gem_Lightblue","Guardian:Gem_Green"],"picked":"Guardian:Gem_Red","floor":38},{"not_picked":["Guardian:WalkerClaw+1","Guardian:GuardianWhirl+1","Guardian:Suspension"],"picked":"Guardian:FloatingOrbs+1","floor":39},{"not_picked":["Guardian:DonusPower","Guardian:RollAttack+1","Guardian:RefractedBeam+1"],"picked":"Guardian:WalkerClaw+1","floor":43},{"not_picked":["Guardian:Gem_Cyan","Guardian:Gem_Lightblue"],"picked":"Guardian:Gem_Green","floor":52},{"not_picked":["Guardian:HyperBeam_Guardian+1","Guardian:BaubleBeam+1","Guardian:GemFire+1"],"picked":"Guardian:CompilePackage","floor":52}],"player_experience":68285,"relics_obtained":[{"floor":2,"key":"Sundial"},{"floor":3,"key":"Darkstone Periapt"},{"floor":4,"key":"Molten Egg 2"},{"floor":6,"key":"Ornamental Fan"},{"floor":7,"key":"Guardian:PocketSentry"},{"floor":8,"key":"MawBank"},{"floor":10,"key":"Odd Mushroom"},{"floor":11,"key":"Vajra"},{"floor":12,"key":"Blue Candle"},{"floor":13,"key":"Question Card"},{"floor":14,"key":"StrikeDummy"},{"floor":15,"key":"Ancient Tea Set"},{"floor":19,"key":"Omamori"},{"floor":22,"key":"bronze:BronzeIdol"},{"floor":23,"key":"Art of War"},{"floor":26,"key":"Kunai"},{"floor":27,"key":"Toy Ornithopter"},{"floor":28,"key":"Happy Flower"},{"floor":30,"key":"Bird Faced Urn"},{"floor":32,"key":"Dead Branch"},{"floor":36,"key":"Slimebound:PreparedRelic"},{"floor":37,"key":"Gremlin Horn"},{"floor":38,"key":"Bag of Preparation"},{"floor":41,"key":"hexamod:BolsterEngine"},{"floor":42,"key":"Mummified Hand"},{"floor":43,"key":"Du-Vu Doll"},{"floor":45,"key":"Whetstone"},{"floor":48,"key":"Bronze Scales"},{"floor":49,"key":"Blood Vial"},{"floor":52,"key":"Unceasing Top"}],"event_choices":[{"damage_healed":0,"gold_gain":0,"player_choice":"Fought Mushrooms","damage_taken":0,"max_hp_gain":0,"max_hp_loss":0,"event_name":"Mushrooms","floor":10,"gold_loss":0}],"is_beta":false,"boss_relics":[{"not_picked":["Tiny House","Empty Cage"],"picked":"SacredBark"},{"not_picked":["bronze:MakeshiftBattery","SlaversCollar"],"picked":"Coffee Dripper"}],"items_purged_floors":[25,39],"is_endless":false,"potions_floor_spawned":[3,8,10,13,15,16,19,26,32,33,38,49,52],"ascension_level":0}}