{"host":"s8eu5oacnz2jj6un","time":1611445652,"event":{"mods":["AchievementEnabler","Act Like it!","BaseMod","Colored Powertips","Marisa????????","Minty Spire (QoL Compilation)","Remilia??????","Replay The Spire","Shop Mod","StSLib","The Senshi","The Servant 0.9.4"],"gold_per_floor":[109,109,138,17,45,73,108,108,185,232,252,252,332,346,346,481,481,531,531,531,531,531,1,49,49,49,83,94,94,18,28,28,144,144,176,0,0,0,31,31,31],"floor_reached":40,"language":"ENG","playtime":8214,"items_purged":["Regret"],"score":514,"play_id":"7318121c-7b1f-4b90-a4f7-ecb5fde32945","local_time":"20210124004732","is_ascension_mode":false,"campfire_choices":[{"floor":12,"key":"RECALL"},{"floor":15,"key":"REST"},{"floor":25,"key":"REST"},{"data":"BinaryStars","floor":29,"key":"SMITH"},{"data":"DarkSpark","floor":32,"key":"SMITH"}],"circlet_count":0,"master_deck":["Strike_MRS","Strike_MRS","Strike_MRS","Strike_MRS","Defend_MRS","Defend_MRS","Defend_MRS","Defend_MRS","MasterSpark","UpSweep","StarDustReverie","WitchOfGreed","GrandCross","IllusionStar","PulseMagic","EarthLightRay","StarDustReverie","DarkMatter","Acceleration","PulseMagic","AlicesGift","WitchOfGreed","BinaryStars+1","DC+1","Acceleration","GrandCross","MysteriousBeam","GrandCross","Acceleration+1","OpenUniverse","FairyDestructionRay","DarkSpark+1","CasketOfStar","IllusionStar","Trip"],"relics":["MiniHakkero","StoneCalendar","Dream Catcher","Ancient Tea Set","MagicBroom","Philosopher\u0027s Stone","Enchiridion","Bronze Scales","Boot","Strange Spoon","InkBottle","Incense Burner","Replay:Ancient Bell","Omamori","Quantum Egg","Ice Cream","Red Mask"],"acts_visited":["Exordium","TheCity","TheBeyond"],"potions_floor_usage":[7,10,11,13,13,24,40,40],"damage_taken":[{"damage":0,"enemies":"Cultist","floor":1,"turns":4},{"damage":3,"enemies":"Jaw Worm","floor":3,"turns":5},{"damage":8,"enemies":"Small Slimes","floor":5,"turns":3},{"damage":0,"enemies":"3 Louse","floor":6,"turns":3},{"damage":13,"enemies":"3 Sentries","floor":7,"turns":4},{"damage":6,"enemies":"Gremlin Nob","floor":10,"turns":3},{"damage":0,"enemies":"Blue Slaver","floor":11,"turns":3},{"damage":1,"enemies":"Gremlin Nob","floor":13,"turns":4},{"damage":0,"enemies":"Large Slime","floor":14,"turns":2},{"damage":44,"enemies":"Hexaghost","floor":16,"turns":7},{"damage":45,"enemies":"3 Byrds","floor":18,"turns":5},{"damage":1,"enemies":"2 Thieves","floor":24,"turns":2},{"damage":0,"enemies":"Gremlin Leader","floor":27,"turns":2},{"damage":0,"enemies":"Snake Plant","floor":28,"turns":1},{"damage":0,"enemies":"3 Cultists","floor":31,"turns":2},{"damage":17,"enemies":"Champ","floor":33,"turns":5},{"damage":2,"enemies":"3 Shapes","floor":35,"turns":3},{"damage":0,"enemies":"Orb Walker","floor":39,"turns":1},{"damage":93,"enemies":"Transient","floor":40,"turns":4}],"seed_played":"-3320656825691143480","potions_obtained":[{"floor":3,"key":"Swift Potion"},{"floor":6,"key":"FearPotion"},{"floor":7,"key":"Fire Potion"},{"floor":8,"key":"Elixir"},{"floor":10,"key":"ColorlessPotion"},{"floor":11,"key":"Block Potion"},{"floor":13,"key":"CultistPotion"},{"floor":16,"key":"Strength Potion"},{"floor":16,"key":"Fire Potion"},{"floor":18,"key":"Swift Potion"},{"floor":24,"key":"LiquidBronze"},{"floor":39,"key":"SkillPotion"},{"floor":39,"key":"SkillPotion"}],"is_trial":false,"path_per_floor":["M","?","M","$","M","M","E","?","T","E","M","R","?","M","R","B",null,"M","?","?","?","?","$","M","R","T","E","M","R","$","M","R","B",null,"M","?","?","?","M","M"],"character_chosen":"MARISA","items_purchased":["IllusionStar","Bronze Scales","Boot","Strange Spoon","GrandCross","MysteriousBeam","FairyDestructionRay"],"campfire_rested":2,"item_purchase_floors":[4,23,23,23,23,23,30],"current_hp_per_floor":[75,75,72,72,64,64,51,51,51,45,49,49,52,56,75,35,75,34,59,43,43,43,43,46,68,68,68,68,68,68,72,72,59,75,73,73,73,73,73,0,0],"gold":31,"neow_bonus":"ONE_RANDOM_RARE_CARD","is_daily":false,"chose_seed":false,"campfire_upgraded":2,"win_rate":0.0,"timestamp":1611445652,"path_taken":["M","?","M","$","M","M","E","?","T","E","?","R","?","M","R","BOSS","M","?","?","?","?","$","M","R","T","E","?","R","$","M","R","BOSS","M","?","?","?","M","M"],"items_purchased_type":["Card","Relic","Relic","Relic","Card","Card","Card"],"build_version":"2020-12-22","purchased_purges":1,"victory":false,"max_hp_per_floor":[75,75,75,75,75,75,75,75,75,75,75,75,75,75,75,75,75,75,75,75,75,75,75,75,75,75,75,75,75,75,75,75,75,75,75,75,75,75,75,75,75],"card_choices":[{"not_picked":["6A","Robbery"],"picked":"WitchOfGreed","floor":1},{"not_picked":["WitchOfGreed","NonDirectionalLaser"],"picked":"GrandCross","floor":3},{"not_picked":["MysteriousBeam","AsteroidBelt"],"picked":"PulseMagic","floor":5},{"not_picked":["ChargingUp","MeteoricShower"],"picked":"EarthLightRay","floor":6},{"not_picked":["SuperPerseids","FairyDestructionRay"],"picked":"StarDustReverie","floor":7},{"not_picked":["NonDirectionalLaser","PowerUp"],"picked":"DarkMatter","floor":10},{"not_picked":["DarkMatter","DC"],"picked":"Acceleration","floor":11},{"not_picked":["AlicesGift","FairyDestructionRay"],"picked":"PulseMagic","floor":13},{"not_picked":["SporeBomb","NonDirectionalLaser"],"picked":"AlicesGift","floor":14},{"not_picked":["NonDirectionalLaser","Acceleration"],"picked":"WitchOfGreed","floor":15},{"not_picked":["BlazingStar","JA"],"picked":"BinaryStars","floor":16},{"not_picked":["DarkMatter","GravityBeat"],"picked":"DC+1","floor":18},{"not_picked":["WitchOfGreed","GalacticHalo"],"picked":"GrandCross","floor":24},{"not_picked":["GalacticHalo","DarkMatter"],"picked":"Acceleration+1","floor":25},{"not_picked":["GasGiant+1","SprinkleStarSeal"],"picked":"OpenUniverse","floor":27},{"not_picked":["ManaConvection","Robbery","WitchLeyline"],"picked":"SKIP","floor":28},{"not_picked":["SporeBomb","MilkyWay"],"picked":"DarkSpark","floor":31},{"not_picked":["CollectingQuirk","BinaryStars"],"picked":"CasketOfStar","floor":33},{"not_picked":["Replay:Hysterical Blindness","Delirium"],"picked":"Spreading Infection","floor":34},{"not_picked":["ReplayTheSpireMod:Faulty Equipment","Replay:Hysterical Blindness"],"picked":"Pain","floor":34},{"not_picked":["Spreading Infection","Languid"],"picked":"Clumsy","floor":34},{"not_picked":["Acceleration+1","MagicChant"],"picked":"IllusionStar","floor":35},{"not_picked":["Metamorphosis","HandOfGreed"],"picked":"Trip","floor":37},{"not_picked":["ChargeUpSpray","OneTimeOff","Orbital+1"],"picked":"SKIP","floor":39}],"player_experience":670505,"relics_obtained":[{"floor":7,"key":"Dream Catcher"},{"floor":10,"key":"Ancient Tea Set"},{"floor":13,"key":"MagicBroom"},{"floor":20,"key":"Enchiridion"},{"floor":26,"key":"InkBottle"},{"floor":27,"key":"Incense Burner"}],"event_choices":[{"damage_healed":0,"gold_gain":0,"player_choice":"Box","damage_taken":0,"relics_obtained":["StoneCalendar"],"max_hp_gain":0,"max_hp_loss":0,"event_name":"Big Fish","floor":2,"gold_loss":0,"cards_obtained":["Regret"]},{"damage_healed":0,"gold_gain":0,"player_choice":"Got Potions","damage_taken":0,"max_hp_gain":0,"max_hp_loss":0,"event_name":"Lab","floor":8,"gold_loss":0},{"damage_healed":0,"gold_gain":0,"player_choice":"Searched \u00272\u0027 times","damage_taken":0,"max_hp_gain":0,"max_hp_loss":0,"event_name":"Dead Adventurer","floor":13,"gold_loss":0},{"damage_healed":25,"gold_gain":0,"player_choice":"Heal","damage_taken":0,"max_hp_gain":0,"max_hp_loss":0,"event_name":"The Library","floor":19,"gold_loss":0},{"damage_healed":0,"gold_gain":0,"player_choice":"Obtained Book","damage_taken":16,"max_hp_gain":0,"max_hp_loss":0,"event_name":"Cursed Tome","floor":20,"gold_loss":0},{"damage_healed":0,"gold_gain":0,"player_choice":"Ignored","damage_taken":0,"max_hp_gain":0,"max_hp_loss":0,"event_name":"Ghosts","floor":21,"gold_loss":0},{"damage_healed":0,"gold_gain":0,"player_choice":"1 cards matched","damage_taken":0,"max_hp_gain":0,"max_hp_loss":0,"event_name":"Match and Keep!","floor":22,"gold_loss":0,"cards_obtained":["Acceleration"]},{"damage_healed":0,"gold_gain":0,"player_choice":"Paid","damage_taken":0,"relics_obtained":["Red Mask"],"max_hp_gain":0,"max_hp_loss":0,"event_name":"Tomb of Lord Red Mask","floor":36,"gold_loss":176},{"damage_healed":0,"gold_gain":0,"player_choice":"Memory 1","damage_taken":0,"max_hp_gain":0,"max_hp_loss":0,"event_name":"SensoryStone","floor":37,"gold_loss":0},{"cards_removed":["Clumsy"],"damage_healed":0,"gold_gain":0,"player_choice":"Removed Curses","damage_taken":0,"max_hp_gain":0,"max_hp_loss":0,"event_name":"Fountain of Cleansing","floor":38,"gold_loss":0}],"is_beta":false,"boss_relics":[{"not_picked":["Ring of Chaos","Velvet Choker"],"picked":"Philosopher\u0027s Stone"},{"not_picked":["ReplayTheSpireMod:DimensionalGlitch","Replay:Bronze Core"],"picked":"Replay:Ancient Bell"},{"not_picked":["MawBank","Gremlin Food"],"picked":"Omamori"},{"not_picked":["AntiCross","Mummified Hand"],"picked":"Quantum Egg"},{"not_picked":["Peace Pipe","Replay:Kaleidoscope"],"picked":"Ice Cream"}],"items_purged_floors":[4],"is_endless":false,"potions_floor_spawned":[3,7,10,11,13,16,18,28,39],"killed_by":"Transient","ascension_level":0}}