{"host":"l60rmjjsfi0fipmi","time":1611374420,"event":{"mods":["BaseMod","Colored Map","DeckTracker","Highlight Path","Minty Spire (QoL Compilation)","StSLib","The Cursed","The Servant 0.9.4"],"gold_per_floor":[114,79,79,89,105,105,105,131,185,185,196,40,40,60,60,157,157,82,92,106,6,6,6,19,51,51,66,66,81,81,81,81,185,235,249,259,259,274,288,288,288,288,312,312,332,332,350,365,365,365,365],"floor_reached":50,"language":"ENG","playtime":3247,"items_purged":["Wild Strike","Strike_R"],"score":557,"play_id":"8fa359ac-2c2d-4529-a751-5d643eb062cb","local_time":"20210122230020","is_ascension_mode":true,"campfire_choices":[{"data":"Armaments","floor":6,"key":"SMITH"},{"data":"Bash","floor":10,"key":"SMITH"},{"data":"Metallicize","floor":13,"key":"SMITH"},{"data":"Rampage","floor":15,"key":"SMITH"},{"data":"Pommel Strike","floor":23,"key":"SMITH"},{"floor":28,"key":"REST"},{"data":"Metallicize","floor":30,"key":"SMITH"},{"data":"Dual Wield","floor":32,"key":"SMITH"},{"data":"Trip","floor":40,"key":"SMITH"},{"data":"Shrug It Off","floor":42,"key":"SMITH"},{"data":"Flame Barrier","floor":44,"key":"SMITH"},{"floor":46,"key":"REST"},{"floor":49,"key":"REST"}],"circlet_count":0,"master_deck":["Strike_R","Strike_R+1","Defend_R","Defend_R","Defend_R","Bash+1","Disarm","Metallicize+1","Battle Trance","Armaments+1","Rampage+1","Dual Wield+1","Impervious","Pommel Strike+1","Shrug It Off+1","Immolate","Flame Barrier+1","Metallicize+1","Headbutt","Pommel Strike+1","Trip+1","Bludgeon","Parasite"],"relics":["Burning Blood","Self Forming Clay","CaptainsWheel","Potion Belt","Runic Cube","Blue Candle","HornCleat","Tiny House","Regal Pillow"],"acts_visited":["Exordium","TheCity","TheBeyond"],"potions_floor_usage":[16,16,33,33,48,50,50,50,50],"damage_taken":[{"damage":3,"enemies":"Cultist","floor":1,"turns":4},{"damage":6,"enemies":"Jaw Worm","floor":4,"turns":4},{"damage":4,"enemies":"Small Slimes","floor":5,"turns":4},{"damage":27,"enemies":"3 Sentries","floor":8,"turns":11},{"damage":22,"enemies":"Gremlin Gang","floor":11,"turns":6},{"damage":8,"enemies":"2 Fungi Beasts","floor":14,"turns":5},{"damage":32,"enemies":"The Guardian","floor":16,"turns":14},{"damage":11,"enemies":"2 Thieves","floor":18,"turns":5},{"damage":12,"enemies":"Chosen","floor":19,"turns":6},{"damage":24,"enemies":"Centurion and Healer","floor":20,"turns":10},{"damage":8,"enemies":"Snake Plant","floor":24,"turns":7},{"damage":32,"enemies":"Book of Stabbing","floor":25,"turns":10},{"damage":1,"enemies":"Snecko","floor":27,"turns":6},{"damage":7,"enemies":"Sentry and Sphere","floor":29,"turns":10},{"damage":41,"enemies":"Champ","floor":33,"turns":19},{"damage":27,"enemies":"3 Shapes","floor":35,"turns":7},{"damage":0,"enemies":"Orb Walker","floor":36,"turns":5},{"damage":21,"enemies":"4 Shapes","floor":38,"turns":5},{"damage":25,"enemies":"Sphere and 2 Shapes","floor":39,"turns":9},{"damage":14,"enemies":"Jaw Worm Horde","floor":45,"turns":5},{"damage":41,"enemies":"Writhing Mass","floor":47,"turns":11},{"damage":35,"enemies":"3 Darklings","floor":48,"turns":15},{"damage":85,"enemies":"Donu and Deca","floor":50,"turns":6}],"seed_played":"4504707334061190938","potions_obtained":[{"floor":1,"key":"SneckoOil"},{"floor":5,"key":"DuplicationPotion"},{"floor":8,"key":"SteroidPotion"},{"floor":16,"key":"HeartOfIron"},{"floor":20,"key":"SpeedPotion"},{"floor":24,"key":"SpeedPotion"},{"floor":27,"key":"BloodPotion"},{"floor":33,"key":"LiquidBronze"},{"floor":34,"key":"DistilledChaos"},{"floor":48,"key":"Weak Potion"}],"is_trial":false,"path_per_floor":["M","$","T","M","M","R","?","E","T","R","M","$","R","M","R","B",null,"M","M","M","$","?","R","M","E","T","M","R","M","R","$","R","B",null,"M","M","?","M","M","R","?","R","T","R","M","R","M","M","R","B"],"character_chosen":"IRONCLAD","items_purchased":["Metallicize","Rampage"],"campfire_rested":3,"item_purchase_floors":[2,12],"current_hp_per_floor":[80,80,80,80,80,80,85,64,64,64,48,48,48,46,46,20,85,80,74,56,56,56,56,54,28,28,33,58,57,57,57,57,22,90,69,75,75,60,41,41,41,41,41,41,33,75,40,11,53,0,0],"gold":365,"neow_bonus":"THREE_CARDS","is_daily":false,"chose_seed":false,"campfire_upgraded":10,"win_rate":0.0,"timestamp":1611374420,"path_taken":["M","$","?","M","M","R","?","E","T","R","M","?","R","?","R","BOSS","M","M","M","$","?","R","M","E","T","M","R","M","R","$","R","BOSS","M","M","?","M","M","R","?","R","T","R","M","R","?","M","R","BOSS"],"items_purchased_type":["Card","Card"],"build_version":"2020-12-22","purchased_purges":2,"victory":false,"max_hp_per_floor":[80,80,80,80,80,80,85,85,85,85,85,85,85,85,85,85,85,85,85,85,85,85,85,85,85,85,85,85,85,85,85,85,85,90,90,90,90,90,90,90,90,90,90,90,90,90,90,90,90,90,90],"card_choices":[{"not_picked":["Warcry","Heavy Blade"],"picked":"Disarm","floor":0},{"not_picked":["Second Wind","Body Slam"],"picked":"Wild Strike","floor":1},{"not_picked":["Heavy Blade","Disarm"],"picked":"Battle Trance","floor":4},{"not_picked":["Carnage","Disarm"],"picked":"Armaments","floor":5},{"not_picked":["Heavy Blade","Exhume","Clash"],"picked":"SKIP","floor":8},{"not_picked":["Perfected Strike","True Grit","Headbutt"],"picked":"SKIP","floor":11},{"not_picked":["Bloodletting","Battle Trance"],"picked":"Dual Wield","floor":14},{"not_picked":["Berserk","Fiend Fire"],"picked":"Impervious","floor":16},{"not_picked":["Cleave","Iron Wave+1"],"picked":"Pommel Strike","floor":18},{"not_picked":["Second Wind","Body Slam"],"picked":"Shrug It Off","floor":19},{"not_picked":["Fire Breathing","Havoc+1","Iron Wave"],"picked":"SKIP","floor":20},{"not_picked":["Dark Embrace","Brutality"],"picked":"Metallicize","floor":24},{"not_picked":["Disarm","Clothesline"],"picked":"Headbutt","floor":25},{"not_picked":["Warcry","Twin Strike"],"picked":"Pommel Strike+1","floor":27},{"not_picked":["Warcry","Hemokinesis+1","Disarm"],"picked":"SKIP","floor":29},{"not_picked":["Dark Embrace+1","Perfected Strike","Searing Blow"],"picked":"SKIP","floor":35},{"not_picked":["Anger+1","Cleave+1","Burning Pact+1"],"picked":"SKIP","floor":36},{"not_picked":["PanicButton","Jack Of All Trades"],"picked":"Trip","floor":37},{"not_picked":["Dark Embrace","Twin Strike+1","Armaments"],"picked":"SKIP","floor":38},{"not_picked":["Shockwave+1","Wild Strike+1","Second Wind+1"],"picked":"SKIP","floor":39},{"not_picked":["Sword Boomerang","Headbutt","Perfected Strike+1"],"picked":"SKIP","floor":45},{"not_picked":["Reckless Charge+1","Dual Wield+1","Armaments+1"],"picked":"SKIP","floor":47},{"not_picked":["Iron Wave+1","Warcry+1","Immolate"],"picked":"SKIP","floor":48}],"player_experience":560300,"relics_obtained":[{"floor":3,"key":"Self Forming Clay"},{"floor":8,"key":"CaptainsWheel"},{"floor":9,"key":"Potion Belt"},{"floor":25,"key":"Blue Candle"},{"floor":26,"key":"HornCleat"},{"floor":43,"key":"Regal Pillow"}],"event_choices":[{"damage_healed":0,"gold_gain":0,"player_choice":"Donut","damage_taken":0,"max_hp_gain":5,"max_hp_loss":0,"event_name":"Big Fish","floor":7,"gold_loss":0},{"damage_healed":0,"gold_gain":0,"cards_transformed":["Strike_R","Strike_R"],"player_choice":"Became Test Subject","damage_taken":0,"max_hp_gain":0,"max_hp_loss":0,"event_name":"Drug Dealer","floor":22,"gold_loss":0,"cards_obtained":["Immolate","Flame Barrier"]},{"damage_healed":0,"gold_gain":0,"player_choice":"Memory 1","damage_taken":0,"max_hp_gain":0,"max_hp_loss":0,"event_name":"SensoryStone","floor":37,"gold_loss":0},{"damage_healed":0,"gold_gain":0,"cards_transformed":["Defend_R"],"player_choice":"Transformed","damage_taken":0,"max_hp_gain":0,"max_hp_loss":0,"event_name":"Transmorgrifier","floor":41,"gold_loss":0,"cards_obtained":["Bludgeon"]}],"is_beta":false,"boss_relics":[{"not_picked":["Cursed Key","SlaversCollar"],"picked":"Runic Cube"},{"not_picked":["Snecko Eye","Mark of Pain"],"picked":"Tiny House"}],"items_purged_floors":[12,21],"is_endless":false,"potions_floor_spawned":[1,5,8,16,20,24,27,33,36,47,48],"killed_by":"Donu and Deca","ascension_level":4}}