{"host":"zekcc3vicrep0och","time":1611437986,"event":{"mods":["AchievementEnabler","BaseMod","Colored Map","Colored Powertips","Displayed Cursed Tome","Highlight Path","Minty Spire (QoL Compilation)","Quick Restart","Relic Stats","StSLib","The Cursed"],"gold_per_floor":[109,128,128,128,142,142,67,99,99,132,147,158,191,266,266,344,344,364,378,428,444,460,460,25,58,58,89,89,89,114,39,39,110,110,127,427,33,33,44,44,69,69,93,93,48,48,61,61,61,61,61],"floor_reached":50,"language":"ENG","playtime":1951,"items_purged":["Doubt"],"score":1218,"play_id":"b8fee77e-5f7c-414c-875f-5f565fa9ed5d","local_time":"20210124003946","is_ascension_mode":true,"campfire_choices":[{"data":"Bash","floor":6.0,"key":"SMITH"},{"data":"Shockwave","floor":15.0,"key":"SMITH"},{"data":"Armaments","floor":23.0,"key":"SMITH"},{"data":"1","floor":29.0,"key":"LIFT"},{"data":"2","floor":32.0,"key":"LIFT"},{"data":"3","floor":40.0,"key":"LIFT"},{"floor":42.0,"key":"REST"},{"data":"Barricade","floor":46.0,"key":"SMITH"},{"data":"Entrench","floor":49.0,"key":"SMITH"}],"circlet_count":0,"master_deck":["AscendersBane","Strike_R+1","Strike_R","Strike_R","Defend_R","Defend_R","Defend_R","Defend_R","Bash+1","Twin Strike","Rage","Iron Wave+1","Hemokinesis","Shockwave+1","Flame Barrier","Entrench+1","Shrug It Off","Feed","Whirlwind+1","Battle Trance","Armaments+1","Barricade+1","TheCursedMod:Dregs","Juggernaut","Inflame","Writhe","Heavy Blade+1","Clumsy","Feel No Pain","Shrug It Off"],"relics":["Burning Blood","NeowsBlessing","Strawberry","Juzu Bracelet","Pear","Tiny Chest","Whetstone","Cursed Key","Oddly Smooth Stone","Ornamental Fan","StoneCalendar","Girya","Bag of Marbles","Champion Belt","Incense Burner","Black Star","CaptainsWheel","Darkstone Periapt","Ginger","White Beast Statue","Vajra"],"acts_visited":["Exordium","TheCity","TheBeyond"],"potions_floor_usage":[],"damage_taken":[{"damage":0.0,"enemies":"Cultist","floor":1.0,"turns":1.0},{"damage":0.0,"enemies":"Small Slimes","floor":2.0,"turns":1.0},{"damage":0.0,"enemies":"2 Louse","floor":5.0,"turns":2.0},{"damage":34.0,"enemies":"Gremlin Nob","floor":8.0,"turns":4.0},{"damage":20.0,"enemies":"Lagavulin","floor":10.0,"turns":6.0},{"damage":5.0,"enemies":"Exordium Wildlife","floor":11.0,"turns":4.0},{"damage":12.0,"enemies":"3 Louse","floor":12.0,"turns":4.0},{"damage":2.0,"enemies":"3 Sentries","floor":13.0,"turns":12.0},{"damage":59.0,"enemies":"Slime Boss","floor":16.0,"turns":15.0},{"damage":8.0,"enemies":"Chosen","floor":18.0,"turns":6.0},{"damage":18.0,"enemies":"2 Thieves","floor":19.0,"turns":5.0},{"damage":18.0,"enemies":"Sentry and Sphere","floor":21.0,"turns":7.0},{"damage":8.0,"enemies":"Centurion and Healer","floor":22.0,"turns":7.0},{"damage":7.0,"enemies":"Gremlin Leader","floor":25.0,"turns":8.0},{"damage":23.0,"enemies":"Book of Stabbing","floor":27.0,"turns":7.0},{"damage":2.0,"enemies":"Slavers","floor":30.0,"turns":4.0},{"damage":7.0,"enemies":"Automaton","floor":33.0,"turns":21.0},{"damage":0.0,"enemies":"3 Shapes","floor":35.0,"turns":7.0},{"damage":18.0,"enemies":"3 Darklings","floor":39.0,"turns":4.0},{"damage":32.0,"enemies":"Reptomancer","floor":41.0,"turns":5.0},{"damage":17.0,"enemies":"Maw","floor":47.0,"turns":6.0},{"damage":0.0,"enemies":"Giant Head","floor":48.0,"turns":1.0},{"damage":92,"enemies":"Time Eater","floor":50,"turns":15}],"seed_played":"4108072912455714719","potions_obtained":[{"floor":5.0,"key":"Regen Potion"},{"floor":11.0,"key":"EssenceOfSteel"},{"floor":12.0,"key":"ColorlessPotion"},{"floor":13.0,"key":"Regen Potion"},{"floor":16.0,"key":"Explosive Potion"},{"floor":18.0,"key":"BloodPotion"},{"floor":25.0,"key":"Explosive Potion"},{"floor":27.0,"key":"Explosive Potion"},{"floor":30.0,"key":"SmokeBomb"},{"floor":35.0,"key":"ElixirPotion"},{"floor":47.0,"key":"SneckoOil"}],"is_trial":false,"path_per_floor":["M","M","?","?","M","R","$","E","T","E","M","M","E","?","R","B",null,"M","M","?","M","M","R","$","E","T","E","T","R","E","?","R","B",null,"M","?","$","T","M","R","E","R","T","?","$","R","M","E","R","B"],"character_chosen":"IRONCLAD","items_purchased":["Hemokinesis","Oddly Smooth Stone","Ornamental Fan","CaptainsWheel","Feel No Pain"],"campfire_rested":1,"item_purchase_floors":[7,24,24,37,45],"current_hp_per_floor":[74,75,68,70,76,76,76,48,58,59,60,54,58,47,47,9,71,69,57,57,63,64,64,64,63,63,46,46,46,53,53,53,52,87,96,96,96,96,84,84,58,88,94,94,94,94,83,89,89,0,0],"gold":61,"neow_bonus":"THREE_ENEMY_KILL","is_daily":false,"chose_seed":false,"campfire_upgraded":5,"win_rate":0.0,"timestamp":1611437986,"path_taken":["M","?","?","?","M","R","?","E","T","E","M","M","E","?","R","BOSS","M","M","?","M","M","R","?","E","T","E","?","R","E","?","R","BOSS","M","?","?","?","M","R","E","R","T","?","$","R","M","E","R","BOSS"],"items_purchased_type":["Card","Relic","Relic","Relic","Card"],"build_version":"2020-12-22","purchased_purges":1,"victory":false,"max_hp_per_floor":[75,75,75,82,82,82,82,82,92,92,92,92,92,92,92,92,92,92,92,92,92,95,95,95,95,95,95,95,95,98,98,98,98,98,101,101,101,101,101,101,101,101,107,107,107,107,107,107,107,107,107],"relic_stats":{"Darkstone Periapt":6,"counters":[23,152],"StoneCalendar":[162],"Juzu Bracelet":1,"Whetstone":["Strike_R","Iron Wave"],"Ginger":[9],"Cursed Key":4,"Burning Blood":127,"Ornamental Fan":[72],"Tiny Chest":2,"Black Star":2,"Champion Belt":[37],"obtain_stats":[{"Darkstone Periapt":38,"Girya":26,"Pear":9,"NeowsBlessing":0,"Oddly Smooth Stone":24,"Vajra":43,"StoneCalendar":25,"Juzu Bracelet":8,"Incense Burner":30,"Whetstone":13,"Ginger":41,"Cursed Key":17,"Burning Blood":0,"White Beast Statue":41,"CaptainsWheel":37,"Ornamental Fan":24,"Strawberry":4,"Tiny Chest":10,"Bag of Marbles":27,"Black Star":34,"Champion Belt":28},{"Darkstone Periapt":18,"Girya":14,"Pear":4,"NeowsBlessing":0,"Oddly Smooth Stone":13,"Vajra":20,"StoneCalendar":14,"Juzu Bracelet":4,"Incense Burner":16,"Whetstone":8,"Ginger":20,"Cursed Key":9,"Burning Blood":0,"White Beast Statue":20,"CaptainsWheel":18,"Ornamental Fan":13,"Strawberry":2,"Tiny Chest":5,"Bag of Marbles":15,"Black Star":17,"Champion Belt":15},{"Darkstone Periapt":121,"Girya":82,"Pear":8,"NeowsBlessing":0,"Oddly Smooth Stone":74,"Vajra":130,"StoneCalendar":82,"Juzu Bracelet":8,"Incense Burner":93,"Whetstone":34,"Ginger":130,"Cursed Key":49,"Burning Blood":0,"White Beast Statue":130,"CaptainsWheel":121,"Ornamental Fan":74,"Strawberry":2,"Tiny Chest":14,"Bag of Marbles":89,"Black Star":114,"Champion Belt":89}]},"card_choices":[{"not_picked":["Anger","Flex"],"picked":"Twin Strike","floor":1.0},{"not_picked":["Body Slam","Anger"],"picked":"Rage","floor":2.0},{"not_picked":["Burning Pact","Sword Boomerang"],"picked":"Iron Wave","floor":5.0},{"not_picked":["Thunderclap","Cleave"],"picked":"Shockwave","floor":8.0},{"not_picked":["Pommel Strike","Wild Strike"],"picked":"Flame Barrier","floor":10.0},{"not_picked":["Body Slam","Clash"],"picked":"Iron Wave","floor":11.0},{"not_picked":["Perfected Strike","Flex"],"picked":"Entrench","floor":12.0},{"not_picked":["Inflame","Intimidate"],"picked":"Shrug It Off","floor":13.0},{"not_picked":["Fiend Fire","Corruption"],"picked":"Feed","floor":16.0},{"not_picked":["Havoc","Sword Boomerang","Warcry"],"picked":"SKIP","floor":18.0},{"not_picked":["Cleave","Corruption"],"picked":"Whirlwind+1","floor":19.0},{"not_picked":["Sword Boomerang","Warcry"],"picked":"Battle Trance","floor":21.0},{"not_picked":["Spot Weakness","Wild Strike"],"picked":"Armaments","floor":22.0},{"not_picked":["Power Through","Sentinel+1"],"picked":"Barricade","floor":25.0},{"not_picked":["Warcry","Wild Strike","Clothesline"],"picked":"SKIP","floor":27.0},{"not_picked":["Dual Wield","Heavy Blade","Bloodletting"],"picked":"SKIP","floor":30.0},{"not_picked":["Brutality","Barricade"],"picked":"Juggernaut","floor":33.0},{"not_picked":["Warcry","Clothesline+1"],"picked":"Inflame","floor":35.0},{"not_picked":["Wild Strike","Seeing Red+1"],"picked":"Heavy Blade+1","floor":39.0},{"not_picked":["Barricade","Seeing Red","Uppercut"],"picked":"SKIP","floor":41.0},{"not_picked":["Havoc+1","Reckless Charge"],"picked":"Shrug It Off","floor":47.0}],"player_experience":550908,"relics_obtained":[{"floor":8.0,"key":"Juzu Bracelet"},{"floor":9.0,"key":"Pear"},{"floor":10.0,"key":"Tiny Chest"},{"floor":13.0,"key":"Whetstone"},{"floor":25.0,"key":"StoneCalendar"},{"floor":26.0,"key":"Girya"},{"floor":27.0,"key":"Bag of Marbles"},{"floor":28.0,"key":"Champion Belt"},{"floor":30.0,"key":"Incense Burner"},{"floor":38.0,"key":"Darkstone Periapt"},{"floor":41.0,"key":"Ginger"},{"floor":41.0,"key":"White Beast Statue"},{"floor":43.0,"key":"Vajra"}],"event_choices":[{"cards_removed":["Strike_R"],"damage_healed":0.0,"max_hp_gain":0.0,"max_hp_loss":0.0,"gold_gain":0.0,"event_name":"Golden Wing","player_choice":"Card Removal","floor":3.0,"gold_loss":0.0,"damage_taken":7.0},{"damage_healed":0.0,"max_hp_gain":0.0,"max_hp_loss":0.0,"gold_gain":0.0,"event_name":"Scrap Ooze","player_choice":"Success","floor":4.0,"gold_loss":0.0,"damage_taken":5.0,"relics_obtained":["Strawberry"]},{"damage_healed":0.0,"max_hp_gain":0.0,"max_hp_loss":0.0,"gold_gain":75.0,"event_name":"World of Goop","player_choice":"Gather Gold","floor":14.0,"gold_loss":0.0,"damage_taken":11.0},{"damage_healed":0.0,"max_hp_gain":0.0,"max_hp_loss":0.0,"gold_gain":100.0,"event_name":"The Joust","player_choice":"Bet on Murderer","floor":20.0,"gold_loss":50.0,"damage_taken":0.0},{"cards_removed":["Strike_R"],"damage_healed":0.0,"max_hp_gain":0.0,"max_hp_loss":0.0,"gold_gain":0.0,"event_name":"Beggar","player_choice":"Gave Gold","floor":31.0,"gold_loss":75.0,"damage_taken":0.0},{"damage_healed":0.0,"max_hp_gain":0.0,"max_hp_loss":0.0,"gold_gain":300.0,"event_name":"Wheel of Change","player_choice":"Gold","floor":36.0,"gold_loss":0.0,"damage_taken":0.0},{"cards_removed":["Iron Wave"],"damage_healed":0.0,"max_hp_gain":0.0,"max_hp_loss":0.0,"gold_gain":0.0,"event_name":"Falling","player_choice":"Removed Attack","floor":44.0,"gold_loss":0.0,"damage_taken":0.0}],"is_beta":false,"boss_relics":[{"not_picked":["Coffee Dripper","Runic Dome"],"picked":"Cursed Key"},{"not_picked":["Philosopher\u0027s Stone","Tiny House"],"picked":"Black Star"}],"items_purged_floors":[37],"is_endless":false,"potions_floor_spawned":[5,11,12,13,16,18,25,27,30,35,47,48],"killed_by":"Time Eater","ascension_level":19}}