{"host":"sian7qp8a9pc9xwd","time":1611423253,"event":{"mods":["BaseMod","Minty Spire (QoL Compilation)","StSLib","SuperFastMode"],"gold_per_floor":[109,124,124,142,142,142,157,169,193,193,468,482,549,565,565,643,643,653,653,653,684,523,523,87,2,2,16,16,46,46,146,146,146,146],"floor_reached":33,"language":"ENG","playtime":982,"items_purged":["Strike_B+1"],"score":421,"play_id":"4aed56fe-5801-4a58-a21c-2be80a46e94b","local_time":"20210123123413","is_ascension_mode":true,"campfire_choices":[{"data":"Dualcast","floor":6,"key":"SMITH"},{"data":"Beam Cell","floor":10,"key":"SMITH"},{"data":"Go for the Eyes","floor":15,"key":"SMITH"},{"data":"Gash","floor":23,"key":"SMITH"},{"data":"Coolheaded","floor":28,"key":"SMITH"},{"data":"Swift Strike","floor":30,"key":"SMITH"},{"floor":32,"key":"REST"}],"circlet_count":0,"master_deck":["AscendersBane","Strike_B+1","Strike_B+1","Strike_B+1","Defend_B+1","Defend_B+1","Defend_B+1","Defend_B+1","Zap+1","Dualcast+1","All For One","Gash+1","Coolheaded+1","Beam Cell+1","Go for the Eyes+1","Regret","Core Surge","Steam","Good Instincts","Swift Strike+1","Go for the Eyes"],"relics":["Cracked Core","CultistMask","Vajra","Sozu","MawBank","Happy Flower","Bag of Marbles","Strawberry","Orichalcum","Juzu Bracelet","Shovel","Bottled Lightning"],"acts_visited":["Exordium","TheCity"],"potions_floor_usage":[14,16,33],"damage_taken":[{"damage":4,"enemies":"Jaw Worm","floor":1,"turns":3},{"damage":0,"enemies":"2 Louse","floor":2,"turns":2},{"damage":0,"enemies":"Cultist","floor":4,"turns":2},{"damage":6,"enemies":"Large Slime","floor":7,"turns":4},{"damage":11,"enemies":"Lots of Slimes","floor":8,"turns":5},{"damage":0,"enemies":"2 Fungi Beasts","floor":12,"turns":3},{"damage":3,"enemies":"Blue Slaver","floor":14,"turns":2},{"damage":23,"enemies":"Hexaghost","floor":16,"turns":7},{"damage":8,"enemies":"3 Byrds","floor":18,"turns":5},{"damage":8,"enemies":"2 Thieves","floor":21,"turns":3},{"damage":5,"enemies":"3 Cultists","floor":27,"turns":5},{"damage":6,"enemies":"Slavers","floor":29,"turns":5},{"damage":23,"enemies":"Colosseum Slavers","floor":31,"turns":4},{"damage":3,"enemies":"Colosseum Nobs","floor":31,"turns":4},{"damage":35,"enemies":"Automaton","floor":33,"turns":6}],"seed_played":"2967931078331222234","potions_obtained":[{"floor":2,"key":"Energy Potion"},{"floor":7,"key":"Dexterity Potion"},{"floor":12,"key":"Swift Potion"},{"floor":14,"key":"ColorlessPotion"}],"is_trial":false,"path_per_floor":["M","M","?","M","?","R","M","M","T","R","?","M","?","M","R","B",null,"M","?","T","M","$","R","$","?","T","M","R","E","R","?","R","B"],"character_chosen":"DEFECT","items_purchased":["Good Instincts","Swift Strike","Happy Flower","Bag of Marbles","Go for the Eyes"],"campfire_rested":1,"item_purchase_floors":[22,24,24,24,24],"current_hp_per_floor":[46,46,46,46,46,46,40,29,29,29,29,29,29,26,26,3,57,49,49,49,41,41,41,41,48,48,43,43,37,37,11,35,0,0],"gold":146,"neow_bonus":"THREE_RARE_CARDS","is_daily":false,"chose_seed":false,"campfire_upgraded":6,"win_rate":0.0,"timestamp":1611423253,"path_taken":["M","M","?","M","?","R","?","M","T","R","?","?","?","M","R","BOSS","M","?","?","M","$","R","$","?","T","?","R","E","R","?","R","BOSS"],"items_purchased_type":["Card","Card","Relic","Relic","Card"],"build_version":"2020-12-22","purchased_purges":1,"victory":false,"max_hp_per_floor":[75,75,75,75,75,75,75,75,75,75,75,75,75,75,75,75,75,75,75,75,75,75,75,75,82,82,82,82,82,82,82,82,82,82],"card_choices":[{"not_picked":["Core Surge","Hyperbeam"],"picked":"All For One","floor":0},{"not_picked":["Streamline","Go for the Eyes"],"picked":"Gash","floor":1},{"not_picked":["Recycle","Redo"],"picked":"Coolheaded","floor":2},{"not_picked":["Redo","Recycle","Self Repair"],"picked":"SKIP","floor":4},{"not_picked":["Heatsinks","Rip and Tear"],"picked":"Beam Cell","floor":7},{"not_picked":["Consume","Reboot"],"picked":"Go for the Eyes","floor":8},{"not_picked":["Sweeping Beam","Coolheaded","Darkness"],"picked":"SKIP","floor":12},{"not_picked":["Double Energy","Compile Driver","Hyperbeam"],"picked":"SKIP","floor":14},{"not_picked":["Fission","Creative AI"],"picked":"Core Surge","floor":16},{"not_picked":["Static Discharge","Barrage"],"picked":"Steam","floor":18},{"not_picked":["Streamline","Conserve Battery+1","Lockon"],"picked":"SKIP","floor":21},{"not_picked":["Turbo","Ball Lightning","Go for the Eyes"],"picked":"SKIP","floor":27},{"not_picked":["Capacitor","Turbo","Sweeping Beam"],"picked":"SKIP","floor":29}],"player_experience":773028,"relics_obtained":[{"floor":9,"key":"Vajra"},{"floor":20,"key":"MawBank"},{"floor":26,"key":"Orichalcum"},{"floor":29,"key":"Juzu Bracelet"},{"floor":31,"key":"Shovel"},{"floor":31,"key":"Bottled Lightning"}],"event_choices":[{"damage_healed":0,"gold_gain":0,"player_choice":"Grow","damage_taken":0,"max_hp_gain":0,"max_hp_loss":0,"event_name":"Living Wall","floor":3,"gold_loss":0,"cards_upgraded":["Zap"]},{"damage_healed":0,"gold_gain":0,"player_choice":"Trade","damage_taken":0,"relics_obtained":["CultistMask"],"max_hp_gain":0,"max_hp_loss":0,"event_name":"FaceTrader","floor":5,"gold_loss":0},{"damage_healed":0,"gold_gain":275,"player_choice":"Desecrate","damage_taken":0,"max_hp_gain":0,"max_hp_loss":0,"event_name":"Golden Shrine","floor":11,"gold_loss":0,"cards_obtained":["Regret"]},{"damage_healed":0,"gold_gain":67,"player_choice":"Gained Gold","damage_taken":0,"max_hp_gain":0,"max_hp_loss":0,"event_name":"Golden Wing","floor":13,"gold_loss":0},{"damage_healed":0,"gold_gain":0,"player_choice":"Simplicity","damage_taken":0,"max_hp_gain":0,"max_hp_loss":0,"event_name":"Back to Basics","floor":19,"gold_loss":0,"cards_upgraded":["Strike_B","Strike_B","Strike_B","Strike_B","Defend_B","Defend_B","Defend_B","Defend_B"]},{"damage_healed":0,"gold_gain":0,"player_choice":"Obtained Relic","damage_taken":0,"relics_obtained":["Strawberry"],"max_hp_gain":0,"max_hp_loss":0,"event_name":"Addict","floor":25,"gold_loss":85},{"damage_healed":0,"gold_gain":0,"player_choice":"Fight","damage_taken":0,"max_hp_gain":0,"max_hp_loss":0,"event_name":"Colosseum","floor":31,"gold_loss":0},{"damage_healed":0,"gold_gain":0,"player_choice":"Fought Nobs","damage_taken":0,"max_hp_gain":0,"max_hp_loss":0,"event_name":"Colosseum","floor":31,"gold_loss":0}],"is_beta":false,"boss_relics":[{"not_picked":["Velvet Choker","SacredBark"],"picked":"Sozu"}],"items_purged_floors":[22],"is_endless":false,"potions_floor_spawned":[2,7,12,14,21,27],"killed_by":"Automaton","ascension_level":13}}