{"host":"fxrgx7wt2cpkbhka","time":1611375211,"event":{"mods":["AchievementEnabler","BaseMod","Colored Powertips","Minty Spire (QoL Compilation)","Permanent Neow","Quick Restart","Slay-I","StSLib","Waifu the Spire"],"gold_per_floor":[109,109,109,127,142,142,157,137,137,152,183,198,215,215,215,311,311,322,340,340,54,54,83,83,99,99,99,99,99,117,129,129,129,129],"floor_reached":33,"language":"ENG","playtime":1613,"items_purged":[],"score":429,"play_id":"ff4f090e-bd5c-464f-833a-3a19d2b680f2","local_time":"20210122201331","is_ascension_mode":true,"campfire_choices":[{"data":"Leg Sweep","floor":6,"key":"SMITH"},{"floor":15,"key":"REST"},{"data":"Envenom","floor":27,"key":"SMITH"},{"data":"Survivor","floor":29,"key":"SMITH"},{"data":"Cloak And Dagger","floor":32,"key":"SMITH"}],"circlet_count":0,"master_deck":["AscendersBane","Defend_G","Defend_G","Defend_G","Defend_G","Defend_G","Survivor+1","Neutralize+1","Backstab","Leg Sweep+1","Cloak And Dagger+1","Deadly Poison+1","Dash","Dash","Envenom+1","Cloak And Dagger","Bite","Bite","Bite","Bite","Bite"],"relics":["Ring of the Snake","Ornamental Fan","Busted Crown","Sling","Bag of Marbles","FossilizedHelix","Enchiridion","Gremlin Horn"],"acts_visited":["Exordium","TheCity"],"potions_floor_usage":[16],"damage_taken":[{"damage":0,"enemies":"Cultist","floor":1,"turns":5},{"damage":0,"enemies":"2 Louse","floor":4,"turns":2},{"damage":2,"enemies":"Jaw Worm","floor":5,"turns":4},{"damage":24,"enemies":"Large Slime","floor":7,"turns":16},{"damage":0,"enemies":"Looter","floor":10,"turns":4},{"damage":28,"enemies":"Gremlin Nob","floor":11,"turns":5},{"damage":0,"enemies":"3 Louse","floor":12,"turns":4},{"damage":0,"enemies":"Gremlin Gang","floor":13,"turns":6},{"damage":30,"enemies":"The Guardian","floor":16,"turns":17},{"damage":19,"enemies":"Spheric Guardian","floor":18,"turns":8},{"damage":4,"enemies":"Shell Parasite","floor":19,"turns":10},{"damage":16,"enemies":"Book of Stabbing","floor":23,"turns":6},{"damage":1,"enemies":"Shelled Parasite and Fungi","floor":25,"turns":8},{"damage":0,"enemies":"Snecko","floor":30,"turns":6},{"damage":1,"enemies":"Sentry and Sphere","floor":31,"turns":7},{"damage":93,"enemies":"Automaton","floor":33,"turns":12}],"seed_played":"4885377750882180863","potions_obtained":[{"floor":1,"key":"LiquidBronze"},{"floor":8,"key":"BlessingOfTheForge"},{"floor":10,"key":"Ancient Potion"},{"floor":25,"key":"Ancient Potion"}],"is_trial":false,"path_per_floor":["M","?","?","M","M","R","M","?","T","M","E","M","M","?","R","B",null,"M","M","?","$","?","E","?","M","T","R","?","R","M","M","R","B"],"character_chosen":"THE_SILENT","items_purchased":["Sling","Bag of Marbles"],"campfire_rested":1,"item_purchase_floors":[21,21],"current_hp_per_floor":[63,63,63,63,61,61,37,37,37,39,13,15,17,17,38,10,55,38,36,59,59,59,55,39,54,54,54,54,54,64,70,70,0,0],"gold":129,"neow_bonus":"UPGRADE_CARD","is_daily":false,"chose_seed":false,"campfire_upgraded":4,"win_rate":0.0,"timestamp":1611375211,"path_taken":["M","?","?","M","?","R","M","?","T","M","E","?","?","?","R","BOSS","M","M","?","$","?","E","?","M","T","R","?","R","?","?","R","BOSS"],"items_purchased_type":["Relic","Relic"],"build_version":"2020-12-22","purchased_purges":0,"victory":false,"max_hp_per_floor":[70,70,70,70,70,70,70,70,70,70,70,70,70,70,70,70,70,70,70,70,70,70,70,70,70,70,70,70,70,70,70,70,70,70],"card_choices":[{"not_picked":["Distraction","PiercingWail","Bane"],"picked":"SKIP","floor":1},{"not_picked":["Deflect","Deadly Poison"],"picked":"Backstab","floor":4},{"not_picked":["Heel Hook","Quick Slash"],"picked":"Leg Sweep","floor":5},{"not_picked":["Quick Slash","Blur"],"picked":"Cloak And Dagger","floor":7},{"not_picked":["Underhanded Strike","PiercingWail"],"picked":"Deadly Poison","floor":10},{"not_picked":["Skewer","Prepared"],"picked":"Dash","floor":11},{"not_picked":["Burst","Leg Sweep","Deflect"],"picked":"SKIP","floor":12},{"not_picked":["Prepared","Deflect"],"picked":"Dash","floor":13},{"not_picked":["Glass Knife","Malaise"],"picked":"Envenom","floor":16},{"not_picked":[],"picked":"Cloak And Dagger","floor":18},{"not_picked":["All Out Attack"],"picked":"SKIP","floor":19},{"not_picked":["Calculated Gamble"],"picked":"SKIP","floor":23},{"not_picked":["Eviscerate+1"],"picked":"SKIP","floor":25},{"not_picked":["Sucker Punch"],"picked":"SKIP","floor":30},{"not_picked":["Slice"],"picked":"SKIP","floor":31}],"player_experience":729518,"relics_obtained":[{"floor":9,"key":"Blood Vial"},{"floor":11,"key":"Ornamental Fan"},{"floor":23,"key":"FossilizedHelix"},{"floor":24,"key":"Enchiridion"},{"floor":26,"key":"Gremlin Horn"}],"event_choices":[{"damage_healed":0,"gold_gain":0,"player_choice":"Leave","damage_taken":0,"max_hp_gain":0,"max_hp_loss":0,"event_name":"The Cleric","floor":2,"gold_loss":0},{"cards_removed":["Strike_G"],"damage_healed":0,"gold_gain":0,"player_choice":"Purged","damage_taken":0,"max_hp_gain":0,"max_hp_loss":0,"event_name":"Purifier","floor":3,"gold_loss":0},{"damage_healed":0,"gold_gain":0,"player_choice":"Bought 1 Potion","damage_taken":0,"max_hp_gain":0,"max_hp_loss":0,"event_name":"The Woman in Blue","floor":8,"gold_loss":0},{"damage_healed":0,"gold_gain":0,"player_choice":"Ignored","damage_taken":0,"max_hp_gain":0,"max_hp_loss":0,"event_name":"Golden Idol","floor":14,"gold_loss":0},{"damage_healed":23,"gold_gain":0,"player_choice":"Heal","damage_taken":0,"max_hp_gain":0,"max_hp_loss":0,"event_name":"The Library","floor":20,"gold_loss":0},{"damage_healed":0,"gold_gain":0,"player_choice":"Became a vampire (Vial)","damage_taken":0,"max_hp_gain":0,"max_hp_loss":0,"event_name":"Vampires","floor":22,"relics_lost":["Blood Vial"],"gold_loss":0,"cards_obtained":["Bite","Bite","Bite","Bite","Bite"]},{"damage_healed":0,"gold_gain":0,"player_choice":"Obtained Book","damage_taken":16,"max_hp_gain":0,"max_hp_loss":0,"event_name":"Cursed Tome","floor":24,"gold_loss":0},{"damage_healed":0,"gold_gain":0,"player_choice":"Upgraded","damage_taken":0,"max_hp_gain":0,"max_hp_loss":0,"event_name":"Upgrade Shrine","floor":28,"gold_loss":0,"cards_upgraded":["Deadly Poison"]}],"is_beta":false,"boss_relics":[{"not_picked":["Tiny House","Fusion Hammer"],"picked":"Busted Crown"}],"items_purged_floors":[],"is_endless":false,"potions_floor_spawned":[1,10,12,13,25,31],"killed_by":"Automaton","ascension_level":10}}