{"host":"pi8b3ffzwvxqztac","time":1611365015,"event":{"mods":["BaseMod","Colored Map","Downfall","Minty Spire (QoL Compilation)","StSLib","The Jungle"],"gold_per_floor":[99,111,126,137,153,53,101,114,149,49,76,89,99,37,49,151,151,151,170,186,186,186,220,304,316,228,258,290,313,337,384,409,520,532,544,566,121,30,50,50,50,69,119,134,111,111,143,157,175,175,175,204,51,51,51,51,51,51],"floor_reached":56,"language":"ENG","playtime":5689,"items_purged":["Doubt"],"score":1092,"play_id":"2e50e689-6a3a-4e03-9a65-38d2d00ebd34","local_time":"20210123142335","is_ascension_mode":true,"campfire_choices":[{"floor":1,"key":"RECALL"},{"data":"bronze:Boost","floor":6,"key":"SMITH"},{"data":"bronze:HardenedForm","floor":10,"key":"SMITH"},{"data":"bronze:GetLatest","floor":18,"key":"SMITH"},{"floor":26,"key":"REST"},{"data":"bronze:Verify","floor":35,"key":"SMITH"},{"data":"bronze:Iterate","floor":40,"key":"SMITH"},{"data":"bronze:MaxOutput","floor":46,"key":"SMITH"},{"data":"bronze:Shell","floor":54,"key":"SMITH"}],"circlet_count":0,"master_deck":["bronze:Defend","bronze:Defend","bronze:Defend","bronze:Defend","bronze:Replicate","bronze:Goto","bronze:DelayedGuard","bronze:Repair","bronze:Boost+1","bronze:HardenedForm+1","bronze:GetLatest+1","bronze:Separator","bronze:Branch","bronze:Deprecate","bronze:Verify+1","bronze:Shell+1","bronze:Optimize+1","Ghostly","Ghostly","Ghostly","Ghostly","Ghostly","Bite","Bite","Bite","Bite","Bite","bronze:Repulsor+1","Ghostly","Ghostly","bronze:ChosenStrike","bronze:FineTuning","bronze:BronzeOrb","bronze:RecursiveStrike","bronze:Format","bronze:Iterate+1","Panacea","bronze:ForceShield+1","bronze:ForceShield","bronze:InfiniteBeams+1","bronze:Return+1","bronze:MaxOutput+1"],"relics":["bronze:BronzeCore","downfall:HeartBlessingRed","Potion Belt","downfall:HeartBlessingBlue","Odd Mushroom","Black Star","PreservedInsect","MawBank","Mummified Hand","downfall:HeartBlessingGreen","Sundial","Thread and Needle","Velvet Choker","hexamod:CandleOfCauterizing","Bird Faced Urn","Ice Cream","Bag of Preparation","Toy Ornithopter","Pen Nib","Letter Opener","Bottled Flame","bronze:ProtectiveGoggles","Happy Flower"],"acts_visited":["Exordium","TheCity","TheBeyond","TheEnding"],"potions_floor_usage":[11,16,16,16,19,27,29,32,42,45,45,45,55,55,55],"damage_taken":[{"damage":3,"enemies":"Jaw Worm","floor":2,"turns":4},{"damage":0,"enemies":"Small Slimes","floor":3,"turns":3},{"damage":6,"enemies":"2 Louse","floor":4,"turns":5},{"damage":5,"enemies":"Red Slaver","floor":5,"turns":4},{"damage":0,"enemies":"Blue Slaver","floor":8,"turns":3},{"damage":17,"enemies":"Lagavulin","floor":9,"turns":8},{"damage":7,"enemies":"The Mushroom Lair","floor":11,"turns":5},{"damage":1,"enemies":"Exordium Thugs","floor":12,"turns":4},{"damage":0,"enemies":"2 Fungi Beasts","floor":13,"turns":3},{"damage":0,"enemies":"downfall:FleeingMerchant","floor":14,"turns":4},{"damage":0,"enemies":"Large Slime","floor":15,"turns":4},{"damage":42,"enemies":"SI_SHIV_ARCHETYPE","floor":16,"turns":10},{"damage":20,"enemies":"Spheric Guardian","floor":19,"turns":5},{"damage":68,"enemies":"3 Cultists","floor":20,"turns":7},{"damage":30,"enemies":"Gremlin Leader","floor":23,"turns":9},{"damage":0,"enemies":"Snake Plant","floor":27,"turns":2},{"damage":15,"enemies":"Centurion and Healer","floor":28,"turns":11},{"damage":22,"enemies":"3 Cultists","floor":29,"turns":8},{"damage":10,"enemies":"Cultist and Chosen","floor":30,"turns":11},{"damage":0,"enemies":"Book of Stabbing","floor":31,"turns":6},{"damage":0,"enemies":"Centurion and Healer","floor":32,"turns":8},{"damage":0,"enemies":"WA_ARCHETYPE_CALM","floor":33,"turns":13},{"damage":0,"enemies":"3 Darklings","floor":36,"turns":7},{"damage":0,"enemies":"downfall:FleeingMerchant","floor":37,"turns":4},{"damage":0,"enemies":"downfall:FleeingMerchant","floor":38,"turns":4},{"damage":7,"enemies":"3 Shapes","floor":39,"turns":4},{"damage":18,"enemies":"Spire Growth","floor":42,"turns":5},{"damage":0,"enemies":"Spire Growth","floor":43,"turns":6},{"damage":1,"enemies":"Sphere and 2 Shapes","floor":44,"turns":5},{"damage":0,"enemies":"downfall:FleeingMerchant","floor":45,"turns":4},{"damage":0,"enemies":"Giant Head","floor":47,"turns":8},{"damage":14,"enemies":"4 Shapes","floor":48,"turns":5},{"damage":0,"enemies":"Jaw Worm Horde","floor":49,"turns":5},{"damage":2,"enemies":"DF_ARCHETYPE_ORBS","floor":50,"turns":12},{"damage":0,"enemies":"downfall:CharBossMerchant","floor":52,"turns":9},{"damage":2,"enemies":"downfall:NeowBoss","floor":55,"turns":14},{"damage":76,"enemies":"downfall:NeowBossFinal","floor":56,"turns":8}],"seed_played":"2602053575086376747","potions_obtained":[{"floor":3,"key":"Energy Potion"},{"floor":5,"key":"PowerPotion"},{"floor":9,"key":"Weak Potion"},{"floor":12,"key":"Fire Potion"},{"floor":16,"key":"Energy Potion"},{"floor":23,"key":"Slimebound:ThreeZeroPotion"},{"floor":28,"key":"Fire Potion"},{"floor":30,"key":"Guardian:BlockOnCardUsePotion"},{"floor":32,"key":"Fruit Juice"},{"floor":33,"key":"bronze:BurnAndBuffPotion"},{"floor":36,"key":"bronze:CleanCodePotion"},{"floor":42,"key":"bronze:FreeFunctionsPotion"},{"floor":43,"key":"Strength Potion"},{"floor":44,"key":"Ancient Potion"},{"floor":49,"key":"champ:CounterPotion"}],"is_trial":false,"path_per_floor":["R","M","M","M","M","R","T","M","E","R","?","M","M","$","M","B",null,"R","M","M","?","?","E","T","?","R","M","M","M","M","E","M","B",null,"R","M","$","$","M","R","T","M","?","M","$","R","E","M","M","B",null,"E","$","R","B","B"],"character_chosen":"THE_AUTOMATON","items_purchased":["bronze:Branch","bronze:Iterate","hexamod:CandleOfCauterizing","Panacea","bronze:ForceShield","Bag of Preparation","bronze:MaxOutput","Toy Ornithopter","Happy Flower"],"campfire_rested":1,"item_purchase_floors":[14,37,37,37,38,45,45,45,53],"current_hp_per_floor":[77,74,74,71,73,73,73,77,60,70,70,76,83,87,87,52,87,87,74,13,13,13,1,1,1,10,12,22,15,22,30,35,35,35,35,35,35,35,28,28,28,17,35,35,35,35,35,33,35,35,35,35,35,35,35,0,0,0],"gold":51,"neow_bonus":"TEN_PERCENT_HP_BONUS","is_daily":false,"chose_seed":false,"campfire_upgraded":7,"win_rate":0.0,"timestamp":1611365015,"path_taken":["R","M","M","M","M","R","T","M","E","R","?","M","M","$","M","BOSS","R","M","M","?","?","E","T","?","R","M","M","M","M","E","M","BOSS","R","M","?","$","M","R","T","M","?","M","$","R","E","M","M","BOSS","E","$","R","BOSS","BOSS"],"items_purchased_type":["Card","Card","Relic","Card","Card","Relic","Card","Relic","Relic"],"build_version":"2020-12-22","purchased_purges":1,"victory":false,"max_hp_per_floor":[77,77,77,77,77,77,77,77,77,87,87,87,87,87,87,87,87,87,87,87,43,30,30,30,30,30,30,30,30,30,30,35,35,35,35,35,35,35,35,35,35,35,35,35,35,35,35,35,35,35,35,35,35,35,35,35,35,35],"card_choices":[{"not_picked":["bronze:Invalidate","bronze:Deprecate"],"picked":"bronze:DelayedGuard","floor":2},{"not_picked":["bronze:WhirlingStrike","bronze:Frontload"],"picked":"bronze:Repair","floor":3},{"not_picked":["bronze:Turbo","bronze:Frontload"],"picked":"bronze:Boost","floor":4},{"not_picked":["bronze:OilSpill","bronze:BugBarrage","bronze:Separator"],"picked":"SKIP","floor":5},{"not_picked":["bronze:OilSpill","bronze:Overheat","bronze:BuggyMess"],"picked":"SKIP","floor":8},{"not_picked":["bronze:BitShift","bronze:WhirlingStrike"],"picked":"bronze:HardenedForm","floor":9},{"not_picked":["bronze:DelayedGuard","bronze:Separator"],"picked":"bronze:GetLatest","floor":12},{"not_picked":["bronze:Overheat","bronze:Constructor","bronze:BuggyMess"],"picked":"SKIP","floor":13},{"not_picked":["bronze:BuggyMess","bronze:ItsAFeature"],"picked":"bronze:Separator","floor":14},{"not_picked":["bronze:BuggyMess","bronze:CloningBeam"],"picked":"bronze:Deprecate","floor":15},{"not_picked":["bronze:RecursiveStrike","bronze:Hardcode"],"picked":"bronze:Verify","floor":16},{"not_picked":["bronze:WildBeam","bronze:Turbo"],"picked":"bronze:Shell","floor":19},{"not_picked":["bronze:ChildClass","bronze:Philosophize"],"picked":"bronze:Optimize+1","floor":20},{"not_picked":["bronze:Branch","bronze:WildBeam+1"],"picked":"bronze:Repulsor+1","floor":23},{"not_picked":["bronze:BugBarrage+1","bronze:Boost","bronze:CutThrough"],"picked":"SKIP","floor":27},{"not_picked":["bronze:Invalidate","bronze:BugBarrage"],"picked":"bronze:ChosenStrike","floor":28},{"not_picked":["bronze:Deprecate","bronze:BronzeArmor+1"],"picked":"bronze:FineTuning","floor":29},{"not_picked":["bronze:WhirlingStrike","bronze:NullPointer"],"picked":"bronze:BronzeOrb","floor":30},{"not_picked":["bronze:Deprecate","bronze:Branch"],"picked":"bronze:RecursiveStrike","floor":31},{"not_picked":["bronze:FineTuning","bronze:Shield+1","bronze:Invalidate"],"picked":"SKIP","floor":32},{"not_picked":["bronze:Hardcode","bronze:FindAndReplace"],"picked":"bronze:Format","floor":33},{"not_picked":["bronze:ClassDefault","bronze:CloningBeam+1","bronze:Shield"],"picked":"SKIP","floor":36},{"not_picked":["bronze:WhirlingStrike+1","bronze:BugBarrage","bronze:Assembly"],"picked":"SKIP","floor":37},{"not_picked":["bronze:Branch+1","bronze:BitShift"],"picked":"bronze:ForceShield+1","floor":38},{"not_picked":["bronze:Overheat+1","bronze:ForceShield"],"picked":"bronze:InfiniteBeams+1","floor":39},{"not_picked":["bronze:ChosenStrike","bronze:TinkerersToolbox","bronze:ClassDefault"],"picked":"SKIP","floor":42},{"not_picked":["bronze:BronzeArmor","bronze:DigitalCarnage"],"picked":"bronze:Return+1","floor":44},{"not_picked":["bronze:Fortify","bronze:OilSpill+1","bronze:Boost"],"picked":"SKIP","floor":45},{"not_picked":["bronze:BronzeOrb+1","bronze:InfiniteBeams","bronze:BitShift"],"picked":"SKIP","floor":47},{"not_picked":["bronze:BronzeArmor","bronze:Shield+1","bronze:Overheat+1"],"picked":"SKIP","floor":48},{"not_picked":["bronze:WildBeam","bronze:Separator","bronze:Allocate"],"picked":"SKIP","floor":49},{"not_picked":["bronze:BronzeArmor","bronze:Optimize","bronze:CutThrough+1"],"picked":"SKIP","floor":52}],"player_experience":567289,"relics_obtained":[{"floor":9,"key":"Potion Belt"},{"floor":11,"key":"Odd Mushroom"},{"floor":23,"key":"PreservedInsect"},{"floor":23,"key":"MawBank"},{"floor":24,"key":"Mummified Hand"},{"floor":31,"key":"Sundial"},{"floor":31,"key":"Thread and Needle"},{"floor":41,"key":"Bird Faced Urn"},{"floor":43,"key":"Ice Cream"},{"floor":47,"key":"Pen Nib"},{"floor":47,"key":"Letter Opener"},{"floor":52,"key":"Bottled Flame"},{"floor":52,"key":"bronze:ProtectiveGoggles"}],"event_choices":[{"damage_healed":0,"gold_gain":0,"player_choice":"Fought Mushrooms","damage_taken":0,"max_hp_gain":0,"max_hp_loss":0,"event_name":"Mushrooms","floor":11,"gold_loss":0},{"damage_healed":0,"gold_gain":0,"player_choice":"Became a Ghost","damage_taken":0,"max_hp_gain":0,"max_hp_loss":44,"event_name":"Ghosts","floor":21,"gold_loss":0,"cards_obtained":["Ghostly","Ghostly","Ghostly","Ghostly","Ghostly"]},{"damage_healed":0,"gold_gain":0,"player_choice":"Became a vampire","damage_taken":0,"max_hp_gain":0,"max_hp_loss":13,"event_name":"Vampires","floor":22,"gold_loss":0,"cards_obtained":["Bite","Bite","Bite","Bite","Bite"]}],"is_beta":false,"boss_relics":[{"not_picked":["Busted Crown","Philosopher\u0027s Stone"],"picked":"Black Star"},{"not_picked":["Coffee Dripper","Cursed Key"],"picked":"Velvet Choker"}],"items_purged_floors":[37],"is_endless":false,"potions_floor_spawned":[3,5,9,12,16,23,28,30,32,33,36,42,43,44,49],"killed_by":"downfall:NeowBossFinal","ascension_level":4}}