{"host":"7k2a2omxz3voj5ax","time":1611366701,"event":{"mods":["BaseMod","Marisa£¨ìFÓê¡¡Ä§ÀíÉ³£©","Minty Spire (QoL Compilation)","Quick Restart","Spicy Shops","StSLib","Starting Relic: Pandora\u0027s Box","¡¾ÒÅÎï¿¨ÅÆ¡¿REMEMod","óô»ðÖ¸ÄÏ"],"gold_per_floor":[114,125,50,121,137,137,166,166,166,197,208,235,2,2,2,74,74,84,94,94,106,27,27,27,27],"floor_reached":24,"language":"ZHS","playtime":876,"items_purged":["GravityBeat","MasterSpark"],"score":428,"play_id":"7ce79254-f901-4334-a690-a65a6d3e4b5d","local_time":"20210123105141","is_ascension_mode":true,"campfire_choices":[{"data":"UltimateShortwave","floor":6.0,"key":"SMITH"},{"data":"MachineGunSpark","floor":8.0,"key":"SMITH"},{"floor":15.0,"key":"REST"},{"data":"BlazeAway","floor":23,"key":"SMITH"}],"circlet_count":0,"master_deck":["AscendersBane","UpSweep","WitchLeyline","UnstableBomb","GalacticHalo","Singularity","GrandCross","NonDirectionalLaser","UltimateShortwave+1","ShootingEcho","6A","MachineGunSpark+1","PowerUp","BlazeAway+1","BlazingStar"],"relics":["MiniHakkero","REME_ComplimentaryCards","NeowsBlessing","Blue Candle","Strawberry","HandmadeGrimoire","Pocketwatch","Membership Card","Coffee Dripper","Nloth\u0027s Gift","REME_PuzzleBoxRelic"],"acts_visited":["Exordium","TheCity"],"potions_floor_usage":[],"damage_taken":[{"damage":0.0,"enemies":"Cultist","floor":1.0,"turns":1.0},{"damage":0.0,"enemies":"Small Slimes","floor":2.0,"turns":1.0},{"damage":0.0,"enemies":"2 Louse","floor":5.0,"turns":1.0},{"damage":39.0,"enemies":"3 Sentries","floor":7.0,"turns":6.0},{"damage":10.0,"enemies":"Gremlin Nob","floor":10.0,"turns":3.0},{"damage":0.0,"enemies":"Exordium Thugs","floor":11.0,"turns":2.0},{"damage":12.0,"enemies":"Lagavulin","floor":12.0,"turns":4.0},{"damage":27.0,"enemies":"The Guardian","floor":16.0,"turns":6.0},{"damage":0.0,"enemies":"2 Thieves","floor":18.0,"turns":2.0},{"damage":16.0,"enemies":"Shell Parasite","floor":19.0,"turns":2.0},{"damage":16.0,"enemies":"Centurion and Healer","floor":21.0,"turns":2.0},{"damage":100020,"enemies":"Book of Stabbing","floor":24,"turns":3}],"seed_played":"-9052437275449699260","potions_obtained":[{"floor":5.0,"key":"Fruit Juice"},{"floor":7.0,"key":"Explosive Potion"},{"floor":16.0,"key":"ShroomBrew"},{"floor":19.0,"key":"SteroidPotion"}],"is_trial":false,"path_per_floor":["M","M","$","T","M","R","E","R","T","E","M","E","R","?","R","B",null,"M","M","?","M","$","R","E"],"character_chosen":"MARISA","items_purchased":["Membership Card","BlazeAway","REME_PuzzleBoxRelic"],"campfire_rested":1,"item_purchase_floors":[13,13,22],"current_hp_per_floor":[63,63,63,63,63,63,36,36,36,26,26,14,14,7,31,4,63,63,47,47,31,31,31,0,0],"gold":27,"neow_bonus":"THREE_ENEMY_KILL","is_daily":false,"chose_seed":false,"campfire_upgraded":3,"win_rate":0.0,"timestamp":1611366701,"path_taken":["M","?","$","?","M","R","E","R","T","E","M","E","R","?","R","BOSS","M","M","?","M","?","R","E"],"items_purchased_type":["Relic","Card","Relic"],"build_version":"2020-12-22","purchased_purges":2,"victory":false,"max_hp_per_floor":[70,70,70,70,70,70,82,82,82,82,82,82,82,82,82,82,82,82,82,82,82,82,82,82,82],"card_choices":[{"not_picked":["MilkyWay","FairyDestructionRay","LuminesStrike"],"picked":"SKIP","floor":1.0},{"not_picked":["MilkyWay","IllusionStar"],"picked":"ShootingEcho","floor":2.0},{"not_picked":["DeepEcoloBomb","EventHorizon"],"picked":"6A","floor":5.0},{"not_picked":["ManaConvection","PropBag"],"picked":"MachineGunSpark","floor":7.0},{"not_picked":["IllusionStar","AsteroidBelt","6A"],"picked":"SKIP","floor":10.0},{"not_picked":["DoubleSpark","UnstableBomb","GrandCross"],"picked":"SKIP","floor":11.0},{"not_picked":["TreasureHunter","SprinkleStarSeal"],"picked":"PowerUp","floor":12.0},{"not_picked":["BigCrunch","StarDustReverie"],"picked":"BlazingStar","floor":16.0},{"not_picked":["OortCloud","RefractionSpark","6A"],"picked":"SKIP","floor":18.0},{"not_picked":["GravityBeat","SporeBomb","LuminesStrike+1"],"picked":"SKIP","floor":19.0},{"not_picked":["GravityBeat","SporeBomb","LuminesStrike+1"],"picked":"SKIP","floor":19.0},{"not_picked":["GravityBeat","SporeBomb","LuminesStrike+1"],"picked":"SKIP","floor":19.0},{"not_picked":["GravityBeat","SporeBomb","LuminesStrike+1"],"picked":"SKIP","floor":19.0},{"not_picked":["GravityBeat","SporeBomb","LuminesStrike+1"],"picked":"SKIP","floor":19.0},{"not_picked":["GravityBeat","SporeBomb","LuminesStrike+1"],"picked":"SKIP","floor":19.0},{"not_picked":["BlazingStar","OneTimeOff","SuperPerseids"],"picked":"SKIP","floor":21.0},{"not_picked":["BlazingStar","OneTimeOff","SuperPerseids"],"picked":"SKIP","floor":21.0}],"player_experience":473185,"relics_obtained":[{"floor":4.0,"key":"Blue Candle"},{"floor":7.0,"key":"Strawberry"},{"floor":9.0,"key":"Bottled Lightning"},{"floor":10.0,"key":"HandmadeGrimoire"},{"floor":12.0,"key":"Pocketwatch"}],"event_choices":[{"cards_removed":["LuminesStrike"],"damage_healed":0.0,"max_hp_gain":0.0,"max_hp_loss":0.0,"gold_gain":0.0,"event_name":"Golden Wing","player_choice":"Card Removal","floor":14.0,"gold_loss":0.0,"damage_taken":7.0},{"damage_healed":0.0,"max_hp_gain":0.0,"max_hp_loss":0.0,"gold_gain":0.0,"event_name":"N\u0027loth","player_choice":"Traded Relic","floor":20.0,"relics_lost":["Bottled Lightning"],"gold_loss":0.0,"damage_taken":0.0,"relics_obtained":["Nloth\u0027s Gift"]}],"is_beta":false,"boss_relics":[{"not_picked":["Philosopher\u0027s Stone","Sozu"],"picked":"Coffee Dripper"}],"items_purged_floors":[3,13],"is_endless":false,"potions_floor_spawned":[5,7,16,19],"killed_by":"Book of Stabbing","ascension_level":20}}