{"host":"1tl36azeqm6yhdgj","time":1611400847,"event":{"mods":["AchievementEnabler","BaseMod","Minty Spire (QoL Compilation)","StSLib","The IronCluck","everything is the same but u backflip on backflip"],"gold_per_floor":[360,51,71,89,107,107,137,137,191,214,248,248,248,283,283,361,361,375,300,317,59,59,86,101,101,101,128,141,141,141,168,168,245,245,257,277,17,35,35,35,70,70,115,0,32,32,64,77,77,77,77,77],"floor_reached":51,"language":"ENG","playtime":2017,"items_purged":["Writhe"],"score":1618,"play_id":"0da400a8-dc3e-41a1-a1ad-317e2b022fbf","local_time":"20210123062047","is_ascension_mode":true,"campfire_choices":[{"data":"Apotheosis","floor":6.0,"key":"SMITH"},{"floor":8.0,"key":"REST"},{"data":"Double Tap","floor":12.0,"key":"SMITH"},{"data":"Bash","floor":15.0,"key":"SMITH"},{"floor":25.0,"key":"REST"},{"floor":30.0,"key":"REST"},{"floor":32.0,"key":"REST"},{"floor":40.0,"key":"RECALL"},{"floor":46.0,"key":"REST"},{"floor":49.0,"key":"REST"}],"circlet_count":0,"master_deck":["AscendersBane","Strike_R+1","Defend_R+1","Bash+1","Flex+1","Apotheosis+1","Bandage Up","Clash","Double Tap+1","Cleave","Shrug It Off+1","True Grit+1","Anger+1","Ghostly Armor+1","Barricade","Shrug It Off+1","Carnage","Panacea+1","Pummel","Burning Pact+1","Blood for Blood+1","Double Tap+1","Cleave+1","Power Through+1","Shockwave+1","Infernal Blade+1","Flash of Steel","Metallicize","Anger+1","Writhe","Dropkick","Inflame"],"relics":["Burning Blood","Toxic Egg 2","War Paint","Odd Mushroom","Lantern","Art of War","Busted Crown","Juzu Bracelet","Whetstone","Bottled Lightning","Centennial Puzzle","Strawberry","Astrolabe","PreservedInsect","Potion Belt","Red Mask","The Courier","Bag of Marbles"],"acts_visited":["Exordium","TheCity","TheBeyond"],"potions_floor_usage":[],"damage_taken":[{"damage":3.0,"enemies":"Small Slimes","floor":1.0,"turns":3.0},{"damage":2.0,"enemies":"Cultist","floor":3.0,"turns":4.0},{"damage":16.0,"enemies":"2 Louse","floor":4.0,"turns":3.0},{"damage":6.0,"enemies":"2 Fungi Beasts","floor":5.0,"turns":3.0},{"damage":48.0,"enemies":"Gremlin Nob","floor":7.0,"turns":4.0},{"damage":8.0,"enemies":"The Mushroom Lair","floor":10.0,"turns":5.0},{"damage":14.0,"enemies":"3 Sentries","floor":11.0,"turns":5.0},{"damage":0.0,"enemies":"Gremlin Nob","floor":14.0,"turns":2.0},{"damage":13.0,"enemies":"Hexaghost","floor":16.0,"turns":9.0},{"damage":14.0,"enemies":"Chosen","floor":18.0,"turns":6.0},{"damage":26.0,"enemies":"3 Byrds","floor":20.0,"turns":5.0},{"damage":38.0,"enemies":"Book of Stabbing","floor":23.0,"turns":5.0},{"damage":0.0,"enemies":"Centurion and Healer","floor":24.0,"turns":5.0},{"damage":46.0,"enemies":"Slavers","floor":27.0,"turns":8.0},{"damage":10.0,"enemies":"3 Cultists","floor":28.0,"turns":4.0},{"damage":29.0,"enemies":"Book of Stabbing","floor":31.0,"turns":4.0},{"damage":24.0,"enemies":"Collector","floor":33.0,"turns":8.0},{"damage":11.0,"enemies":"3 Shapes","floor":35.0,"turns":10.0},{"damage":32.0,"enemies":"3 Darklings","floor":36.0,"turns":3.0},{"damage":9.0,"enemies":"Writhing Mass","floor":38.0,"turns":4.0},{"damage":6.0,"enemies":"Giant Head","floor":41.0,"turns":7.0},{"damage":34.0,"enemies":"Reptomancer","floor":45.0,"turns":5.0},{"damage":0.0,"enemies":"Nemesis","floor":47.0,"turns":5.0},{"damage":49.0,"enemies":"Transient","floor":48.0,"turns":6.0},{"damage":55.0,"enemies":"Time Eater","floor":50.0,"turns":10.0},{"damage":39,"enemies":"Awakened One","floor":51,"turns":3}],"seed_played":"7808283069576516279","potions_obtained":[{"floor":4.0,"key":"SkillPotion"},{"floor":7.0,"key":"LiquidBronze"},{"floor":10.0,"key":"Explosive Potion"},{"floor":11.0,"key":"Fire Potion"},{"floor":18.0,"key":"Dexterity Potion"},{"floor":23.0,"key":"EssenceOfSteel"},{"floor":28.0,"key":"LiquidMemories"},{"floor":31.0,"key":"Swift Potion"},{"floor":33.0,"key":"BlessingOfTheForge"},{"floor":36.0,"key":"Block Potion"},{"floor":38.0,"key":"Fruit Juice"},{"floor":41.0,"key":"EssenceOfSteel"},{"floor":47.0,"key":"DuplicationPotion"},{"floor":48.0,"key":"Strength Potion"}],"is_trial":false,"path_per_floor":["M","$","M","M","M","R","E","R","T","?","E","R","?","E","R","B",null,"M","?","M","$","?","E","M","R","T","E","M","?","R","E","R","B",null,"M","M","$","M","?","R","E","?","T","?","E","R","E","M","R","B","B"],"character_chosen":"IRONCLAD","items_purchased":["Apotheosis","Bandage Up","Juzu Bracelet","Panacea+1","Flash of Steel","Metallicize"],"campfire_rested":6,"item_purchase_floors":[2,2,21,21,37,37],"current_hp_per_floor":[53,53,61,55,61,61,25,47,47,51,49,49,49,55,55,54,70,67,67,53,53,53,27,39,61,61,25,27,27,49,39,63,51,74,75,55,55,63,63,63,69,86,86,86,59,85,87,50,76,33,0,0],"gold":77,"neow_bonus":"TWO_FIFTY_GOLD","is_daily":false,"chose_seed":false,"campfire_upgraded":3,"win_rate":0.0,"timestamp":1611400847,"path_taken":["M","$","M","M","M","R","E","R","T","?","E","R","?","E","R","BOSS","M","?","?","$","?","E","M","R","T","E","M","?","R","E","R","BOSS","M","M","$","M","?","R","E","?","T","?","E","R","E","M","R","BOSS","BOSS"],"items_purchased_type":["Card","Card","Relic","Card","Card","Card"],"build_version":"2020-12-22","purchased_purges":1,"victory":false,"max_hp_per_floor":[75,75,75,75,75,75,75,75,75,75,75,75,75,75,75,75,75,75,75,75,75,75,75,75,75,75,75,75,75,75,82,82,82,82,82,82,82,87,87,87,87,87,87,87,87,87,87,87,87,87,87,87],"card_choices":[{"not_picked":["Pommel Strike","Thunderclap"],"picked":"Flex","floor":1.0},{"not_picked":["Blood for Blood","Armaments"],"picked":"Clash","floor":3.0},{"not_picked":["Pommel Strike","Rage"],"picked":"Double Tap","floor":4.0},{"not_picked":["Rage","Perfected Strike"],"picked":"Cleave","floor":5.0},{"not_picked":["Havoc+1","Perfected Strike"],"picked":"Shrug It Off+1","floor":7.0},{"not_picked":["Second Wind+1","Combust"],"picked":"True Grit+1","floor":10.0},{"not_picked":["Heavy Blade","Pommel Strike"],"picked":"Anger","floor":11.0},{"not_picked":["Combust","Twin Strike"],"picked":"Ghostly Armor+1","floor":14.0},{"not_picked":["Corruption","Juggernaut"],"picked":"Barricade","floor":16.0},{"not_picked":["True Grit+1"],"picked":"SKIP","floor":18.0},{"not_picked":["Heavy Blade"],"picked":"SKIP","floor":20.0},{"not_picked":["Blood for Blood"],"picked":"SKIP","floor":23.0},{"not_picked":["Heavy Blade"],"picked":"SKIP","floor":24.0},{"not_picked":["Pummel"],"picked":"SKIP","floor":27.0},{"not_picked":[],"picked":"Pummel","floor":27.0},{"not_picked":[],"picked":"Burning Pact+1","floor":28.0},{"not_picked":[],"picked":"Blood for Blood+1","floor":31.0},{"not_picked":[],"picked":"Double Tap+1","floor":33.0},{"not_picked":[],"picked":"Shockwave+1","floor":35.0},{"not_picked":[],"picked":"Infernal Blade+1","floor":36.0},{"not_picked":[],"picked":"Anger+1","floor":38.0},{"not_picked":["Perfected Strike"],"picked":"SKIP","floor":41.0},{"not_picked":[],"picked":"Dropkick","floor":45.0},{"not_picked":[],"picked":"Inflame","floor":47.0},{"not_picked":["Anger"],"picked":"SKIP","floor":48.0}],"player_experience":2021166,"relics_obtained":[{"floor":7.0,"key":"Toxic Egg 2"},{"floor":9.0,"key":"War Paint"},{"floor":10.0,"key":"Odd Mushroom"},{"floor":11.0,"key":"Lantern"},{"floor":14.0,"key":"Art of War"},{"floor":23.0,"key":"Whetstone"},{"floor":27.0,"key":"Bottled Lightning"},{"floor":31.0,"key":"Strawberry"},{"floor":41.0,"key":"PreservedInsect"},{"floor":43.0,"key":"Potion Belt"},{"floor":45.0,"key":"The Courier"},{"floor":47.0,"key":"Bag of Marbles"}],"event_choices":[{"damage_healed":0.0,"max_hp_gain":0.0,"max_hp_loss":0.0,"gold_gain":0.0,"event_name":"Mushrooms","player_choice":"Fought Mushrooms","floor":10.0,"gold_loss":0.0,"damage_taken":0.0},{"cards_removed":["Strike_R"],"damage_healed":0.0,"max_hp_gain":0.0,"max_hp_loss":0.0,"gold_gain":0.0,"event_name":"Purifier","player_choice":"Purged","floor":13.0,"gold_loss":0.0,"damage_taken":0.0},{"damage_healed":0.0,"max_hp_gain":0.0,"max_hp_loss":0.0,"gold_gain":0.0,"cards_transformed":["Strike_R","Defend_R"],"event_name":"Designer","player_choice":"Transformed Cards","floor":19.0,"gold_loss":75.0,"damage_taken":0.0,"cards_obtained":["Shrug It Off","Carnage"]},{"cards_removed":["Strike_R"],"damage_healed":0.0,"max_hp_gain":0.0,"max_hp_loss":0.0,"gold_gain":0.0,"event_name":"Back to Basics","player_choice":"Elegance","floor":22.0,"gold_loss":0.0,"damage_taken":0.0},{"damage_healed":0.0,"max_hp_gain":0.0,"max_hp_loss":0.0,"gold_gain":0.0,"event_name":"The Mausoleum","player_choice":"Opened","floor":29.0,"gold_loss":0.0,"damage_taken":0.0,"relics_obtained":["Centennial Puzzle"],"cards_obtained":["Writhe"]},{"cards_removed":["Searing Blow"],"damage_healed":0.0,"max_hp_gain":0.0,"max_hp_loss":0.0,"gold_gain":0.0,"event_name":"Falling","player_choice":"Removed Attack","floor":39.0,"gold_loss":0.0,"damage_taken":0.0},{"damage_healed":17.0,"max_hp_gain":0.0,"max_hp_loss":0.0,"gold_gain":0.0,"event_name":"Winding Halls","player_choice":"Writhe","floor":42.0,"gold_loss":0.0,"damage_taken":0.0,"cards_obtained":["Writhe"]},{"damage_healed":0.0,"max_hp_gain":0.0,"max_hp_loss":0.0,"gold_gain":0.0,"event_name":"Tomb of Lord Red Mask","player_choice":"Paid","floor":44.0,"gold_loss":115.0,"damage_taken":0.0,"relics_obtained":["Red Mask"]}],"is_beta":false,"boss_relics":[{"not_picked":["Runic Dome","Tiny House"],"picked":"Busted Crown"},{"not_picked":["Mark of Pain","Snecko Eye"],"picked":"Astrolabe"}],"items_purged_floors":[37],"is_endless":false,"potions_floor_spawned":[4,7,10,11,18,23,28,31,33,36,38,41,47,48],"killed_by":"Awakened One","ascension_level":20}}