{"host":"ogu62mnru5djd3ck","time":1611364801,"event":{"mods":["AchievementEnabler","Act Like it!","BaseMod","Better Skull","Colored Map","Colored Powertips","Custom Start","Downfall","GifTheSpireLib","Gold Saver","Highlight Path","Minty Spire (QoL Compilation)","Rare Cards Sparkle","SOS???????","StSLib","The Necromancer","The Wild Card"],"gold_per_floor":[731,749,766,784,784,380,450,464,475,486,486,505,505,515,526,626,626,626,636,652,927,940,940,940,940,974,181,181,191,201,217,231,334,384,384,384,402,402,412,459,459,459,459,470,470,482,482,482,501,501,501],"floor_reached":50,"language":"ENG","playtime":4216,"items_purged":[],"score":539,"play_id":"1f79da7e-8903-4ff3-9fee-b89a757d1b8e","local_time":"20210123022001","is_ascension_mode":false,"campfire_choices":[{"data":"Bone_Wall","floor":1,"key":"SMITH"},{"data":"Requiem","floor":11,"key":"SMITH"},{"data":"Cloudkill","floor":18,"key":"SMITH"},{"data":"Violent_Necrosis","floor":23,"key":"SMITH"},{"data":"Consume_Illness","floor":25,"key":"SMITH"},{"data":"downfall:Malfunctioning","floor":28,"key":"PURGE"},{"data":"Summon_Vampire_Lady","floor":35,"key":"SMITH"},{"data":"downfall:Malfunctioning","floor":43,"key":"PURGE"},{"data":"Madness","floor":45,"key":"SMITH"},{"data":"Vampiric_Strike","floor":47,"key":"SMITH"}],"circlet_count":0,"master_deck":["Strike_W","Strike_W","Strike_W","Strike_W","Defend_W","Defend_W","Defend_W","Defend_W","Negative_Energy_Arrows","Bone_Wall+1","Summon_Death_Knight","Stop_Heart","Plague_Bolt+1","Negative_Energy_Shield","Bone_Prison","Blood_Curse","Consume_Illness+1","Requiem+1","Vampiric_Strike","Toxic_Smoke_Screen","Bones_to_Steel","Scare","Negative_Energy_Javelin","Violent_Necrosis+1","Cloudkill+1","Bone_Armor","Summon_Lich","Regret","Exploit","Corrupt","Negative_Energy_Burst","Madness+1","Pandemic+1","Spectral_Walk","Blood_Is_Power+1","Summon_Vampire_Lady+1","Bone_Armory","Vampiric_Strike+1","Normality","Death_Knell+1","Doubt","Parasite","expansioncontent:AwakenDeath","Negative_Energy_Sphere+1"],"relics":["Vampire_Amulet","Chemical X","Letter Opener","Cursed Key","Meat on the Bone","HornCleat","Pear","Cauldron","Peace Pipe","Tiny House","Molten Egg 2","Ginger","Pantograph"],"acts_visited":["Exordium","TheCity","TheBeyond"],"potions_floor_usage":[16,16,16,32,33,36,40,40,40,49,50,50],"damage_taken":[{"damage":2,"enemies":"2 Louse","floor":2,"turns":3},{"damage":0,"enemies":"Cultist","floor":3,"turns":3},{"damage":1,"enemies":"Jaw Worm","floor":4,"turns":4},{"damage":0,"enemies":"downfall:FleeingMerchant","floor":6,"turns":4},{"damage":5,"enemies":"3 Louse","floor":8,"turns":4},{"damage":14,"enemies":"Large Slime","floor":9,"turns":9},{"damage":2,"enemies":"Blue Slaver","floor":10,"turns":4},{"damage":11,"enemies":"Large Slime","floor":12,"turns":4},{"damage":27,"enemies":"Exordium Wildlife","floor":14,"turns":5},{"damage":10,"enemies":"Blue Slaver","floor":15,"turns":4},{"damage":21,"enemies":"WA_ARCHETYPE_RETAIN","floor":16,"turns":10},{"damage":5,"enemies":"Spheric Guardian","floor":19,"turns":7},{"damage":0,"enemies":"3 Byrds","floor":20,"turns":4},{"damage":5,"enemies":"Centurion and Healer","floor":22,"turns":8},{"damage":22,"enemies":"Book of Stabbing","floor":26,"turns":6},{"damage":0,"enemies":"downfall:FleeingMerchant","floor":27,"turns":4},{"damage":1,"enemies":"Snake Plant","floor":29,"turns":6},{"damage":5,"enemies":"Snecko","floor":30,"turns":4},{"damage":0,"enemies":"Chosen and Byrds","floor":31,"turns":2},{"damage":10,"enemies":"Centurion and Healer","floor":32,"turns":6},{"damage":77,"enemies":"IC_MUSHROOM_ARCHETYPE","floor":33,"turns":10},{"damage":16,"enemies":"3 Shapes","floor":36,"turns":3},{"damage":42,"enemies":"3 Darklings","floor":37,"turns":5},{"damage":11,"enemies":"4 Shapes","floor":39,"turns":4},{"damage":52,"enemies":"2 Orb Walkers","floor":40,"turns":5},{"damage":14,"enemies":"Writhing Mass","floor":44,"turns":6},{"damage":20,"enemies":"Sphere and 2 Shapes","floor":46,"turns":4},{"damage":19,"enemies":"Spire Growth","floor":49,"turns":5},{"damage":141,"enemies":"DF_ARCHETYPE_ORBS","floor":50,"turns":9}],"seed_played":"-5092544813529245775","potions_obtained":[{"floor":3,"key":"SteroidPotion"},{"floor":5,"key":"Strength Potion"},{"floor":5,"key":"Slimebound:ThreeZeroPotion"},{"floor":5,"key":"EssenceOfSteel"},{"floor":19,"key":"EssenceOfSteel"},{"floor":27,"key":"Energy Potion"},{"floor":27,"key":"Dexterity Potion"},{"floor":32,"key":"Fruit Juice"},{"floor":33,"key":"LiquidMemories"},{"floor":34,"key":"SmokeBomb"},{"floor":37,"key":"Swift Potion"},{"floor":40,"key":"AttackPotion"},{"floor":44,"key":"Ancient Potion"},{"floor":46,"key":"Explosive Potion"}],"is_trial":false,"path_per_floor":["R","M","M","M","?","$","T","M","M","M","R","M","?","M","M","B",null,"R","M","M","?","M","R","T","R","E","$","R","M","M","M","M","B",null,"R","M","M","?","M","?","T","?","R","M","R","M","R","?","M","B"],"character_chosen":"NECROMANCER","items_purchased":["Chemical X","Blood_Curse","Consume_Illness","Requiem","Pear","Cauldron","Peace Pipe","Madness"],"campfire_rested":0,"item_purchase_floors":[6,6,6,6,27,27,27,27],"current_hp_per_floor":[75,75,75,75,75,75,75,72,68,70,70,61,61,41,35,19,75,75,75,75,75,75,75,75,75,55,65,65,69,66,69,70,18,95,95,79,48,48,57,21,21,95,95,83,83,69,69,69,62,0,0],"gold":501,"neow_bonus":"ONE_RANDOM_RARE_CARD","is_daily":false,"chose_seed":false,"campfire_upgraded":8,"win_rate":0.0,"timestamp":1611364801,"path_taken":["R","M","M","M","?","?","T","M","M","M","R","M","?","M","M","BOSS","R","M","M","?","M","R","T","R","E","?","R","M","?","M","M","BOSS","R","M","M","?","M","?","T","?","R","M","R","M","R","?","M","BOSS"],"items_purchased_type":["Relic","Card","Card","Card","Relic","Relic","Relic","Card"],"build_version":"2020-12-22","purchased_purges":0,"victory":false,"max_hp_per_floor":[75,75,75,75,75,75,75,75,75,75,75,75,75,75,75,75,75,75,75,75,75,75,75,75,75,75,85,85,85,85,85,90,90,95,95,95,95,95,95,95,95,95,95,95,95,95,95,95,95,95,95],"card_choices":[{"not_picked":["Blood_Curse","Negative_Energy_Sphere"],"picked":"Stop_Heart","floor":2},{"not_picked":["Uncharnel","Death_Coil"],"picked":"Plague_Bolt","floor":3},{"not_picked":["Death_Coil","Negative_Energy_Mist"],"picked":"Negative_Energy_Shield","floor":4},{"not_picked":["Deaths_Shadow","Negative_Energy_Sphere"],"picked":"Bone_Prison","floor":6},{"not_picked":["Bone_Shift","Blood_Whip"],"picked":"Vampiric_Strike","floor":8},{"not_picked":["Bone_Armor","Slay_Living"],"picked":"Toxic_Smoke_Screen","floor":9},{"not_picked":["Blood_Curse","Reap_The_Weak"],"picked":"Bones_to_Steel","floor":10},{"not_picked":["Consume_Illness","Chill_Blood"],"picked":"Scare","floor":12},{"not_picked":["Vampiric_Strike","Negative_Energy_Mist"],"picked":"Negative_Energy_Javelin","floor":14},{"not_picked":["Bone_Spikes","Negative_Energy_Mist"],"picked":"Violent_Necrosis","floor":15},{"not_picked":["Grasp_Heart","Requiem"],"picked":"Cloudkill","floor":16},{"not_picked":["Whirlwind_of_Bones","Consume_Illness+1"],"picked":"Bone_Armor","floor":19},{"not_picked":["Vampiric_Strike","Bone_Armor+1"],"picked":"Summon_Lich","floor":20},{"not_picked":["Scare","Consume_Illness"],"picked":"Exploit","floor":22},{"not_picked":["Negative_Energy_Bomb","Bone_Bullets+1"],"picked":"Corrupt","floor":26},{"not_picked":["Bones_to_Steel+1","Scare+1"],"picked":"Negative_Energy_Burst","floor":27},{"not_picked":["Summon_Undead_Army","Chill_Blood+1"],"picked":"Pandemic+1","floor":29},{"not_picked":["Negative_Energy_Javelin","Consume_Illness"],"picked":"Spectral_Walk","floor":30},{"not_picked":["Blood_Curse","Flesh_Made_Foul+1","Summon_Lich"],"picked":"SKIP","floor":31},{"not_picked":["Death_Coil","Toxic_Smoke_Screen"],"picked":"Blood_Is_Power+1","floor":32},{"not_picked":["Blood_Wake","Hellfire"],"picked":"Summon_Vampire_Lady","floor":33},{"not_picked":["Whirlwind_of_Bones+1","Negative_Energy_Mist+1"],"picked":"Bone_Armory","floor":34},{"not_picked":["Death_Coil+1","Life_Tap+1"],"picked":"Vampiric_Strike","floor":37},{"not_picked":["Exploit+1","Death_Coil+1","Scare"],"picked":"SKIP","floor":39},{"not_picked":["Bone_Armory+1","Thousand_Bone_Knives+1"],"picked":"Death_Knell+1","floor":40},{"not_picked":["Summon_Lich","Consume_Illness","Blood_Whip+1"],"picked":"SKIP","floor":44},{"not_picked":["Blood_Whip+1","Consume_Illness+1","Death_Knell+1"],"picked":"SKIP","floor":46},{"not_picked":["expansioncontent:GuardianWhirl+1","expansioncontent:YouAreMine"],"picked":"expansioncontent:AwakenDeath","floor":48},{"not_picked":["Consume_Illness","Vampiric_Strike+1"],"picked":"Negative_Energy_Sphere+1","floor":49}],"player_experience":164083,"relics_obtained":[{"floor":7,"key":"Letter Opener"},{"floor":24,"key":"Meat on the Bone"},{"floor":26,"key":"HornCleat"},{"floor":38,"key":"Molten Egg 2"},{"floor":40,"key":"Ginger"},{"floor":41,"key":"Pantograph"}],"event_choices":[{"damage_healed":0,"gold_gain":0,"player_choice":"Got Potions","damage_taken":0,"max_hp_gain":0,"max_hp_loss":0,"event_name":"Lab","floor":5,"gold_loss":0},{"damage_healed":0,"gold_gain":0,"player_choice":"Fight","damage_taken":0,"max_hp_gain":0,"max_hp_loss":0,"event_name":"Mysterious Sphere","floor":40,"gold_loss":0}],"is_beta":false,"boss_relics":[{"not_picked":["Empty Cage","Runic Pyramid"],"picked":"Cursed Key"},{"not_picked":["Astrolabe","Velvet Choker"],"picked":"Tiny House"}],"items_purged_floors":[],"is_endless":false,"potions_floor_spawned":[3,8,9,12,15,19,31,32,33,37,40,44,46],"killed_by":"DF_ARCHETYPE_ORBS","ascension_level":0}}