{"host":"3wijtn94dq1zoyhj","time":1611396432,"event":{"mods":["ATMod(阿瑾Mod)","Act Like it!","Ascension Reborn","Aspiration","BaseMod","Dota2Spire","Gensokyo","GifTheSpireLib","Lobotomy","Marisa（F雨　魔理沙）","Minty Spire (QoL Compilation)","MostiFishMod","Quick Restart","Reimu（博丽灵梦）","Remilia（蕾米莉亚）","Replay The Spire","Shop Mod","Spicy Shops","StSLib","The Construct","The Cursed","The Hierophant","The Servant 0.9.4","vexMod","【功能Mod】聪明的最终Boss","【遗物卡牌】REMEMod","篝火指南"],"gold_per_floor":[215,215,228,225,205,55,86,86,161,173,173,0,15,42,42,141,141,154,154,154,27,38,38,38,38,114,141,141,161,178,204,204,302,302,321,321,337,189,189],"floor_reached":38,"language":"ZHS","playtime":2031,"items_purged":["Poor:ReiMu"],"score":496,"play_id":"bc47a248-9381-4c8b-87c9-7bc8118de738","local_time":"20210123180712","is_ascension_mode":true,"campfire_choices":[{"floor":8.0,"key":"RECALL"},{"floor":11,"key":"REST"},{"data":"AT_FamilyPortrait","floor":15,"key":"SMITH"},{"floor":25,"key":"REST"},{"floor":32,"key":"DIG"}],"circlet_count":0,"master_deck":["construct:Strike_Gold","construct:Strike_Gold","construct:Strike_Gold","construct:Strike_Gold","construct:Strike_Gold","construct:Defend_Gold","construct:Defend_Gold","construct:Defend_Gold","construct:Defend_Gold","construct:Defend_Gold","construct:AttackMode","construct:DefenseMode","HeartBreak","AT_FamilyPortrait+1","construct:ClusterMines","construct:SaveState","construct:Impenetrable","construct:Construct_Overclock","construct:CripplingShot","construct:ChargeShot","construct:HeavyBolt","construct:ForceCore","construct:Electrocute","construct:HammerDown","construct:Accumulate+1","RitualDagger","construct:Versatility+1","construct:ReactiveShield+1","construct:PowerUp","construct:OmegaCannon+1","construct:SyphonStrike+1","construct:ShieldGenerator","construct:FlakBarrage","Writhe","construct:Zapper+1"],"relics":["construct:Cogwheel","DaveBox","AT_ATBox","REME_ComplimentaryCards","RhineSuit","SynthV:TestCard","YidongShenshe:ReiMu","Dota2Spire:PowerTreads","Happy Flower","Pen Nib","Pet Ghost","JellyFishMachine","Replay:Bottled Steam","Gremlin Horn","Dota2Spire:CrimsonGuard","Boot","Lizard Tail","SacredBark","ChiLing","Chi","Ling"],"acts_visited":["Exordium","TheCity","TheBeyond"],"potions_floor_usage":[33,33],"damage_taken":[{"damage":0.0,"enemies":"Small Slimes","floor":1.0,"turns":2.0},{"damage":3.0,"enemies":"Jaw Worm","floor":3.0,"turns":2.0},{"damage":0.0,"enemies":"2 Louse","floor":4.0,"turns":2.0},{"damage":2.0,"enemies":"Looter","floor":5.0,"turns":3.0},{"damage":10.0,"enemies":"3 Sentries","floor":7.0,"turns":4.0},{"damage":10,"enemies":"Lots of Slimes","floor":10,"turns":4},{"damage":0,"enemies":"Blue Slaver","floor":13,"turns":2},{"damage":0,"enemies":"Gremlin Nob","floor":14,"turns":2},{"damage":11,"enemies":"Slime Boss","floor":16,"turns":4},{"damage":10,"enemies":"Spheric Guardian","floor":18,"turns":3},{"damage":2,"enemies":"2 Thieves","floor":22,"turns":3},{"damage":23,"enemies":"REME_1_Revenger","floor":27,"turns":3},{"damage":6,"enemies":"3 Cultists","floor":29,"turns":3},{"damage":10,"enemies":"Chosen and Byrds","floor":30,"turns":3},{"damage":4,"enemies":"Book of Stabbing","floor":31,"turns":3},{"damage":12,"enemies":"Champ","floor":33,"turns":7},{"damage":2,"enemies":"3 Darklings","floor":35,"turns":4},{"damage":8,"enemies":"3 Shapes","floor":37,"turns":2}],"seed_played":"-285232856692053882","potions_obtained":[{"floor":5.0,"key":"SpeedPotion"},{"floor":10,"key":"ZuzhouPotion:ReiMu"},{"floor":13,"key":"construct:MegaPotion"},{"floor":16,"key":"LiquidBronze"},{"floor":29,"key":"LiquidBronze"},{"floor":33,"key":"DistilledChaos"}],"is_trial":false,"path_per_floor":["M","?","M","M","M","R","E","R","T","M","R","$","M","E","R","B",null,"M","?","?","$","M","R","$","R","T","E","$","M","M","E","R","B",null,"M","?","M","$"],"character_chosen":"THE_CONSTRUCT_MOD","items_purchased":["Dota2Spire:PowerTreads","Pen Nib","construct:HeavyBolt","Replay:Bottled Steam","ChiLing"],"campfire_rested":2,"item_purchase_floors":[6,12,12,21,38],"current_hp_per_floor":[85,85,82,82,80,80,70,70,70,60,85,85,85,85,85,74,85,75,69,69,69,67,67,67,85,85,62,62,56,46,43,43,31,85,83,85,77,77,77],"gold":189,"neow_bonus":"HUNDRED_GOLD","is_daily":false,"chose_seed":false,"campfire_upgraded":1,"win_rate":0.0,"timestamp":1611396432,"path_taken":["M","?","M","M","M","R","E","R","T","M","R","$","M","E","R","BOSS","M","?","?","$","M","R","?","R","T","E","$","M","M","E","R","BOSS","M","?","M","$"],"items_purchased_type":["Relic","Relic","Card","Relic","Relic"],"build_version":"2020-12-22","purchased_purges":1,"victory":false,"max_hp_per_floor":[85,85,85,85,85,85,85,85,85,85,85,85,85,85,85,85,85,85,85,85,85,85,85,85,85,85,85,85,85,85,85,85,85,85,85,85,85,85,85],"card_choices":[{"not_picked":["construct:HardReboot","construct:FlakBarrage"],"picked":"construct:ClusterMines","floor":1.0},{"not_picked":["construct:Synchronize","construct:ClusterMines","construct:Hazardproof","construct:ModeShift"],"picked":"construct:SaveState","floor":3.0},{"not_picked":["construct:FierceBash","construct:Anticipate","construct:Disrupt","construct:Autoturret"],"picked":"construct:Impenetrable","floor":4.0},{"not_picked":["construct:SuppressiveFire","construct:CriticalHit","construct:FierceBash","construct:ScrapCannon"],"picked":"construct:Construct_Overclock","floor":5.0},{"not_picked":["construct:ClusterMines","construct:LaserCore","construct:SaveState","construct:Reinforce"],"picked":"construct:CripplingShot","floor":7.0},{"not_picked":["construct:Dampening","construct:Missile","construct:Backup","construct:Impenetrable"],"picked":"construct:ChargeShot","floor":10},{"not_picked":["construct:Zapper","construct:FocusedBeam","construct:SaveState","construct:ShiftStrike"],"picked":"construct:ForceCore","floor":13},{"not_picked":["construct:ShiftStrike","construct:Multistage","construct:Antimatter","construct:FierceBash"],"picked":"construct:Electrocute","floor":14},{"not_picked":["construct:SiegeForm","construct:MemoryTap","construct:ShiftingStance","construct:Reserves"],"picked":"construct:HammerDown","floor":16},{"not_picked":["construct:FlameCore","construct:FocusedBeam+1","construct:Anticipate","construct:SuppressiveFire"],"picked":"construct:Accumulate+1","floor":18},{"not_picked":["construct:VentSteam","construct:Forcefield","construct:Analyze","construct:SyphonStrike"],"picked":"construct:Versatility+1","floor":22},{"not_picked":["construct:Backfire+1","construct:Backup","construct:SweepLaser+1","construct:Synchronize"],"picked":"construct:ReactiveShield+1","floor":27},{"not_picked":["construct:Forcefield","construct:HeavyBolt","construct:ShiftStrike","construct:Electrocute+1"],"picked":"construct:PowerUp","floor":29},{"not_picked":["construct:ClusterMines","construct:HeavyBolt","construct:ModeShift","construct:Forcefield"],"picked":"construct:OmegaCannon+1","floor":30},{"not_picked":["construct:CriticalHit","construct:Overcharge","construct:ChargeShot+1","construct:Anticipate+1"],"picked":"construct:SyphonStrike+1","floor":31},{"not_picked":["construct:Multistage","construct:HastyRepair","construct:LongRangeLance","construct:ClockworkEgg"],"picked":"construct:ShieldGenerator","floor":33},{"not_picked":["construct:SweepLaser","construct:ScrapCannon","construct:ClusterMines","construct:ScopeCore+1"],"picked":"construct:FlakBarrage","floor":35},{"not_picked":["construct:ModeShift+1","construct:Stasis+1","construct:Reinforce","construct:Disrupt"],"picked":"construct:Zapper+1","floor":37}],"player_experience":60037,"relics_obtained":[{"floor":1.0,"key":"SynthV:TestCard"},{"floor":7.0,"key":"Happy Flower"},{"floor":14,"key":"Pet Ghost"},{"floor":26,"key":"Gremlin Horn"},{"floor":27,"key":"Dota2Spire:CrimsonGuard"},{"floor":31,"key":"Boot"},{"floor":32,"key":"Lizard Tail"}],"event_choices":[{"damage_healed":0.0,"max_hp_gain":0.0,"max_hp_loss":0.0,"gold_gain":0.0,"event_name":"yidonshenshe","player_choice":"带走神社","floor":2.0,"gold_loss":0.0,"damage_taken":0.0,"relics_obtained":["YidongShenshe:ReiMu"],"cards_obtained":["Poor:ReiMu"]},{"damage_healed":0,"gold_gain":0,"player_choice":"Joined the Cult","damage_taken":6,"max_hp_gain":0,"max_hp_loss":0,"event_name":"Nest","floor":19,"gold_loss":0,"cards_obtained":["RitualDagger"]},{"damage_healed":0,"gold_gain":0,"player_choice":"Ignored","damage_taken":0,"max_hp_gain":0,"max_hp_loss":0,"event_name":"Beggar","floor":20,"gold_loss":0},{"damage_healed":21,"gold_gain":0,"player_choice":"Writhe","damage_taken":0,"max_hp_gain":0,"max_hp_loss":0,"event_name":"Winding Halls","floor":36,"gold_loss":0,"cards_obtained":["Writhe"]}],"is_beta":false,"boss_relics":[{"not_picked":["HereWithMe","Philosopher\u0027s Stone"],"picked":"JellyFishMachine"},{"not_picked":["OneHitWonderSystem","FeatherPendant"],"picked":"SacredBark"}],"items_purged_floors":[6],"is_endless":false,"potions_floor_spawned":[5,10,13,16,29,30,31,33],"ascension_level":1}}