{"host":"ydg0vn0pu4pubmdt","time":1611395512,"event":{"mods":["AchievementEnabler","BaseMod","Colored Map","Gold Saver","Minty Spire (QoL Compilation)","Quick Restart","SuperFastMode"],"gold_per_floor":[115,115,135,155,173,173,219,219,219,229,248,248,260,272,272,347,347,365,381,301,301,22,22,48,48,118,145,157,190,240,259,259,338,338,354,354,354,76,125,125,125,125],"floor_reached":41,"language":"KOR","playtime":844,"items_purged":["Defend_R+1"],"score":871,"play_id":"b24bcdc2-52b0-408e-946c-ba8e5a97ceb9","local_time":"20210123185152","is_ascension_mode":true,"campfire_choices":[{"data":"Perfected Strike","floor":6.0,"key":"SMITH"},{"data":"Fire Breathing","floor":15.0,"key":"SMITH"},{"data":"Perfected Strike","floor":23.0,"key":"SMITH"},{"floor":32.0,"key":"REST"},{"floor":40.0,"key":"REST"}],"circlet_count":0,"master_deck":["AscendersBane","Strike_R","Strike_R+1","Strike_R+1","Strike_R","Strike_R","Bash","Wild Strike","Fire Breathing+1","Perfected Strike+1","Perfected Strike+1","Shrug It Off","Perfected Strike","Immolate","Twin Strike","Feel No Pain","Necronomicurse","Bloodletting","Perfected Strike+1","Perfected Strike","Corruption","Clash","Armaments","Flame Barrier","Burning Pact"],"relics":["Burning Blood","NeowsBlessing","CultistMask","Oddly Smooth Stone","Mummified Hand","Tiny Chest","Empty Cage","Question Card","HornCleat","Orichalcum","Necronomicon","Bottled Flame","Darkstone Periapt","Pen Nib","Busted Crown","The Courier","Whetstone","Gambling Chip"],"acts_visited":["Exordium","TheCity","TheBeyond"],"potions_floor_usage":[],"damage_taken":[{"damage":0.0,"enemies":"2 Louse","floor":1.0,"turns":1.0},{"damage":0.0,"enemies":"Cultist","floor":3.0,"turns":1.0},{"damage":0.0,"enemies":"Jaw Worm","floor":4.0,"turns":1.0},{"damage":12.0,"enemies":"Blue Slaver","floor":5.0,"turns":5.0},{"damage":10.0,"enemies":"2 Fungi Beasts","floor":10.0,"turns":3.0},{"damage":8.0,"enemies":"Lots of Slimes","floor":11.0,"turns":2.0},{"damage":6.0,"enemies":"Exordium Thugs","floor":13.0,"turns":3.0},{"damage":0.0,"enemies":"Red Slaver","floor":14.0,"turns":2.0},{"damage":36.0,"enemies":"Hexaghost","floor":16.0,"turns":8.0},{"damage":12.0,"enemies":"Chosen","floor":18.0,"turns":3.0},{"damage":2.0,"enemies":"Spheric Guardian","floor":19.0,"turns":3.0},{"damage":11.0,"enemies":"Slavers","floor":27.0,"turns":3.0},{"damage":0.0,"enemies":"Chosen and Byrds","floor":28.0,"turns":3.0},{"damage":17.0,"enemies":"Gremlin Leader","floor":29.0,"turns":2.0},{"damage":3.0,"enemies":"Cultist and Chosen","floor":31.0,"turns":2.0},{"damage":30.0,"enemies":"Automaton","floor":33.0,"turns":5.0},{"damage":10.0,"enemies":"3 Shapes","floor":35.0,"turns":2.0},{"damage":43.0,"enemies":"2 Orb Walkers","floor":39.0,"turns":4.0},{"damage":77,"enemies":"Giant Head","floor":41,"turns":5}],"seed_played":"453815161974129844","potions_obtained":[{"floor":4.0,"key":"AttackPotion"},{"floor":5.0,"key":"Swift Potion"},{"floor":18.0,"key":"PowerPotion"},{"floor":28.0,"key":"LiquidMemories"},{"floor":29.0,"key":"Swift Potion"},{"floor":33.0,"key":"Ancient Potion"}],"is_trial":false,"path_per_floor":["M","?","M","M","M","R","T","?","T","M","M","?","M","M","R","B",null,"M","M","$","T","$","R","T","?","T","E","M","E","?","M","R","B",null,"M","?","T","$","?","R","E"],"character_chosen":"IRONCLAD","items_purchased":["Feel No Pain","HornCleat","Armaments","Flame Barrier","Whetstone"],"campfire_rested":2,"item_purchase_floors":[20,22,38,38,38],"current_hp_per_floor":[74,74,75,75,69,69,69,46,46,42,40,40,40,46,46,16,60,54,58,58,58,58,58,58,37,37,32,38,27,27,30,52,28,63,59,59,59,59,22,44,0,0],"gold":125,"neow_bonus":"THREE_ENEMY_KILL","is_daily":false,"chose_seed":false,"campfire_upgraded":3,"win_rate":0.0,"timestamp":1611395512,"path_taken":["M","?","M","?","?","R","?","?","T","M","M","?","?","M","R","BOSS","M","M","?","?","$","R","?","?","T","E","M","E","?","M","R","BOSS","M","?","?","$","?","R","E"],"items_purchased_type":["Card","Relic","Card","Card","Relic"],"build_version":"2020-12-22","purchased_purges":1,"victory":false,"max_hp_per_floor":[75,75,75,75,75,75,75,75,75,75,75,75,75,75,75,75,75,75,75,75,75,75,75,75,75,75,75,75,75,75,75,75,75,75,75,75,75,75,75,75,75,75],"card_choices":[{"not_picked":["Clothesline","Combust","Flex"],"picked":"SKIP","floor":1.0},{"not_picked":["Cleave","Sever Soul"],"picked":"Wild Strike","floor":3.0},{"not_picked":["Warcry","Second Wind"],"picked":"Fire Breathing","floor":4.0},{"not_picked":["Thunderclap","Clothesline"],"picked":"Perfected Strike","floor":5.0},{"not_picked":["Wild Strike","Offering"],"picked":"Perfected Strike","floor":10.0},{"not_picked":["Rampage","Thunderclap"],"picked":"Shrug It Off","floor":11.0},{"not_picked":["Seeing Red","Bloodletting"],"picked":"Perfected Strike","floor":13.0},{"not_picked":["Spot Weakness","Dropkick","Anger"],"picked":"SKIP","floor":14.0},{"not_picked":["Exhume","Berserk"],"picked":"Immolate","floor":16.0},{"not_picked":["Cleave","Hemokinesis"],"picked":"Twin Strike","floor":18.0},{"not_picked":["Sword Boomerang","Dropkick","Heavy Blade"],"picked":"SKIP","floor":19.0},{"not_picked":["Infernal Blade","Sever Soul+1","Flex+1"],"picked":"Bloodletting","floor":27.0},{"not_picked":["Clothesline","Bloodletting","Combust"],"picked":"Perfected Strike","floor":28.0},{"not_picked":["Anger","Heavy Blade","Thunderclap","Rupture+1"],"picked":"SKIP","floor":29.0},{"not_picked":["Entrench","Warcry+1","Clash"],"picked":"Perfected Strike","floor":31.0},{"not_picked":["Exhume","Feed","Demon Form"],"picked":"Corruption","floor":33.0},{"not_picked":["Sword Boomerang","Combust"],"picked":"SKIP","floor":35.0},{"not_picked":["Headbutt+1"],"picked":"Burning Pact","floor":39.0}],"player_experience":558774,"relics_obtained":[{"floor":7.0,"key":"Oddly Smooth Stone"},{"floor":9.0,"key":"Mummified Hand"},{"floor":21.0,"key":"Question Card"},{"floor":24.0,"key":"Orichalcum"},{"floor":25.0,"key":"Necronomicon"},{"floor":26.0,"key":"Bottled Flame"},{"floor":27.0,"key":"Darkstone Periapt"},{"floor":29.0,"key":"Pen Nib"},{"floor":37.0,"key":"The Courier"},{"floor":39.0,"key":"Gambling Chip"}],"event_choices":[{"damage_healed":0.0,"max_hp_gain":0.0,"max_hp_loss":0.0,"gold_gain":0.0,"event_name":"FaceTrader","player_choice":"Trade","floor":2.0,"gold_loss":0.0,"damage_taken":0.0,"relics_obtained":["CultistMask"]},{"damage_healed":0.0,"max_hp_gain":0.0,"max_hp_loss":0.0,"gold_gain":0.0,"event_name":"Shining Light","player_choice":"Entered Light","floor":8.0,"gold_loss":0.0,"damage_taken":23.0,"cards_upgraded":["Defend_R","Strike_R"]},{"damage_healed":0.0,"max_hp_gain":0.0,"max_hp_loss":0.0,"gold_gain":0.0,"event_name":"WeMeetAgain","player_choice":"Gave Potion","floor":12.0,"gold_loss":0.0,"damage_taken":0.0,"relics_obtained":["Tiny Chest"]},{"damage_healed":0.0,"max_hp_gain":0.0,"max_hp_loss":0.0,"gold_gain":0.0,"event_name":"Cursed Tome","player_choice":"Obtained Book","floor":25.0,"gold_loss":0.0,"damage_taken":21.0},{"damage_healed":0.0,"max_hp_gain":0.0,"max_hp_loss":0.0,"gold_gain":50.0,"event_name":"Nest","player_choice":"Stole From Cult","floor":30.0,"gold_loss":0.0,"damage_taken":0.0},{"damage_healed":0.0,"max_hp_gain":0.0,"max_hp_loss":0.0,"gold_gain":0.0,"cards_transformed":["Defend_R"],"event_name":"Transmorgrifier","player_choice":"Transformed","floor":36.0,"gold_loss":0.0,"damage_taken":0.0,"cards_obtained":["Clash"]},{"damage_healed":0.0,"max_hp_gain":0.0,"max_hp_loss":0.0,"gold_gain":0.0,"event_name":"Mysterious Sphere","player_choice":"Fight","floor":39.0,"gold_loss":0.0,"damage_taken":0.0}],"is_beta":false,"boss_relics":[{"not_picked":["Runic Dome","Coffee Dripper"],"picked":"Empty Cage"},{"not_picked":["Velvet Choker","Black Star"],"picked":"Busted Crown"}],"items_purged_floors":[38],"is_endless":false,"potions_floor_spawned":[4,5,18,28,29,33],"killed_by":"Giant Head","ascension_level":19}}