{"host":"1zjc08c6hob33401","time":1611422539,"event":{"mods":["AchievementEnabler","Act Like it!","Aspiration","BaseMod","Downfall","Elementarium","Energized Spire","Evolution","Friendly Minions","Gensokyo","GifTheSpireLib","Hubris","Infinite Spire","Jedi Mod","Menagerie","Minty Spire (QoL Compilation)","Pale of the Ancients","Quick Restart","Replay The Spire","Retaliation","Shop Mod","Spire Arcade","StS++","StSLib","Stuff the Spire","The Blue Laboratory","Wandering Minibosses","vexMod","??????REMEMod"],"gold_per_floor":[113,113,113,126,145,145,346,346,346,346,371,391,59,69,69,143,143,160,170,130,130,130,130,145,178,202,202,202,202,202,126,126,205,205,221,221,231,231,8,8,42,55,55,74,92,126,126,144,144,144],"floor_reached":51,"language":"RUS","playtime":2389,"items_purged":["Writhe"],"score":1108,"play_id":"8085728f-b1ba-4691-9352-c9e10c4587e6","local_time":"20210123192219","is_ascension_mode":true,"campfire_choices":[{"data":"champ:IgnorePain","floor":6.0,"key":"SMITH"},{"data":"Doppelganger","floor":8.0,"key":"SMITH"},{"data":"aspiration:Lunge","floor":10.0,"key":"SMITH"},{"data":"Gensokyo:GapWoman","floor":15.0,"key":"SMITH"},{"data":"aspiration:Lunge","floor":23.0,"key":"SMITH"},{"data":"Capacitor","floor":27.0,"key":"SMITH"},{"data":"Gensokyo:TurboGranny","floor":30.0,"key":"SMITH"},{"data":"hubris:PowerSurge","floor":32.0,"key":"SMITH"},{"data":"Rainbow","floor":40.0,"key":"SMITH"},{"data":"BootSequence","floor":49,"key":"SMITH"}],"circlet_count":0,"master_deck":["AscendersBane","Strike_B","Strike_B","Defend_B","Defend_B","Defend_B","Zap","Dualcast","champ:IgnorePain+1","Coolheaded","Doppelganger+1","aspiration:Lunge+1","aspiration:Lunge+1","BootSequence+1","Capacitor+1","Cold Snap","ReplayTheSpireMod:Calculation Training","jedi:reiji","Gensokyo:GapWoman+1","StuffTheSpire:Plugnplay","StSpp:Saturation+1","Genetic Algorithm+1","BasicCrystalCard","Coolheaded","Gensokyo:TurboGranny+1","hubris:InfiniteBlow+7740","hubris:PowerSurge+1","Rainbow+1","BasicCrystalCard","jedi:reiji","Thunder Strike","Streamline","StuffTheSpire:Plugnplay+1","Conserve Battery","Blizzard","StuffTheSpire:ShieldGenerator"],"relics":["Cracked Core","EVO:Axolotl","REME_ComplimentaryCards","infinitespire:SolderingIron","Counterbalance","StSpp:SailorCap","StuffTheSpire:BottledEssence","Honey Jar","infinitespire:WardingShard","jedi:angrymask","Blood Vial","StuffTheSpire:ModemDavis","Geode","Bottled Tornado","aspiration:Lifesprig","infinitespire:PuzzleCube","jedi:firstaidkit","hubris:BallOfYels"],"acts_visited":["Gensokyo:Gensokyo","Gensokyo:Gensokyoer","TheBeyond"],"potions_floor_usage":[],"damage_taken":[{"damage":1.0,"enemies":"Gensokyo:3_Fairies","floor":1.0,"turns":5.0},{"damage":10.0,"enemies":"Gensokyo:Gryphon","floor":4.0,"turns":3.0},{"damage":0.0,"enemies":"Gensokyo:2_Kodama","floor":5.0,"turns":2.0},{"damage":7.0,"enemies":"Gensokyo:Mamizou","floor":11.0,"turns":8.0},{"damage":0.0,"enemies":"Gensokyo:Gryphon_and_Rabbit","floor":12.0,"turns":3.0},{"damage":3.0,"enemies":"Gensokyo:2_Rabbits","floor":14.0,"turns":3.0},{"damage":2.0,"enemies":"Gensokyo:Reimu","floor":16.0,"turns":7.0},{"damage":2.0,"enemies":"Gensokyo:AngelMirror","floor":18.0,"turns":4.0},{"damage":0.0,"enemies":"Gensokyo:CosmicMonolith","floor":19.0,"turns":5.0},{"damage":13.0,"enemies":"Gensokyo:Wraith","floor":24.0,"turns":4.0},{"damage":25.0,"enemies":"Gensokyo:Reisen","floor":25.0,"turns":6.0},{"damage":0.0,"enemies":"Gensokyo:Eternal_Rivals","floor":33.0,"turns":6.0},{"damage":0.0,"enemies":"Orb Walker","floor":35.0,"turns":3.0},{"damage":0.0,"enemies":"3 Shapes","floor":37.0,"turns":2.0},{"damage":0.0,"enemies":"Nightmare","floor":41.0,"turns":3.0},{"damage":0.0,"enemies":"3 Darklings","floor":42.0,"turns":3.0},{"damage":2.0,"enemies":"4 Shapes","floor":44.0,"turns":3.0},{"damage":0.0,"enemies":"Jaw Worm Horde","floor":45.0,"turns":5.0},{"damage":17.0,"enemies":"Nemesis","floor":46.0,"turns":5.0},{"damage":4.0,"enemies":"Maw","floor":48.0,"turns":5.0},{"damage":17,"enemies":"Replay:Hell Engine","floor":50,"turns":5}],"seed_played":"5074933280151629411","potions_obtained":[{"floor":1.0,"key":"SkillPotion"},{"floor":11.0,"key":"DuplicationPotion"},{"floor":18.0,"key":"FocusPotion"},{"floor":24.0,"key":"StSpp:ScatteredPotion"},{"floor":33.0,"key":"SteroidPotion"},{"floor":42.0,"key":"blueLaboratory:LouseDecoction"},{"floor":44.0,"key":"bronze:BurnAndBuffPotion"},{"floor":46.0,"key":"blueLaboratory:Moonshine"},{"floor":48.0,"key":"blueLaboratory:SavagePotion"}],"is_trial":false,"path_per_floor":["M","?","?","M","M","R","?","R","T","R","E","M","COS","M","R","B",null,"M","M","?","T","?","R","M","E","T","R","?","AVR","R","$","R","B",null,"M","?","M","$","$","R","NM","M","T","M","M","E","?","M","R","B",null],"character_chosen":"DEFECT","items_purchased":["hubris:PowerSurge","Geode","Bottled Tornado","aspiration:Lifesprig"],"campfire_rested":0,"item_purchase_floors":[31,38,38,39],"current_hp_per_floor":[74,74,74,64,64,64,64,64,64,64,57,57,57,54,54,52,75,73,73,73,73,73,73,60,35,35,35,35,35,35,35,35,37,65,67,74,74,48,48,48,50,52,52,52,54,46,46,47,47,34],"gold":144,"neow_bonus":"TEN_PERCENT_HP_BONUS","is_daily":false,"chose_seed":false,"campfire_upgraded":10,"win_rate":0.0,"timestamp":1611422539,"path_taken":["M","?","?","M","?","R","?","R","T","R","E","M","COS","M","R","BOSS","M","M","?","?","?","R","?","E","T","R","?","AVR","R","?","R","BOSS","M","?","M","?","?","R","NM","?","T","M","M","E","?","M","R","BOSS"],"items_purchased_type":["Card","Relic","Relic","Relic"],"build_version":"2020-12-22","purchased_purges":1,"victory":true,"max_hp_per_floor":[82,82,82,82,82,82,82,82,82,82,82,82,82,82,82,82,82,82,82,82,82,82,82,82,82,82,82,74,74,74,74,74,74,74,74,74,74,74,74,74,74,74,74,74,74,74,74,74,74,74],"card_choices":[{"not_picked":["StSpp:Fierceness","Redo"],"picked":"Coolheaded","floor":1.0},{"not_picked":["Compile Driver","Turbo"],"picked":"BootSequence","floor":4.0},{"not_picked":["Lockon","StuffTheSpire:SnapShoot"],"picked":"Capacitor","floor":5.0},{"not_picked":["Rebound","jedi:overflow"],"picked":"Cold Snap","floor":7.0},{"not_picked":["Barrage","StSpp:Pointer"],"picked":"ReplayTheSpireMod:Calculation Training","floor":11.0},{"not_picked":["Stack","Sweeping Beam"],"picked":"jedi:reiji","floor":12.0},{"not_picked":["jedi:spotbugs","Reprogram"],"picked":"StuffTheSpire:Plugnplay","floor":14.0},{"not_picked":["StuffTheSpire:Purify","ReplayTheSpireMod:Omega Cannon"],"picked":"StSpp:Saturation","floor":16.0},{"not_picked":["ReplayTheSpireMod:Reroute Power","StuffTheSpire:CleanHardDrive","Rebound"],"picked":"Genetic Algorithm+1","floor":18.0},{"not_picked":["Redo","jedi:BurstLightning","StuffTheSpire:Plugnplay"],"picked":"BasicCrystalCard","floor":19.0},{"not_picked":["StuffTheSpire:NuclearReactor","Hologram","Coolheaded"],"picked":"Lockon","floor":24.0},{"not_picked":["Auto Shields","Redo","Steam"],"picked":"Coolheaded","floor":25.0},{"not_picked":["Gensokyo:SevenSchoolMysteries","Gensokyo:Apocalypse","Gensokyo:Kunekune"],"picked":"Gensokyo:TurboGranny","floor":28.0},{"not_picked":["Fission","StSpp:Saturation","ReplayTheSpireMod:Omega Cannon"],"picked":"Rainbow","floor":33.0},{"not_picked":["Hologram+1","Gash+1","Turbo"],"picked":"BasicCrystalCard","floor":35.0},{"not_picked":["Sweeping Beam+1","StSpp:Pointer","Stack"],"picked":"jedi:reiji","floor":37.0},{"not_picked":["BasicCrystalCard","Heatsinks","Recycle"],"picked":"Thunder Strike","floor":41.0},{"not_picked":["Turbo","Scrape","StuffTheSpire:LoadUp"],"picked":"Streamline","floor":42.0},{"not_picked":["ReplayGash","Beam Cell","Tempest+1"],"picked":"StuffTheSpire:Plugnplay+1","floor":44.0},{"not_picked":["Stack","jedi:BurstLightning","Barrage"],"picked":"Conserve Battery","floor":45.0},{"not_picked":["jedi:spotbugs","Recycle","jedi:markofdeath"],"picked":"Blizzard","floor":46.0},{"not_picked":["jedi:reiji+1","REME_SelfUpgrade+1","Static Discharge"],"picked":"StuffTheSpire:ShieldGenerator","floor":48.0}],"player_experience":668698,"relics_obtained":[{"floor":9.0,"key":"Counterbalance"},{"floor":11.0,"key":"StSpp:SailorCap"},{"floor":21.0,"key":"infinitespire:WardingShard"},{"floor":25.0,"key":"jedi:angrymask"},{"floor":26.0,"key":"Blood Vial"},{"floor":41.0,"key":"infinitespire:PuzzleCube"},{"floor":43.0,"key":"jedi:firstaidkit"},{"floor":46.0,"key":"hubris:BallOfYels"}],"event_choices":[{"damage_healed":19.0,"max_hp_gain":0.0,"max_hp_loss":0.0,"gold_gain":0.0,"event_name":"Winding Halls","player_choice":"Writhe","floor":36.0,"gold_loss":0.0,"damage_taken":0.0,"cards_obtained":["Writhe"]}],"is_beta":false,"boss_relics":[{"not_picked":["vexMod:CursedCompass","Runic Dome"],"picked":"Honey Jar"},{"not_picked":["Runic Pyramid","aspiration:Stellarator"],"picked":"StuffTheSpire:ModemDavis"}],"items_purged_floors":[39],"is_endless":false,"potions_floor_spawned":[1,11,18,24,33,42,44,46,48],"ascension_level":13}}