{"host":"y5l5jq411zt8gv60","time":1611383042,"event":{"mods":["BaseMod","BetterRewards","Colored Powertips","Highlight Path","Minty Spire (QoL Compilation)","Shop Mod","StSLib"],"gold_per_floor":[110,185,285,304,97,97,112,125,125,125,145,160,160,177,177,281,281,299,214,227,237,237,272,272,272,272,282,298,224,243,62,62,161,161,177,189,201,201,216,216,251,270,344,355,373,373,385,417,417,417,417,417,78,107,107],"floor_reached":56,"language":"ENG","playtime":4697,"items_purged":["Strike_G"],"score":1502,"play_id":"c6670185-ab68-40bf-91d4-26df91b0eab9","local_time":"20210123012402","is_ascension_mode":false,"campfire_choices":[{"data":"Noxious Fumes","floor":6,"key":"SMITH"},{"data":"Poisoned Stab","floor":10,"key":"SMITH"},{"data":"Poisoned Stab","floor":13,"key":"SMITH"},{"data":"Footwork","floor":15,"key":"SMITH"},{"data":"Malaise","floor":32,"key":"SMITH"},{"data":"Malaise","floor":40,"key":"SMITH"},{"floor":46,"key":"RECALL"},{"data":"Tools of the Trade","floor":49,"key":"SMITH"},{"data":"Well Laid Plans","floor":52,"key":"SMITH"}],"circlet_count":0,"master_deck":["Defend_G","Defend_G","Defend_G+1","Defend_G","Defend_G","Survivor","Neutralize","Noxious Fumes+1","Poisoned Stab+1","Poisoned Stab+1","Acrobatics","Die Die Die","Footwork+1","PiercingWail+1","Tools of the Trade+1","Poisoned Stab+1","Bite+1","Bite+1","Bite+1","Bite+1","Bite+1","Footwork","Necronomicurse","Underhanded Strike+1","Well Laid Plans+1","PiercingWail","Malaise+1","Poisoned Stab+1","Malaise+1","Catalyst+1","Poisoned Stab+1","Acrobatics+1","PiercingWail+1","Bouncing Flask+1","Poisoned Stab+1","Skewer+1","Underhanded Strike+1","Terror","Skewer+1"],"relics":["Ring of the Serpent","Mango","Mercury Hourglass","Nilry\u0027s Codex","Chemical X","Molten Egg 2","Coffee Dripper","Bird Faced Urn","War Paint","Necronomicon","Pantograph","Orichalcum","Question Card","Bronze Scales","Ornamental Fan"],"acts_visited":["Exordium","TheCity","TheBeyond","TheEnding"],"potions_floor_usage":[16,23,48,50,50,50,55,55],"damage_taken":[{"damage":0,"enemies":"Jaw Worm","floor":1,"turns":5},{"damage":0,"enemies":"2 Louse","floor":4,"turns":2},{"damage":0,"enemies":"Cultist","floor":7,"turns":3},{"damage":0,"enemies":"Large Slime","floor":8,"turns":4},{"damage":0,"enemies":"Blue Slaver","floor":11,"turns":2},{"damage":0,"enemies":"3 Louse","floor":12,"turns":2},{"damage":0,"enemies":"Exordium Thugs","floor":14,"turns":4},{"damage":22,"enemies":"Hexaghost","floor":16,"turns":8},{"damage":0,"enemies":"Spheric Guardian","floor":18,"turns":5},{"damage":7,"enemies":"2 Thieves","floor":20,"turns":4},{"damage":14,"enemies":"Chosen and Byrds","floor":21,"turns":5},{"damage":13,"enemies":"Gremlin Leader","floor":23,"turns":6},{"damage":9,"enemies":"Shelled Parasite and Fungi","floor":27,"turns":6},{"damage":12,"enemies":"Centurion and Healer","floor":28,"turns":6},{"damage":15,"enemies":"Snake Plant","floor":30,"turns":4},{"damage":72,"enemies":"Automaton","floor":33,"turns":10},{"damage":13,"enemies":"3 Darklings","floor":35,"turns":4},{"damage":5,"enemies":"Orb Walker","floor":36,"turns":4},{"damage":21,"enemies":"Maw","floor":37,"turns":8},{"damage":0,"enemies":"Transient","floor":39,"turns":5},{"damage":7,"enemies":"Giant Head","floor":41,"turns":8},{"damage":8,"enemies":"Jaw Worm Horde","floor":42,"turns":5},{"damage":29,"enemies":"Spire Growth","floor":44,"turns":5},{"damage":3,"enemies":"Maw","floor":45,"turns":6},{"damage":18,"enemies":"Jaw Worm Horde","floor":47,"turns":5},{"damage":12,"enemies":"Nemesis","floor":48,"turns":7},{"damage":94,"enemies":"Donu and Deca","floor":50,"turns":10},{"damage":17,"enemies":"Shield and Spear","floor":54,"turns":7},{"damage":80,"enemies":"The Heart","floor":55,"turns":11}],"seed_played":"1090671511600956022","potions_obtained":[{"floor":4,"key":"Weak Potion"},{"floor":7,"key":"EntropicBrew"},{"floor":8,"key":"AttackPotion"},{"floor":16,"key":"Weak Potion"},{"floor":27,"key":"FearPotion"},{"floor":44,"key":"Regen Potion"},{"floor":48,"key":"Fruit Juice"}],"is_trial":false,"path_per_floor":["M","?","?","M","$","R","M","M","T","R","M","M","R","M","R","B",null,"M","?","M","M","?","E","?","?","T","M","M","$","M","$","R","B",null,"M","M","M","?","M","R","E","M","T","M","M","R","M","E","R","B",null,"R","$","E","B",null],"character_chosen":"THE_SILENT","items_purchased":["Noxious Fumes","Chemical X","Poisoned Stab","Well Laid Plans","Malaise","Poisoned Stab+1","Underhanded Strike+1","Terror","Bronze Scales","DuplicationPotion"],"campfire_rested":0,"item_purchase_floors":[0,5,5,29,31,31,53,53,53,53],"current_hp_per_floor":[70,59,59,59,59,59,59,59,59,59,59,59,59,59,59,37,84,84,84,77,69,58,55,39,33,33,50,58,58,46,46,46,20,58,58,55,48,48,58,58,57,55,55,37,58,58,54,63,63,10,63,63,63,63,5],"gold":107,"neow_bonus":"","is_daily":false,"chose_seed":false,"campfire_upgraded":8,"win_rate":0.0,"timestamp":1611383042,"path_taken":["M","?","?","?","$","R","M","M","T","R","M","M","R","M","R","BOSS","M","?","M","M","?","E","?","?","T","M","M","$","M","$","R","BOSS","M","M","M","?","?","R","E","M","T","M","M","R","?","E","R","BOSS","R","$","E","BOSS"],"items_purchased_type":["Card","Relic","Card","Card","Card","Card","Card","Card","Relic","Potion"],"build_version":"2020-12-22","purchased_purges":1,"victory":true,"max_hp_per_floor":[84,84,84,84,84,84,84,84,84,84,84,84,84,84,84,84,84,84,84,84,84,58,58,58,58,58,58,58,58,58,58,58,58,58,58,58,58,58,58,58,58,58,58,58,58,58,58,63,63,63,63,63,63,63,63],"card_choices":[{"not_picked":["Flying Knee","Slice"],"picked":"Poisoned Stab","floor":1},{"not_picked":["Outmaneuver","Sucker Punch","Flying Knee"],"picked":"SKIP","floor":4},{"not_picked":["Deadly Poison","Deflect"],"picked":"Acrobatics","floor":7},{"not_picked":["Quick Slash","Slice"],"picked":"Die Die Die","floor":8},{"not_picked":["Dagger Spray+1","Predator+1"],"picked":"Footwork","floor":11},{"not_picked":["Endless Agony+1","Expertise"],"picked":"PiercingWail","floor":12},{"not_picked":["Infinite Blades","Dagger Throw+1","Predator+1"],"picked":"SKIP","floor":14},{"not_picked":["Wraith Form v2","Glass Knife+1"],"picked":"Tools of the Trade","floor":16},{"not_picked":["Deadly Poison","Riddle With Holes+1","Calculated Gamble"],"picked":"SKIP","floor":18},{"not_picked":["Deadly Poison","Riddle With Holes+1","Calculated Gamble"],"picked":"SKIP","floor":18},{"not_picked":["Flying Knee+1","Escape Plan+1"],"picked":"Poisoned Stab+1","floor":20},{"not_picked":["Dagger Spray+1","Quick Slash+1","Reflex"],"picked":"SKIP","floor":21},{"not_picked":["Calculated Gamble+1","Deflect"],"picked":"Footwork","floor":23},{"not_picked":["Heel Hook+1","Dagger Spray+1"],"picked":"Underhanded Strike+1","floor":27},{"not_picked":["Dagger Spray+1","Noxious Fumes","Eviscerate+1"],"picked":"SKIP","floor":28},{"not_picked":["Poisoned Stab+1","Reflex"],"picked":"PiercingWail","floor":30},{"not_picked":["Burst","Corpse Explosion"],"picked":"Malaise","floor":33},{"not_picked":["Underhanded Strike+1","Bane+1"],"picked":"Catalyst+1","floor":35},{"not_picked":["Escape Plan+1","Bane+1"],"picked":"Poisoned Stab+1","floor":36},{"not_picked":["Escape Plan","Blur+1"],"picked":"Acrobatics+1","floor":37},{"not_picked":["Cloak And Dagger+1","Flechettes+1"],"picked":"PiercingWail+1","floor":39},{"not_picked":["Cloak And Dagger","Poisoned Stab+1"],"picked":"Bouncing Flask+1","floor":41},{"not_picked":["Blade Dance","Infinite Blades"],"picked":"Poisoned Stab+1","floor":42},{"not_picked":["All Out Attack+1","Deflect+1","Sucker Punch+1"],"picked":"SKIP","floor":44},{"not_picked":["Riddle With Holes+1","Phantasmal Killer"],"picked":"Skewer+1","floor":45},{"not_picked":["Flying Knee+1","Dodge and Roll+1","Choke+1"],"picked":"SKIP","floor":47},{"not_picked":["Deflect+1","Blur+1","Dagger Spray+1"],"picked":"SKIP","floor":48},{"not_picked":["Masterful Stab+1","Flying Knee+1","Phantasmal Killer"],"picked":"Skewer+1","floor":54}],"player_experience":148268,"relics_obtained":[{"floor":9,"key":"Molten Egg 2"},{"floor":23,"key":"War Paint"},{"floor":24,"key":"Necronomicon"},{"floor":26,"key":"Pantograph"},{"floor":41,"key":"Orichalcum"},{"floor":48,"key":"Question Card"},{"floor":54,"key":"Ornamental Fan"}],"event_choices":[{"damage_healed":0,"gold_gain":75,"player_choice":"Gather Gold","damage_taken":11,"max_hp_gain":0,"max_hp_loss":0,"event_name":"World of Goop","floor":2,"gold_loss":0},{"damage_healed":0,"gold_gain":100,"player_choice":"Pray","damage_taken":0,"max_hp_gain":0,"max_hp_loss":0,"event_name":"Golden Shrine","floor":3,"gold_loss":0},{"damage_healed":0,"gold_gain":0,"player_choice":"Obtained Relic","damage_taken":0,"relics_obtained":["Bird Faced Urn"],"max_hp_gain":0,"max_hp_loss":0,"event_name":"Addict","floor":19,"gold_loss":85},{"damage_healed":0,"gold_gain":0,"player_choice":"Became a vampire","damage_taken":0,"max_hp_gain":0,"max_hp_loss":26,"event_name":"Vampires","floor":22,"gold_loss":0,"cards_obtained":["Bite","Bite","Bite","Bite","Bite"]},{"damage_healed":0,"gold_gain":0,"player_choice":"Obtained Book","damage_taken":16,"max_hp_gain":0,"max_hp_loss":0,"event_name":"Cursed Tome","floor":24,"gold_loss":0},{"damage_healed":0,"gold_gain":0,"player_choice":"","damage_taken":6,"max_hp_gain":0,"max_hp_loss":0,"event_name":"Knowing Skull","floor":25,"potions_obtained":[],"gold_loss":0,"cards_obtained":[]},{"damage_healed":0,"gold_gain":0,"player_choice":"Ignored","damage_taken":0,"max_hp_gain":0,"max_hp_loss":0,"event_name":"NoteForYourself","floor":38,"gold_loss":0}],"is_beta":false,"boss_relics":[{"not_picked":["Busted Crown","SlaversCollar"],"picked":"Coffee Dripper"},{"not_picked":["Velvet Choker","Philosopher\u0027s Stone"],"picked":"Ring of the Serpent"}],"items_purged_floors":[0],"is_endless":false,"potions_floor_spawned":[4,7,8,14,16,21,27,28,30,35,39,44,48],"ascension_level":0}}