{"host":"9tdk3zzhmpo6o3dg","time":1611395347,"event":{"mods":["AchievementEnabler","Act Like it!","BaseMod","Downfall","Gensokyo","Hermit","Koishi","Marisa（F雨　魔理沙）","Minty Spire (QoL Compilation)","Remilia（蕾米莉亚）","SOS（斯巴达之子）","Shop Mod","StSLib","The Alterego","The Cursed","The Hierophant","The Marked","The Senshi","The Servant 0.9.4","WarShipGirlsR/战舰少女R mod"],"gold_per_floor":[10,10,30,46,59,59,87,107,107,107,120,133,20,50,50,146,146,156,172,190,208,220,220,253,253,253,253,553,553,572,583,583,684,684,704,704,714,734,748,781,781,810,834,834,847,866,878,201,201,201],"floor_reached":51,"language":"ZHS","playtime":3947,"items_purged":["Strike_RM"],"score":922,"play_id":"82d85e44-58aa-41f6-a11d-cac6fcf02987","local_time":"20210123174907","is_ascension_mode":false,"campfire_choices":[{"data":"ForecastOfChange","floor":6,"key":"SMITH"},{"data":"CurseOfVladTepes","floor":10,"key":"SMITH"},{"data":"GlobalNightmare","floor":15,"key":"SMITH"},{"data":"BloodyHallows","floor":23,"key":"SMITH"},{"floor":25,"key":"DIG"},{"floor":27,"key":"DIG"},{"floor":32,"key":"DIG"},{"floor":41,"key":"DIG"},{"floor":44,"key":"DIG"},{"data":"Apotheosis","floor":49,"key":"SMITH"}],"circlet_count":0,"master_deck":["Strike_RM","Defend_RM","Defend_RM","Defend_RM","RedMoon","ScarletShoot","CharismaGuard","ForecastOfChange+1","ScarletDevil","Decay","EndlessAdversity","NightDance","CurseOfVladTepes+1","DiffusionOfMisfortune","MastersStateliness","GlobalNightmare+1","UnstableMagic","ScarletSymphony","BloodyHallows+1","UltimateOffering+1","ScarletImprint+1","BloodyMagicSquare","TransientEternity","Injury","DevilSight","BloodHunter+1","TransientEternity","BloodHunter+1","BloodAndWine+1","BloodyCatastrophe","FitfulNightmare+1","BloodAndWine+1","Gensokyo:AllTheWorldsEvil","VampireClaw+1","ScarletDevilSign+1","Apotheosis+1"],"relics":["ScarletHat","Mummified Hand","Dead Branch","Letter Opener","APieceOfRedMist","Shovel","Boot","InkBottle","Omamori","downfall:ExtraCursedBell","ScarletDevilRocket","Darkstone Periapt","Old Coin","RedBat","Cursed Key","Shuriken","Strawberry","Oddly Smooth Stone","Toy Ornithopter","Anchor","Gremlin Horn","theSenshi:SailorFukuRelic","OrangePellets","Regal Pillow"],"acts_visited":["Exordium","TheCity","TheBeyond"],"potions_floor_usage":[7,16,24,30,39,39,50,50],"damage_taken":[{"damage":0,"enemies":"2 Louse","floor":1,"turns":3},{"damage":0,"enemies":"Cultist","floor":3,"turns":4},{"damage":0,"enemies":"Jaw Worm","floor":4,"turns":4},{"damage":0,"enemies":"2 Fungi Beasts","floor":5,"turns":4},{"damage":13,"enemies":"Gremlin Nob","floor":7,"turns":4},{"damage":9,"enemies":"3 Louse","floor":8,"turns":3},{"damage":0,"enemies":"Large Slime","floor":11,"turns":3},{"damage":8,"enemies":"Gremlin Gang","floor":12,"turns":4},{"damage":10,"enemies":"Lagavulin","floor":14,"turns":5},{"damage":30,"enemies":"The Guardian","floor":16,"turns":7},{"damage":15,"enemies":"Chosen","floor":18,"turns":1},{"damage":15,"enemies":"Shell Parasite","floor":19,"turns":3},{"damage":8,"enemies":"Snecko","floor":20,"turns":5},{"damage":7,"enemies":"Snake Plant","floor":21,"turns":5},{"damage":16,"enemies":"Centurion and Healer","floor":22,"turns":5},{"damage":67,"enemies":"Book of Stabbing","floor":24,"turns":3},{"damage":9,"enemies":"Snecko","floor":30,"turns":4},{"damage":0,"enemies":"3 Cultists","floor":31,"turns":2},{"damage":54,"enemies":"Automaton","floor":33,"turns":3},{"damage":16,"enemies":"Orb Walker","floor":35,"turns":4},{"damage":3,"enemies":"3 Darklings","floor":37,"turns":3},{"damage":8,"enemies":"Maw","floor":38,"turns":6},{"damage":49,"enemies":"Writhing Mass","floor":39,"turns":3},{"damage":21,"enemies":"Reptomancer","floor":40,"turns":2},{"damage":4,"enemies":"Nemesis","floor":42,"turns":4},{"damage":45,"enemies":"Transient","floor":45,"turns":5},{"damage":0,"enemies":"Sphere and 2 Shapes","floor":46,"turns":1},{"damage":36,"enemies":"Jaw Worm Horde","floor":47,"turns":3},{"damage":91,"enemies":"Awakened One","floor":50,"turns":3}],"seed_played":"4132366204048706059","potions_obtained":[{"floor":5,"key":"Fire Potion"},{"floor":8,"key":"Fire Potion"},{"floor":11,"key":"Energy Potion"},{"floor":16,"key":"DuplicationPotion"},{"floor":19,"key":"bronze:BurnAndBuffPotion"},{"floor":30,"key":"Regen Potion"},{"floor":31,"key":"Regen Potion"},{"floor":40,"key":"FearPotion"},{"floor":42,"key":"Fire Potion"}],"is_trial":false,"path_per_floor":["M","?","M","M","M","R","E","M","T","R","M","M","$","E","R","B",null,"M","M","M","M","M","R","E","R","T","R","?","?","M","M","R","B",null,"M","?","M","M","M","E","R","E","T","R","M","M","M","$","R","B",null],"character_chosen":"REMILIA","items_purchased":["GlobalNightmare","UnstableMagic","theSenshi:SailorFukuRelic","OrangePellets","Regal Pillow","Apotheosis"],"campfire_rested":0,"item_purchase_floors":[13,13,48,48,48,48],"current_hp_per_floor":[75,75,75,75,75,75,63,57,57,57,63,55,55,52,52,32,75,60,45,37,32,30,30,27,27,27,27,38,38,34,40,40,4,86,73,73,71,78,64,61,61,69,75,75,59,70,51,51,51,53],"gold":201,"neow_bonus":"TRANSFORM_TWO_CARDS","is_daily":false,"chose_seed":false,"campfire_upgraded":5,"win_rate":0.0,"timestamp":1611395347,"path_taken":["M","?","M","?","M","R","E","M","T","R","M","M","?","E","R","BOSS","M","M","M","?","M","R","E","R","T","R","?","?","M","M","R","BOSS","M","?","M","M","M","E","R","E","T","R","M","M","M","$","R","BOSS"],"items_purchased_type":["Card","Card","Relic","Relic","Relic","Card"],"build_version":"2020-12-22","purchased_purges":1,"victory":true,"max_hp_per_floor":[75,75,75,75,75,75,75,75,75,75,75,75,75,75,75,75,75,75,75,75,75,75,75,75,75,75,75,86,86,86,86,86,86,86,86,86,86,86,86,93,93,93,99,99,99,99,106,106,106,106],"card_choices":[{"not_picked":["BloodHunter","ScarletDream"],"picked":"ScarletDevil","floor":1},{"not_picked":["FavorOfDestiny","VampireKiss","EmergencyRegeneration"],"picked":"SKIP","floor":3},{"not_picked":["VampireKiss","StarOfDavid"],"picked":"EndlessAdversity","floor":4},{"not_picked":["AfternoonTea","CharismaGuard"],"picked":"NightDance","floor":5},{"not_picked":["FavorOfDestiny","BloodyTrap"],"picked":"CurseOfVladTepes","floor":7},{"not_picked":["MastersStateliness","Stigmanizer"],"picked":"DiffusionOfMisfortune","floor":8},{"not_picked":["EternalNight","DiffusionOfMisfortune","RedNightlessCastle"],"picked":"SKIP","floor":11},{"not_picked":["RedRainbow","EndlessAdversity"],"picked":"MastersStateliness","floor":12},{"not_picked":["NightDance","ForbiddenFruit"],"picked":"ScarletSymphony","floor":14},{"not_picked":["EquivalentExchange","DemonKingCradle"],"picked":"BloodyHallows","floor":16},{"not_picked":["ScarletGensokyo","ForbiddenFruit+1"],"picked":"UltimateOffering+1","floor":18},{"not_picked":["BloodHunter","VampireFantasy","BadLadyScramble"],"picked":"SKIP","floor":19},{"not_picked":["BlasphemousPunishment","BombardNight"],"picked":"ScarletImprint","floor":20},{"not_picked":["StarOfDavid","FavorOfDestiny","DiffusionOfMisfortune"],"picked":"SKIP","floor":21},{"not_picked":["Stigmanizer","BadLadyScramble"],"picked":"BloodyMagicSquare","floor":22},{"not_picked":["ScarletImprint","BloodHunter"],"picked":"TransientEternity","floor":24},{"not_picked":["StarOfDavid","EternalNight"],"picked":"DevilSight","floor":30},{"not_picked":["VampirishNight","FavorOfDestiny","CharismaGuard"],"picked":"SKIP","floor":30},{"not_picked":["CharismaGuard","ScarletGensokyo"],"picked":"BloodHunter+1","floor":31},{"not_picked":["BloodyHallows","CeilingFear"],"picked":"TransientEternity","floor":33},{"not_picked":["ScarletImprint","Stigmanizer+1"],"picked":"BloodHunter+1","floor":35},{"not_picked":["ScarletDevil","RedRainbow"],"picked":"BloodAndWine+1","floor":37},{"not_picked":["DiffusionOfMisfortune","EndlessAdversity"],"picked":"BloodyCatastrophe","floor":38},{"not_picked":["UnderTheZenith","HunterOfTheNight+1","RedRainbow"],"picked":"SKIP","floor":39},{"not_picked":["Stigmanizer","Ultimatum+1"],"picked":"FitfulNightmare+1","floor":40},{"not_picked":["BombardNight","RedRainbow+1"],"picked":"BloodAndWine+1","floor":42},{"not_picked":["LeisurelyOfLord","NightDance+1"],"picked":"VampireClaw+1","floor":45},{"not_picked":["ScarletDevilSign+1","BombardNight","Stigmanizer"],"picked":"SKIP","floor":46},{"not_picked":["ScarletImprint+1","StarOfDavid"],"picked":"ScarletDevilSign+1","floor":47}],"player_experience":196859,"relics_obtained":[{"floor":7,"key":"Mummified Hand"},{"floor":9,"key":"Dead Branch"},{"floor":14,"key":"Letter Opener"},{"floor":24,"key":"Shovel"},{"floor":25,"key":"Boot"},{"floor":26,"key":"InkBottle"},{"floor":27,"key":"Omamori"},{"floor":28,"key":"ScarletDevilRocket"},{"floor":28,"key":"Darkstone Periapt"},{"floor":28,"key":"Old Coin"},{"floor":32,"key":"RedBat"},{"floor":37,"key":"Shuriken"},{"floor":40,"key":"Strawberry"},{"floor":41,"key":"Oddly Smooth Stone"},{"floor":42,"key":"Toy Ornithopter"},{"floor":43,"key":"Anchor"},{"floor":44,"key":"Gremlin Horn"}],"event_choices":[{"damage_healed":0,"gold_gain":0,"player_choice":"Cursed","damage_taken":0,"max_hp_gain":0,"max_hp_loss":0,"event_name":"Wheel of Change","floor":2,"gold_loss":0,"cards_obtained":["Decay"]},{"damage_healed":0,"gold_gain":0,"player_choice":"Ignored","damage_taken":0,"max_hp_gain":0,"max_hp_loss":0,"event_name":"Ghosts","floor":29,"gold_loss":0},{"cards_removed":["Strike_RM"],"damage_healed":0,"gold_gain":0,"player_choice":"Removed Attack","damage_taken":0,"max_hp_gain":0,"max_hp_loss":0,"event_name":"Falling","floor":36,"gold_loss":0}],"is_beta":false,"boss_relics":[{"not_picked":["Pandora\u0027s Box","Busted Crown"],"picked":"APieceOfRedMist"},{"not_picked":["Astrolabe","Velvet Choker"],"picked":"Cursed Key"}],"items_purged_floors":[48],"is_endless":false,"potions_floor_spawned":[5,8,11,16,19,21,30,31,37,38,40,42],"ascension_level":0}}