{"host":"anox4050deqdcqoh","time":1611379292,"event":{"mods":["BaseMod","Colored Map","Highlight Path","Minty Spire (QoL Compilation)","Quick Restart","Rare Cards Sparkle","everything is the same but u backflip on backflip"],"gold_per_floor":[113,113,126,137,150,182,182,195,195,210,221,221,221,28,28,159,159,174,174,25,46,46,46,46],"floor_reached":23,"language":"ENG","playtime":1187,"items_purged":[],"score":268,"play_id":"63c3a441-b97a-421c-9b72-a700585ab531","local_time":"20210123002132","is_ascension_mode":false,"campfire_choices":[{"data":"Barricade","floor":7,"key":"SMITH"},{"floor":15,"key":"REST"}],"circlet_count":0,"master_deck":["Defend_R","Defend_R","Defend_R","Defend_R","Bash","Perfected Strike+1","Shrug It Off","Pommel Strike","Barricade+1","Entrench","Body Slam+1","Cleave","Power Through","Burning Pact","Feed","Feel No Pain","Fire Breathing","Armaments+1","Bite","Bite","Bite","Bite","Bite"],"relics":["Black Blood","Vajra","Dead Branch","Calipers","Golden Idol","TheAbacus","Frozen Eye"],"acts_visited":["Exordium","TheCity"],"potions_floor_usage":[16,23,23],"damage_taken":[{"damage":8,"enemies":"Jaw Worm","floor":1,"turns":3},{"damage":1,"enemies":"Cultist","floor":3,"turns":3},{"damage":0,"enemies":"Small Slimes","floor":4,"turns":2},{"damage":6,"enemies":"Exordium Wildlife","floor":5,"turns":3},{"damage":27,"enemies":"3 Sentries","floor":6,"turns":10},{"damage":6,"enemies":"3 Louse","floor":8,"turns":5},{"damage":17,"enemies":"Looter","floor":10,"turns":4},{"damage":3,"enemies":"Large Slime","floor":11,"turns":7},{"damage":0,"enemies":"The Guardian","floor":16,"turns":11},{"damage":20,"enemies":"Spheric Guardian","floor":18,"turns":4},{"damage":41,"enemies":"2 Thieves","floor":21,"turns":4},{"damage":72,"enemies":"Gremlin Leader","floor":23,"turns":8}],"seed_played":"-4538612952368138648","potions_obtained":[{"floor":1,"key":"Ancient Potion"},{"floor":4,"key":"Fire Potion"},{"floor":11,"key":"SneckoOil"},{"floor":16,"key":"SkillPotion"},{"floor":21,"key":"DuplicationPotion"}],"is_trial":false,"path_per_floor":["M","?","M","M","M","E","R","M","T","M","M","?","?","$","R","B",null,"M","?","$","M","?","E"],"character_chosen":"IRONCLAD","items_purchased":["TheAbacus","Burning Pact","Frozen Eye"],"campfire_rested":1,"item_purchase_floors":[14,14,20],"current_hp_per_floor":[78,78,80,80,80,59,59,59,59,48,51,51,31,31,55,61,80,75,75,75,49,49,0,0],"gold":46,"neow_bonus":"RANDOM_COMMON_RELIC","is_daily":false,"chose_seed":false,"campfire_upgraded":1,"win_rate":0.0,"timestamp":1611379292,"path_taken":["M","?","M","M","M","E","R","M","T","M","?","?","?","?","R","BOSS","M","?","$","M","?","E"],"items_purchased_type":["Relic","Card","Relic"],"build_version":"2020-12-22","purchased_purges":0,"victory":false,"max_hp_per_floor":[80,80,80,80,80,80,80,80,80,80,80,80,80,80,80,80,80,83,83,83,86,60,60,60],"card_choices":[{"not_picked":["Wild Strike","Reckless Charge"],"picked":"Perfected Strike","floor":1},{"not_picked":["Twin Strike","Flame Barrier"],"picked":"Shrug It Off","floor":3},{"not_picked":["Clothesline","Seeing Red"],"picked":"Pommel Strike","floor":4},{"not_picked":["Anger","True Grit"],"picked":"Barricade","floor":5},{"not_picked":["Warcry","Fiend Fire"],"picked":"Entrench","floor":6},{"not_picked":["Infernal Blade","Dropkick"],"picked":"Body Slam","floor":8},{"not_picked":["Thunderclap","Searing Blow"],"picked":"Cleave","floor":10},{"not_picked":["Clothesline","Pummel"],"picked":"Power Through","floor":11},{"not_picked":["Fiend Fire","Reaper"],"picked":"Feed","floor":16},{"not_picked":["Sword Boomerang+1","Body Slam"],"picked":"Feel No Pain","floor":18},{"not_picked":["Carnage","Sword Boomerang+1"],"picked":"Armaments+1","floor":21}],"player_experience":382904,"relics_obtained":[{"floor":6,"key":"Dead Branch"},{"floor":9,"key":"Calipers"}],"event_choices":[{"damage_healed":0,"gold_gain":0,"player_choice":"Upgraded","damage_taken":0,"max_hp_gain":0,"max_hp_loss":0,"event_name":"Upgrade Shrine","floor":2,"gold_loss":0,"cards_upgraded":["Perfected Strike"]},{"damage_healed":0,"gold_gain":0,"player_choice":"Grow","damage_taken":0,"max_hp_gain":0,"max_hp_loss":0,"event_name":"Living Wall","floor":12,"gold_loss":0,"cards_upgraded":["Body Slam"]},{"damage_healed":0,"gold_gain":0,"player_choice":"Take Damage","damage_taken":20,"relics_obtained":["Golden Idol"],"max_hp_gain":0,"max_hp_loss":0,"event_name":"Golden Idol","floor":13,"gold_loss":0},{"damage_healed":0,"gold_gain":0,"player_choice":"Read","damage_taken":0,"max_hp_gain":0,"max_hp_loss":0,"event_name":"The Library","floor":19,"gold_loss":0,"cards_obtained":["Fire Breathing"]},{"damage_healed":0,"gold_gain":0,"player_choice":"Became a vampire","damage_taken":0,"max_hp_gain":0,"max_hp_loss":26,"event_name":"Vampires","floor":22,"gold_loss":0,"cards_obtained":["Bite","Bite","Bite","Bite","Bite"]}],"is_beta":false,"boss_relics":[{"not_picked":["Philosopher\u0027s Stone","Fusion Hammer"],"picked":"Black Blood"}],"items_purged_floors":[],"is_endless":false,"potions_floor_spawned":[1,4,11,16,18,21],"killed_by":"Gremlin Leader","ascension_level":0}}