{"host":"5v9rfzf5qju8k9wy","time":1611415437,"event":{"mods":["Act Like it!","BaseMod","Gensokyo","Hermit","Marisa£®ÏF”Í°°ƒß¿Ì…≥£©","Minty Spire (QoL Compilation)","StSLib"],"gold_per_floor":[112,129,139,18,38,65,79,79,106,106,106,120,120,120,120,225,225,241,241,258,258,508,537,537,537,562,589,589,604,604,198,198,303,303,315,332,332,332,59,91,91,91,172,187,187,187],"floor_reached":45,"language":"ZHS","playtime":3233,"items_purged":["hermit:Strike_Hermit","hermit:Quickdraw","hermit:Spite"],"score":611,"play_id":"a3b667df-5d2a-4337-a533-dd2db1dc6ab5","local_time":"20210123232357","is_ascension_mode":false,"campfire_choices":[{"data":"hermit:Quickdraw","floor":8.0,"key":"SMITH"},{"data":"hermit:Spite","floor":11.0,"key":"SMITH"},{"data":"hermit:SprayPray","floor":13.0,"key":"SMITH"},{"floor":15.0,"key":"REST"},{"data":"hermit:TakeAim","floor":28.0,"key":"SMITH"},{"data":"hermit:FatalDesire","floor":30.0,"key":"SMITH"},{"floor":32.0,"key":"REST"},{"floor":41,"key":"RECALL"}],"circlet_count":0,"master_deck":["hermit:Snapshot","hermit:Covet","hermit:Quickdraw+1","hermit:GoldenBullet","hermit:Malice","hermit:ItchyTrigger","hermit:Spite+1","hermit:GhostlyPresence+1","Clumsy","hermit:Roulette+1","hermit:FatalDesire+1","hermit:TakeAim+1","hermit:GhostlyPresence","hermit:Gestalt","hermit:Vantage","Gensokyo:AllTheWorldsEvil","hermit:Scavenge","Gensokyo:FourOfAKind","Gensokyo:FourOfAKind","Gensokyo:FourOfAKind","Gensokyo:FourOfAKind","hermit:WideOpen","hermit:Gambit","hermit:Magnum","hermit:EyeOfTheStorm+1","Wraith","Writhe","Parasite","hermit:Snipe"],"relics":["hermit:Momento","NeowsBlessing","Regal Pillow","War Paint","Gensokyo:NagashiBinaDoll","Pandora\u0027s Box","Gensokyo:ChorusOfJoy","TheAbacus","Fusion Hammer","Vajra","Potion Belt","Gremlin Horn"],"acts_visited":["Gensokyo:Gensokyo","Gensokyo:Gensokyoer","TheBeyond"],"potions_floor_usage":[40,40,44],"damage_taken":[{"damage":0.0,"enemies":"Gensokyo:3_Fairies","floor":1.0,"turns":2.0},{"damage":0.0,"enemies":"Gensokyo:Python","floor":2.0,"turns":1.0},{"damage":0.0,"enemies":"Gensokyo:2_Kodama","floor":3.0,"turns":1.0},{"damage":0.0,"enemies":"Gensokyo:LivingMonolith","floor":5.0,"turns":3.0},{"damage":26.0,"enemies":"Gensokyo:Cirno","floor":6.0,"turns":6.0},{"damage":9.0,"enemies":"Gensokyo:Kitsune","floor":7.0,"turns":2.0},{"damage":0.0,"enemies":"Gensokyo:Python_and_Kodama","floor":12.0,"turns":2.0},{"damage":37.0,"enemies":"Gensokyo:Kokoro","floor":16.0,"turns":12.0},{"damage":4.0,"enemies":"Gensokyo:Chomper","floor":18.0,"turns":3.0},{"damage":10.0,"enemies":"Gensokyo:AngelMirror","floor":20.0,"turns":3.0},{"damage":37.0,"enemies":"Gensokyo:Tenshi","floor":23.0,"turns":4.0},{"damage":8.0,"enemies":"Gensokyo:Chomper_and_Gloop","floor":27.0,"turns":4.0},{"damage":12.0,"enemies":"Gensokyo:Slime_Group","floor":29.0,"turns":4.0},{"damage":49.0,"enemies":"Gensokyo:Eternal_Rivals","floor":33.0,"turns":12.0},{"damage":11.0,"enemies":"Orb Walker","floor":35.0,"turns":4.0},{"damage":15.0,"enemies":"3 Shapes","floor":36.0,"turns":3.0},{"damage":18,"enemies":"Giant Head","floor":40,"turns":13},{"damage":17,"enemies":"Writhing Mass","floor":44,"turns":7},{"damage":26,"enemies":"Spire Growth","floor":45,"turns":3}],"seed_played":"-5469110435120520047","potions_obtained":[{"floor":1.0,"key":"SkillPotion"},{"floor":3.0,"key":"Explosive Potion"},{"floor":5.0,"key":"SteroidPotion"},{"floor":7.0,"key":"FairyPotion"},{"floor":20.0,"key":"Fruit Juice"},{"floor":23.0,"key":"GamblersBrew"},{"floor":27.0,"key":"Explosive Potion"},{"floor":29.0,"key":"Explosive Potion"},{"floor":35.0,"key":"LiquidMemories"},{"floor":36.0,"key":"Regen Potion"},{"floor":44,"key":"Weak Potion"}],"is_trial":false,"path_per_floor":["M","M","M","$","M","E","M","R","T","?","R","M","R","?","R","B",null,"M","?","M","?","?","E","?","?","T","M","R","M","R","$","R","B",null,"M","M","?","?","$","E","R","?","T","M","M"],"character_chosen":"HERMIT","items_purchased":["hermit:ItchyTrigger","TheAbacus","hermit:Gambit","Vajra"],"campfire_rested":2,"item_purchase_floors":[4,31,31,39],"current_hp_per_floor":[75,75,75,75,75,49,40,40,40,40,40,40,40,40,75,38,75,71,71,66,66,66,29,29,29,29,21,21,9,9,9,40,7,54,43,28,28,28,28,25,25,39,39,22,0,0],"gold":187,"neow_bonus":"THREE_ENEMY_KILL","is_daily":false,"chose_seed":false,"campfire_upgraded":5,"win_rate":0.0,"timestamp":1611415437,"path_taken":["M","M","?","?","?","E","M","R","T","?","R","M","R","?","R","BOSS","M","?","M","?","?","E","?","?","T","?","R","M","R","?","R","BOSS","M","M","?","?","?","E","R","?","T","M","M"],"items_purchased_type":["Card","Relic","Card","Relic"],"build_version":"2020-12-22","purchased_purges":3,"victory":false,"max_hp_per_floor":[75,75,75,75,75,75,75,75,75,75,75,75,75,75,75,75,75,75,75,80,80,76,76,76,54,54,54,54,54,54,54,54,54,54,54,54,54,54,54,54,54,54,54,54,54,54],"card_choices":[{"not_picked":["hermit:LuckOfTheDraw","hermit:Virtue"],"picked":"hermit:Quickdraw","floor":1.0},{"not_picked":["hermit:HoleUp","hermit:Shortfuse"],"picked":"hermit:GoldenBullet","floor":2.0},{"not_picked":["hermit:Grudge","hermit:BigShot"],"picked":"hermit:Malice","floor":3.0},{"not_picked":["hermit:ItchyTrigger","hermit:Coalescence"],"picked":"hermit:SprayPray","floor":5.0},{"not_picked":["hermit:NoHoldsBarred","hermit:Maintenance"],"picked":"hermit:Spite","floor":6.0},{"not_picked":["hermit:Spite","hermit:HighCaliber"],"picked":"hermit:GhostlyPresence","floor":7.0},{"not_picked":["hermit:Virtue","hermit:Showdown","hermit:HeroicBravado"],"picked":"SKIP","floor":12.0},{"not_picked":["hermit:HeroicBravado","hermit:Adapt"],"picked":"hermit:FatalDesire","floor":16.0},{"not_picked":["hermit:Coalescence+1","hermit:Feint","hermit:BigShot+1"],"picked":"SKIP","floor":18.0},{"not_picked":["hermit:TakeCover","hermit:Misfire"],"picked":"hermit:Quickdraw","floor":20.0},{"not_picked":["hermit:Coalescence+1","hermit:Vantage"],"picked":"hermit:Scavenge","floor":23.0},{"not_picked":["hermit:LowProfile","hermit:Glare"],"picked":"hermit:WideOpen","floor":27.0},{"not_picked":["hermit:GoldenBullet","hermit:WideOpen","hermit:BodyArmor"],"picked":"SKIP","floor":29.0},{"not_picked":["hermit:OverwhelmingPower","hermit:Dissolve"],"picked":"hermit:Magnum","floor":33.0},{"not_picked":["hermit:LowProfile+1","hermit:Spite+1","hermit:BigShot"],"picked":"SKIP","floor":35.0},{"not_picked":["hermit:CalledShot+1","hermit:Feint+1"],"picked":"hermit:EyeOfTheStorm+1","floor":36.0},{"not_picked":["hermit:HighCaliber","hermit:Malice","hermit:Midnight+1"],"picked":"SKIP","floor":40},{"not_picked":["hermit:BodyArmor+1","hermit:Glare+1"],"picked":"hermit:Snipe","floor":44}],"player_experience":92349,"relics_obtained":[{"floor":6.0,"key":"Regal Pillow"},{"floor":9.0,"key":"War Paint"},{"floor":23.0,"key":"Boot"},{"floor":40,"key":"Potion Belt"},{"floor":43,"key":"Gremlin Horn"}],"event_choices":[{"cards_removed":["hermit:SprayPray"],"damage_healed":0.0,"max_hp_gain":0.0,"max_hp_loss":0.0,"gold_gain":0.0,"event_name":"Falling","player_choice":"Removed Attack","floor":37.0,"gold_loss":0.0,"damage_taken":0.0},{"damage_healed":0.0,"max_hp_gain":0.0,"max_hp_loss":0.0,"gold_gain":0.0,"event_name":"OrinTheCat","player_choice":"Ignored","floor":38.0,"gold_loss":0.0,"damage_taken":0.0},{"damage_healed":14,"gold_gain":0,"player_choice":"Writhe","damage_taken":0,"max_hp_gain":0,"max_hp_loss":0,"event_name":"Winding Halls","floor":42,"gold_loss":0,"cards_obtained":["Writhe"]}],"is_beta":false,"boss_relics":[{"not_picked":["Runic Pyramid","hermit:BartenderGlass"],"picked":"Pandora\u0027s Box"},{"not_picked":["Snecko Eye","Runic Dome"],"picked":"Fusion Hammer"}],"items_purged_floors":[4,31,39],"is_endless":false,"potions_floor_spawned":[1,3,5,7,20,23,27,29,35,36,44],"killed_by":"Spire Growth","ascension_level":0}}