{"host":"yt8tirjpas3zupuf","time":1611408265,"event":{"mods":["Act Like it!","Arknights The Spire","BaseMod","Duelist Mod","Gensokyo","Googly Eyes","Lobotomy","Marisa£®ÏF”Í°°ƒß¿Ì…≥£©","Minty Spire (QoL Compilation)","Remilia£®¿Ÿ√◊¿Ú—«£©","Replay The Spire","StSLib","The Bug Knight","The Servant 0.9.4"],"gold_per_floor":[118,68,87,100,100,100,100],"floor_reached":6,"language":"ZHS","playtime":788,"items_purged":[],"score":36,"play_id":"5cfdbb9c-5f14-47f9-b41a-d4a624d7564c","local_time":"20210123212425","is_ascension_mode":false,"campfire_choices":[],"circlet_count":0,"master_deck":["ats:Strike C","ats:Strike G","ats:Strike S","ats:Armor Crushing Shot","ats:Defend","ats:Defend","ats:Defend","ats:Defend","ats:Emotion Absorption","Bloodbath","ats:Hammer On","FairyFestival","ats:LN2 Cannon","Scorched","ats:Assault Order","Delirium"],"relics":["ats:Sanity","CogitoBucket","Ring of Panic"],"acts_visited":["Exordium"],"potions_floor_usage":[],"damage_taken":[{"damage":9.0,"enemies":"Jaw Worm","floor":1.0,"turns":6.0},{"damage":0.0,"enemies":"2 Louse","floor":3.0,"turns":3.0},{"damage":4,"enemies":"Cultist","floor":4,"turns":4},{"damage":73,"enemies":"HollowMod:MossKnight","floor":6,"turns":7}],"seed_played":"-396007052473968576","potions_obtained":[],"is_trial":false,"path_per_floor":["M","?","M","M","?","E"],"character_chosen":"DOCTOR_CLASS","items_purchased":[],"campfire_rested":0,"item_purchase_floors":[],"current_hp_per_floor":[63,63,64,64,64,0,0],"gold":100,"neow_bonus":"","is_daily":false,"chose_seed":false,"campfire_upgraded":0,"win_rate":0.0,"timestamp":1611408265,"path_taken":["M","?","M","M","?","E"],"items_purchased_type":[],"build_version":"2020-12-22","purchased_purges":0,"victory":false,"max_hp_per_floor":[72,72,72,72,72,72,72],"card_choices":[{"not_picked":["OldLady","SnowQueen"],"picked":"Bloodbath","floor":1.0},{"not_picked":["ats:Magnetic Hammer","ats:Demon Strength"],"picked":"ats:Hammer On","floor":1.0},{"not_picked":["Wellcheers","MeltingLove"],"picked":"FairyFestival","floor":3.0},{"not_picked":["ats:Ignite","ats:Thorns"],"picked":"ats:LN2 Cannon","floor":3.0},{"not_picked":["OSAHOGD","BeautyBeast","Murderer"],"picked":"Singing Bowl","floor":4},{"not_picked":["VoidDream","OSAHOGD"],"picked":"Scorched","floor":4},{"not_picked":["ats:Echo Reverb","ats:Poison Spread"],"picked":"ats:Assault Order","floor":4}],"player_experience":110707,"relics_obtained":[{"floor":5,"key":"Ring of Panic"}],"event_choices":[{"cards_removed":["ats:Strike V"],"damage_healed":0.0,"max_hp_gain":0.0,"max_hp_loss":0.0,"gold_gain":0.0,"event_name":"The Cleric","player_choice":"Card Removal","floor":2.0,"gold_loss":50.0,"damage_taken":0.0}],"is_beta":false,"boss_relics":[],"items_purged_floors":[],"is_endless":false,"potions_floor_spawned":[],"killed_by":"HollowMod:MossKnight","ascension_level":0}}