{"host":"49pjgf1q9ev52n8z","time":1611428839,"event":{"mods":["BaseMod","Bestiary","Colored Map","Minty Spire (QoL Compilation)","Relic Stats","StSLib"],"gold_per_floor":[109,128,138,155,165,165,199,199,225,243,243,277,68,68,68,142,142,157,157,157,172,192,192,192,192],"floor_reached":24,"language":"ENG","playtime":2293,"items_purged":[],"score":420,"play_id":"f4b4a4cb-c1f8-4981-9d7b-1e65ba6eeeb9","local_time":"20210123110719","is_ascension_mode":true,"campfire_choices":[{"data":"Neutralize","floor":6,"key":"SMITH"},{"floor":8,"key":"REST"},{"data":"Predator","floor":15,"key":"SMITH"},{"floor":23,"key":"REST"}],"circlet_count":0,"master_deck":["AscendersBane","Strike_G","Strike_G","Strike_G","Strike_G","Strike_G","Defend_G","Defend_G","Defend_G","Defend_G","Defend_G","Survivor","Neutralize+1","Deadly Poison","Predator+1","Sucker Punch","Footwork","Malaise+1","Slice","Quick Slash","Noxious Fumes","Cloak And Dagger","Escape Plan"],"relics":["Ring of the Snake","Lizard Tail","Omamori","PreservedInsect","Snake Skull","Black Star"],"acts_visited":["TheCity"],"potions_floor_usage":[7,7,24],"damage_taken":[{"damage":13,"enemies":"Jaw Worm","floor":1,"turns":7},{"damage":3,"enemies":"Small Slimes","floor":2,"turns":3},{"damage":0,"enemies":"2 Louse","floor":3,"turns":3},{"damage":6,"enemies":"Looter","floor":4,"turns":4},{"damage":14,"enemies":"Red Slaver","floor":5,"turns":3},{"damage":20,"enemies":"Lagavulin","floor":7,"turns":8},{"damage":9,"enemies":"Exordium Wildlife","floor":10,"turns":5},{"damage":67,"enemies":"Gremlin Nob","floor":12,"turns":7},{"damage":11,"enemies":"The Guardian","floor":16,"turns":10},{"damage":20,"enemies":"3 Byrds","floor":18,"turns":6},{"damage":33,"enemies":"2 Thieves","floor":21,"turns":5},{"damage":18,"enemies":"Centurion and Healer","floor":22,"turns":9},{"damage":63,"enemies":"Slavers","floor":24,"turns":5}],"seed_played":"-687043263111386658","potions_obtained":[{"floor":2,"key":"LiquidBronze"},{"floor":3,"key":"SteroidPotion"},{"floor":22,"key":"BlessingOfTheForge"}],"is_trial":false,"path_per_floor":["M","M","M","M","M","R","E","R","T","M","?","E","$","?","R","B",null,"M","?","?","M","M","R","E"],"character_chosen":"THE_SILENT","items_purchased":["Snake Skull","Noxious Fumes"],"campfire_rested":2,"item_purchase_floors":[13,13],"current_hp_per_floor":[52,49,49,43,29,29,9,30,30,21,45,36,36,36,36,25,60,40,20,87,54,36,62,0,0],"gold":192,"neow_bonus":"TEN_PERCENT_HP_BONUS","is_daily":false,"chose_seed":false,"campfire_upgraded":2,"win_rate":0.0,"timestamp":1611428839,"path_taken":["M","M","M","M","M","R","E","R","T","M","?","E","$","?","R","BOSS","M","?","?","?","M","R","E"],"items_purchased_type":["Relic","Card"],"build_version":"2020-12-22","purchased_purges":0,"victory":false,"max_hp_per_floor":[72,72,72,72,72,72,72,72,72,72,72,72,72,72,72,72,72,72,77,87,87,87,87,87,87],"relic_stats":{"Lizard Tail":36,"counters":[13,75],"PreservedInsect":41,"Snake Skull":[47],"Black Star":0,"obtain_stats":[{"Lizard Tail":7,"PreservedInsect":12,"Snake Skull":13,"Omamori":9,"Black Star":17,"Ring of the Snake":0},{"Lizard Tail":6,"PreservedInsect":8,"Snake Skull":8,"Omamori":6,"Black Star":9,"Ring of the Snake":0},{"Lizard Tail":28,"PreservedInsect":40,"Snake Skull":40,"Omamori":28,"Black Star":50,"Ring of the Snake":0}],"Ring of the Snake":[26]},"card_choices":[{"not_picked":["Acrobatics","All Out Attack"],"picked":"Deadly Poison","floor":1},{"not_picked":["Acrobatics","Terror"],"picked":"Predator","floor":2},{"not_picked":["Underhanded Strike","Backflip","Outmaneuver"],"picked":"SKIP","floor":3},{"not_picked":["Cloak And Dagger","Acrobatics"],"picked":"Sucker Punch","floor":4},{"not_picked":["Poisoned Stab","Quick Slash"],"picked":"Footwork","floor":5},{"not_picked":["Backflip","Bouncing Flask"],"picked":"Malaise","floor":7},{"not_picked":["Choke","Expertise"],"picked":"Slice","floor":10},{"not_picked":["Crippling Poison","Masterful Stab"],"picked":"Quick Slash","floor":12},{"not_picked":["Storm of Steel","A Thousand Cuts"],"picked":"Venomology","floor":16},{"not_picked":["Slice","Outmaneuver"],"picked":"Cloak And Dagger","floor":18},{"not_picked":["Quick Slash","Backflip"],"picked":"Escape Plan","floor":21},{"not_picked":["Cloak And Dagger","Underhanded Strike","Escape Plan"],"picked":"SKIP","floor":22}],"player_experience":626871,"relics_obtained":[{"floor":7,"key":"Lizard Tail"},{"floor":9,"key":"Omamori"},{"floor":12,"key":"PreservedInsect"}],"event_choices":[{"damage_healed":24,"gold_gain":0,"player_choice":"Banana","damage_taken":0,"max_hp_gain":0,"max_hp_loss":0,"event_name":"Big Fish","floor":11,"gold_loss":0},{"damage_healed":0,"gold_gain":0,"player_choice":"Grow","damage_taken":0,"max_hp_gain":0,"max_hp_loss":0,"event_name":"Living Wall","floor":14,"gold_loss":0,"cards_upgraded":["Malaise"]},{"damage_healed":0,"gold_gain":0,"player_choice":"Shed Blood","damage_taken":25,"max_hp_gain":5,"max_hp_loss":0,"event_name":"Forgotten Altar","floor":19,"gold_loss":0},{"cards_removed":["Venomology"],"damage_healed":57,"gold_gain":0,"player_choice":"Offered Rare","damage_taken":0,"max_hp_gain":10,"max_hp_loss":0,"event_name":"Bonfire Elementals","floor":20,"gold_loss":0}],"is_beta":false,"boss_relics":[{"not_picked":["Velvet Choker","Calling Bell"],"picked":"Black Star"}],"items_purged_floors":[],"is_endless":false,"potions_floor_spawned":[2,3,5,22],"killed_by":"Slavers","ascension_level":18}}