{"host":"Jedit","time":1611411233,"event":{"mods":["BaseMod","Downfall","Minty Spire (QoL Compilation)","Relic Stats","StSLib"],"gold_per_floor":[14,34,44,44,64,64,64,64,64,89,100,130,144,156,156,252,252,267,192,204,224,241,267,267,298,321,321,331,357,371,386,386,482,482,495,17,33,33,33,58,74,108,108,125,158,158,158,192,192,192,192,192,13,41,41,41,41],"floor_reached":55,"language":"ENG","playtime":3605,"items_purged":["bronze:Strike"],"score":1082,"play_id":"cb0e5273-523f-43db-9eb3-c7b670223c55","local_time":"20210123141353","is_ascension_mode":true,"campfire_choices":[{"data":"Apotheosis","floor":8.0,"key":"SMITH"},{"data":"bronze:BronzeOrb","floor":15.0,"key":"SMITH"},{"floor":24.0,"key":"REST"},{"floor":27.0,"key":"RECALL"},{"floor":32.0,"key":"REST"},{"floor":46.0,"key":"REST"},{"floor":49.0,"key":"REST"},{"floor":52.0,"key":"REST"}],"circlet_count":0,"master_deck":["bronze:Strike","bronze:Strike","bronze:Strike","bronze:Defend","bronze:Defend","bronze:Defend","bronze:Defend+1","bronze:Replicate","bronze:Goto","Apotheosis+1","bronze:BronzeOrb+1","bronze:Constructor","bronze:Separator","bronze:Boost+1","bronze:InfiniteBeams","bronze:HardenedForm","bronze:Branch+1","bronze:Safeguard+1","bronze:InfiniteLoop","bronze:Constructor","bronze:Format","bronze:AlphaBuild","bronze:Assembly","Finesse","bronze:ShipIt","bronze:Refactor+1","bronze:Invalidate+1","bronze:Overheat+1","bronze:ItsAFeature","bronze:Allocate+1","bronze:SpaghettiCode","bronze:TinkerersToolbox"],"relics":["bronze:BronzeCore","Art of War","FaceOfCleric","Letter Opener","PreservedInsect","War Paint","Fusion Hammer","The Courier","CaptainsWheel","Slimebound:StickyStick","bronze:MakeshiftBattery","bronze:DonusWashers","Juzu Bracelet","Happy Flower","bronze:BottledCode","StrikeDummy","Vajra","bronze:SilverBullet","sneckomod:BlankCard","FossilizedHelix","TheAbacus","Lantern"],"acts_visited":["Exordium","TheCity","TheBeyond","TheEnding"],"potions_floor_usage":[54],"damage_taken":[{"damage":0.0,"enemies":"Cultist","floor":1.0,"turns":4.0},{"damage":0.0,"enemies":"Small Slimes","floor":2.0,"turns":3.0},{"damage":5.0,"enemies":"2 Louse","floor":3.0,"turns":2.0},{"damage":2.0,"enemies":"Blue Slaver","floor":5.0,"turns":4.0},{"damage":0.0,"enemies":"3 Sentries","floor":10.0,"turns":7.0},{"damage":0.0,"enemies":"2 Fungi Beasts","floor":11.0,"turns":3.0},{"damage":11.0,"enemies":"Lagavulin","floor":12.0,"turns":5.0},{"damage":0.0,"enemies":"3 Louse","floor":13.0,"turns":3.0},{"damage":7.0,"enemies":"Exordium Thugs","floor":14.0,"turns":5.0},{"damage":10.0,"enemies":"Hexaghost","floor":16.0,"turns":10.0},{"damage":13.0,"enemies":"2 Thieves","floor":18.0,"turns":4.0},{"damage":14.0,"enemies":"Shell Parasite","floor":20.0,"turns":4.0},{"damage":7.0,"enemies":"Snake Plant","floor":21.0,"turns":4.0},{"damage":10.0,"enemies":"Snecko","floor":22.0,"turns":5.0},{"damage":0.0,"enemies":"Gremlin Leader","floor":23.0,"turns":6.0},{"damage":2.0,"enemies":"Book of Stabbing","floor":25.0,"turns":5.0},{"damage":0.0,"enemies":"Cultist and Chosen","floor":28.0,"turns":6.0},{"damage":7.0,"enemies":"Slavers","floor":29.0,"turns":4.0},{"damage":15.0,"enemies":"3 Cultists","floor":30.0,"turns":6.0},{"damage":13.0,"enemies":"Shelled Parasite and Fungi","floor":31.0,"turns":5.0},{"damage":47.0,"enemies":"Automaton","floor":33.0,"turns":8.0},{"damage":0.0,"enemies":"3 Shapes","floor":35.0,"turns":6.0},{"damage":0.0,"enemies":"Orb Walker","floor":37.0,"turns":2.0},{"damage":4.0,"enemies":"Reptomancer","floor":40.0,"turns":5.0},{"damage":0.0,"enemies":"3 Darklings","floor":41.0,"turns":3.0},{"damage":0.0,"enemies":"Giant Head","floor":42.0,"turns":8.0},{"damage":0.0,"enemies":"4 Shapes","floor":44.0,"turns":3.0},{"damage":2.0,"enemies":"Nemesis","floor":45.0,"turns":5.0},{"damage":0.0,"enemies":"Giant Head","floor":48.0,"turns":5.0},{"damage":0.0,"enemies":"Donu and Deca","floor":50.0,"turns":8.0},{"damage":20,"enemies":"Shield and Spear","floor":54,"turns":5},{"damage":79,"enemies":"The Heart","floor":55,"turns":9}],"seed_played":"495671164318428157","potions_obtained":[{"floor":1.0,"key":"bronze:BurnAndBuffPotion"},{"floor":2.0,"key":"DistilledChaos"},{"floor":5.0,"key":"champ:CounterPotion"},{"floor":10.0,"key":"Slimebound:ThreeZeroPotion"},{"floor":11.0,"key":"Fruit Juice"},{"floor":18.0,"key":"Swift Potion"},{"floor":22.0,"key":"PowerPotion"},{"floor":25.0,"key":"SpeedPotion"},{"floor":29.0,"key":"Regen Potion"},{"floor":37.0,"key":"Guardian:BlockOnCardUsePotion"},{"floor":41.0,"key":"GamblersBrew"}],"is_trial":false,"path_per_floor":["M","M","M","?","M","?","?","R","T","E","M","E","M","M","R","B",null,"M","$","M","M","M","E","R","E","T","R","M","E","M","M","R","B",null,"M","$","M","?","?","E","M","E","T","M","E","R","?","E","R","B",null,"R","$","E","B"],"character_chosen":"THE_AUTOMATON","items_purchased":["bronze:DonusWashers","Juzu Bracelet","bronze:Assembly","Happy Flower","TheAbacus","bronze:SpaghettiCode"],"campfire_rested":5,"item_purchase_floors":[36,36,36,36,53,53],"current_hp_per_floor":[70,70,65,70,68,43,43,43,43,44,45,35,36,30,30,21,81,69,69,56,55,46,47,74,73,73,73,74,68,54,42,70,38,97,98,98,99,99,89,86,87,88,88,89,88,94,94,95,95,96,96,96,96,77,0,0,0],"gold":41,"neow_bonus":"RANDOM_COLORLESS_2","is_daily":false,"chose_seed":false,"campfire_upgraded":2,"win_rate":0.0,"timestamp":1611411233,"path_taken":["M","M","M","?","M","?","?","R","T","E","M","E","M","M","R","BOSS","M","$","?","M","M","E","R","E","T","R","M","E","M","M","R","BOSS","M","$","M","?","?","E","M","E","T","M","E","R","?","E","R","BOSS","R","$","E","BOSS"],"items_purchased_type":["Relic","Relic","Card","Relic","Relic","Card"],"build_version":"2020-12-18","purchased_purges":1,"victory":false,"max_hp_per_floor":[70,70,70,75,75,75,75,75,75,76,77,78,79,80,80,81,81,82,82,83,89,90,91,91,92,92,92,93,94,95,96,96,97,97,98,98,99,99,89,90,91,92,92,93,94,94,94,95,95,96,96,96,96,97,97,97,97],"relic_stats":{"TheAbacus":[18],"FaceOfCleric":27,"Happy Flower":[17],"counters":[32,162],"PreservedInsect":588,"Art of War":[6],"Juzu Bracelet":0,"Letter Opener":[174],"War Paint":["bronze:Boost","bronze:Defend"],"obtain_stats":[{"bronze:DonusWashers":36,"Lantern":54,"bronze:BronzeCore":0,"Happy Flower":36,"sneckomod:BlankCard":45,"Vajra":42,"PreservedInsect":10,"The Courier":23,"Juzu Bracelet":36,"Letter Opener":9,"War Paint":12,"bronze:BottledCode":39,"CaptainsWheel":25,"TheAbacus":53,"FaceOfCleric":7,"Slimebound:StickyStick":29,"Fusion Hammer":17,"Art of War":6,"StrikeDummy":40,"bronze:SilverBullet":43,"bronze:MakeshiftBattery":34,"FossilizedHelix":48},{"bronze:DonusWashers":22,"Lantern":31,"bronze:BronzeCore":0,"Happy Flower":22,"sneckomod:BlankCard":28,"Vajra":26,"PreservedInsect":5,"The Courier":15,"Juzu Bracelet":22,"Letter Opener":4,"War Paint":7,"bronze:BottledCode":23,"CaptainsWheel":16,"TheAbacus":30,"FaceOfCleric":4,"Slimebound:StickyStick":18,"Fusion Hammer":10,"Art of War":4,"StrikeDummy":24,"bronze:SilverBullet":26,"bronze:MakeshiftBattery":21,"FossilizedHelix":29},{"bronze:DonusWashers":109,"Lantern":153,"bronze:BronzeCore":0,"Happy Flower":109,"sneckomod:BlankCard":135,"Vajra":127,"PreservedInsect":20,"The Courier":69,"Juzu Bracelet":109,"Letter Opener":13,"War Paint":28,"bronze:BottledCode":111,"CaptainsWheel":74,"TheAbacus":148,"FaceOfCleric":13,"Slimebound:StickyStick":84,"Fusion Hammer":46,"Art of War":13,"StrikeDummy":116,"bronze:SilverBullet":127,"bronze:MakeshiftBattery":103,"FossilizedHelix":140}]},"card_choices":[{"not_picked":["Chrysalis","Metamorphosis"],"picked":"Apotheosis","floor":0.0},{"not_picked":["bronze:Terminator","bronze:WhirlingStrike"],"picked":"bronze:BronzeOrb","floor":1.0},{"not_picked":["bronze:DigitalCarnage","bronze:Shield"],"picked":"bronze:Constructor","floor":2.0},{"not_picked":["bronze:FineTuning","bronze:Frontload"],"picked":"bronze:Separator","floor":3.0},{"not_picked":["bronze:Invalidate","bronze:Optimize","bronze:Backtrace"],"picked":"SKIP","floor":5.0},{"not_picked":["bronze:Separator","bronze:BitShift"],"picked":"bronze:Boost","floor":10.0},{"not_picked":["bronze:Deprecate","bronze:Fortify"],"picked":"bronze:InfiniteBeams","floor":11.0},{"not_picked":["bronze:OilSpill","bronze:Turbo","bronze:WildBeam"],"picked":"SKIP","floor":12.0},{"not_picked":["bronze:Deprecate","bronze:MaxOutput","bronze:Mutator"],"picked":"SKIP","floor":13.0},{"not_picked":["bronze:DarkDash","bronze:Frontload","bronze:CutThrough"],"picked":"SKIP","floor":14.0},{"not_picked":["bronze:Verify","bronze:ShipIt"],"picked":"bronze:HardenedForm","floor":16.0},{"not_picked":["bronze:OilSpill+1","bronze:Overheat","bronze:Turbo+1"],"picked":"SKIP","floor":18.0},{"not_picked":["bronze:Philosophize","bronze:Invalidate"],"picked":"bronze:Branch+1","floor":20.0},{"not_picked":["bronze:Branch","bronze:ForLoop","bronze:Boost+1"],"picked":"SKIP","floor":21.0},{"not_picked":["bronze:MaxOutput","bronze:Fortify"],"picked":"bronze:Safeguard+1","floor":22.0},{"not_picked":["bronze:Repulsor","bronze:Turbo+1","bronze:OilSpill+1"],"picked":"SKIP","floor":23.0},{"not_picked":["bronze:CutThrough","bronze:Deprecate"],"picked":"bronze:InfiniteLoop","floor":25.0},{"not_picked":["bronze:Overheat+1","bronze:CloningBeam+1"],"picked":"bronze:Constructor","floor":28.0},{"not_picked":["bronze:BronzeArmor","bronze:BitShift","bronze:Frontload"],"picked":"SKIP","floor":29.0},{"not_picked":["bronze:BugBarrage","bronze:FollowUp"],"picked":"bronze:Format","floor":30.0},{"not_picked":["bronze:Frontload+1","bronze:Iterate+1","bronze:BronzeArmor"],"picked":"SKIP","floor":31.0},{"not_picked":["bronze:FindAndReplace","bronze:RecursiveStrike"],"picked":"bronze:AlphaBuild","floor":33.0},{"not_picked":["bronze:Shield","bronze:Deprecate+1"],"picked":"bronze:DelayedSlice","floor":35.0},{"not_picked":["bronze:DelayedSlice+1","bronze:BronzeArmor","bronze:BugBarrage"],"picked":"SKIP","floor":37.0},{"not_picked":["The Bomb","Jack Of All Trades"],"picked":"Finesse","floor":38.0},{"not_picked":["bronze:DelayedSlice","bronze:NullPointer"],"picked":"bronze:ShipIt","floor":40.0},{"not_picked":["bronze:WildBeam+1","bronze:DelayedSlice"],"picked":"bronze:Refactor+1","floor":41.0},{"not_picked":["bronze:Deprecate","bronze:Optimize+1"],"picked":"bronze:Invalidate+1","floor":42.0},{"not_picked":["bronze:DelayedGuard","bronze:Iterate+1"],"picked":"bronze:Overheat+1","floor":44.0},{"not_picked":["bronze:NullPointer","bronze:DelayedGuard"],"picked":"bronze:ItsAFeature","floor":45.0},{"not_picked":["bronze:ShipIt","bronze:NullPointer"],"picked":"bronze:Allocate+1","floor":48.0},{"not_picked":["bronze:Fortify","bronze:ChildClass"],"picked":"bronze:TinkerersToolbox","floor":54}],"player_experience":3685212,"relics_obtained":[{"floor":9.0,"key":"Letter Opener"},{"floor":10.0,"key":"PreservedInsect"},{"floor":12.0,"key":"War Paint"},{"floor":23.0,"key":"The Courier"},{"floor":25.0,"key":"CaptainsWheel"},{"floor":29.0,"key":"Slimebound:StickyStick"},{"floor":40.0,"key":"StrikeDummy"},{"floor":42.0,"key":"Vajra"},{"floor":43.0,"key":"bronze:SilverBullet"},{"floor":45.0,"key":"sneckomod:BlankCard"},{"floor":48.0,"key":"FossilizedHelix"},{"floor":54,"key":"Lantern"}],"event_choices":[{"damage_healed":0.0,"max_hp_gain":5.0,"max_hp_loss":0.0,"gold_gain":0.0,"event_name":"Big Fish","player_choice":"Donut","floor":4.0,"gold_loss":0.0,"damage_taken":0.0},{"damage_healed":0.0,"max_hp_gain":0.0,"max_hp_loss":0.0,"gold_gain":0.0,"event_name":"Scrap Ooze","player_choice":"Success","floor":6.0,"gold_loss":0.0,"damage_taken":25.0,"relics_obtained":["Art of War"]},{"damage_healed":0.0,"max_hp_gain":0.0,"max_hp_loss":0.0,"gold_gain":0.0,"event_name":"FaceTrader","player_choice":"Trade","floor":7.0,"gold_loss":0.0,"damage_taken":0.0,"relics_obtained":["FaceOfCleric"]},{"damage_healed":0.0,"max_hp_gain":0.0,"max_hp_loss":0.0,"gold_gain":0.0,"event_name":"SensoryStone","player_choice":"Memory 1","floor":38.0,"gold_loss":0.0,"damage_taken":0.0},{"cards_removed":["bronze:DelayedSlice"],"damage_healed":0.0,"max_hp_gain":0.0,"max_hp_loss":0.0,"gold_gain":0.0,"event_name":"Falling","player_choice":"Removed Attack","floor":47.0,"gold_loss":0.0,"damage_taken":0.0}],"is_beta":true,"boss_relics":[{"not_picked":["Black Star","Snecko Eye"],"picked":"Fusion Hammer"},{"not_picked":["Empty Cage","Philosopher\u0027s Stone"],"picked":"bronze:MakeshiftBattery"}],"items_purged_floors":[19],"is_endless":false,"potions_floor_spawned":[1,2,5,10,11,18,22,25,28,29,37,41,42],"killed_by":"The Heart","ascension_level":2}}