{"host":"hwgw78dblb98i0ci","time":1611430496,"event":{"mods":["BaseMod","Better Note","Better Third Choice","Downfall","Hubris","Minty Spire (QoL Compilation)","StSLib"],"gold_per_floor":[99,117,127,127,127,157,204,224,234,244,278,293,193,211,227,227,227,227],"floor_reached":16,"language":"ENG","playtime":1420,"items_purged":[],"score":116,"play_id":"d7140d74-60b4-4de4-983d-aa55afda1d41","local_time":"20210123143456","is_ascension_mode":false,"campfire_choices":[{"data":"sneckomod:TailWhip","floor":1,"key":"SMITH"}],"circlet_count":0,"master_deck":["sneckomod:Strike","sneckomod:Strike","sneckomod:Strike","sneckomod:Defend","sneckomod:Defend","sneckomod:Defend","sneckomod:TailWhip+1","sneckomod:SnekBite","sneckomod:Unknown","sneckomod:Unknown","sneckomod:UnknownBlock","sneckomod:SlitherStrike","sneckomod:CheapStock","sneckomod:TrashToTreasure","EmptyMind"],"relics":["sneckomod:SneckoSoul","PreservedInsect","downfall:ShatteredFragment","Pantograph","Omamori","Lantern","downfall:HeartBlessingGreen"],"acts_visited":["Exordium"],"potions_floor_usage":[6,12,16,16,16],"damage_taken":[{"damage":0,"enemies":"Cultist","floor":2,"turns":3},{"damage":0,"enemies":"Jaw Worm","floor":3,"turns":3},{"damage":26,"enemies":"Lagavulin","floor":6,"turns":4},{"damage":1,"enemies":"Small Slimes","floor":8,"turns":2},{"damage":0,"enemies":"Red Slaver","floor":9,"turns":4},{"damage":0,"enemies":"Exordium Wildlife","floor":10,"turns":3},{"damage":4,"enemies":"Gremlin Nob","floor":11,"turns":3},{"damage":5,"enemies":"Exordium Thugs","floor":12,"turns":3},{"damage":0,"enemies":"Large Slime","floor":14,"turns":4},{"damage":2,"enemies":"Lots of Slimes","floor":15,"turns":3},{"damage":71,"enemies":"SI_SHIV_ARCHETYPE","floor":16,"turns":8}],"seed_played":"-292413752772409962","potions_obtained":[{"floor":3,"key":"ColorlessPotion"},{"floor":6,"key":"Swift Potion"},{"floor":10,"key":"LiquidBronze"},{"floor":11,"key":"SkillPotion"},{"floor":12,"key":"Regen Potion"},{"floor":14,"key":"Swift Potion"}],"is_trial":false,"path_per_floor":["R","M","M","?","T","E","T","M","M","M","E","M","R","M","M","B"],"character_chosen":"THE_SNECKO","items_purchased":[],"campfire_rested":0,"item_purchase_floors":[],"current_hp_per_floor":[90,90,90,69,69,43,43,42,42,42,38,33,33,33,31,0,0,0],"gold":227,"neow_bonus":"RANDOM_COMMON_RELIC","is_daily":false,"chose_seed":false,"campfire_upgraded":1,"win_rate":0.0,"timestamp":1611430496,"path_taken":["R","M","?","?","?","E","T","M","M","M","E","M","R","M","M","BOSS"],"items_purchased_type":[],"build_version":"2020-12-22","purchased_purges":0,"victory":false,"max_hp_per_floor":[90,90,90,90,90,90,90,90,90,90,90,90,90,90,90,90,90,90],"card_choices":[{"not_picked":["sneckomod:QuickBite","sneckomod:UnknownVulnerable"],"picked":"sneckomod:UnknownBlock","floor":2},{"not_picked":["sneckomod:WideSting","sneckomod:Unknown0Cost"],"picked":"sneckomod:SlitherStrike","floor":3},{"not_picked":["sneckomod:Unknown1Cost","sneckomod:QuickMove","sneckomod:RainOfDice"],"picked":"SKIP","floor":6},{"not_picked":["sneckomod:RainOfDice","sneckomod:DiceBoulder","sneckomod:UnknownUncommonSkill"],"picked":"SKIP","floor":8},{"not_picked":["sneckomod:SoulRoll","sneckomod:UnknownCommonAttack"],"picked":"sneckomod:CheapStock","floor":9},{"not_picked":["sneckomod:UnknownCommonSkill","sneckomod:SoulDraw"],"picked":"sneckomod:TrashToTreasure","floor":10},{"not_picked":["sneckomod:IronFang","sneckomod:SoulDraw"],"picked":"sneckomod:UnknownDraw","floor":11},{"not_picked":["sneckomod:QuickBite","sneckomod:DiceBlock","sneckomod:QuickMove"],"picked":"SKIP","floor":12},{"not_picked":["sneckomod:MorePower","sneckomod:DiceBlock","sneckomod:RainOfDice"],"picked":"SKIP","floor":14},{"not_picked":["sneckomod:SoulDraw","sneckomod:UnknownWeak","sneckomod:MasterEye"],"picked":"SKIP","floor":15}],"player_experience":272321,"relics_obtained":[{"floor":5,"key":"Pantograph"},{"floor":6,"key":"Omamori"},{"floor":7,"key":"Lantern"}],"event_choices":[],"is_beta":false,"boss_relics":[],"items_purged_floors":[],"is_endless":false,"potions_floor_spawned":[3,6,10,11,12,14],"killed_by":"SI_SHIV_ARCHETYPE","ascension_level":0}}