{"host":"0ricjaa7rfq9v76t","time":1611375436,"event":{"mods":["AchievementEnabler","Aspiration","BaseMod","Better Vampires","BetterRewards","Colored Powertips","Downfall","Highlight Path","Hubris","Infinite Spire","Minty Spire (QoL Compilation)","Quick Restart","Rare Cards Sparkle","Relic Sorter","Replay The Spire","StSLib","SuperFastMode","Synergy Search","The Cursed","The Disciple","The Jungle","The Marked","The Runesmith","Uncapped"],"gold_per_floor":[110,110,126,126,137,137,150,185,185,185,202,202,152,170,170,170,170],"floor_reached":16,"language":"ENG","playtime":1138,"items_purged":[],"score":102,"play_id":"3c874acc-4123-45da-972d-0b01db9f3b45","local_time":"20210123121716","is_ascension_mode":false,"campfire_choices":[{"data":"BiteCommand","floor":6,"key":"SMITH"},{"floor":12,"key":"REST"},{"floor":15,"key":"REST"}],"circlet_count":0,"master_deck":["Strike_Br","Strike_Br","Strike_Br","Defend_Br","Defend_Br","Defend_Br","Defend_Br","SecondHand","PatternShift","LockedTornado","BiteCommand+1","LockedBlood","LockedMedicine","PrimeTime","WindUp"],"relics":["Chronometer","hubris:FunFungus","infinitespire:Broken Mirror","Replay:Wax Seal"],"acts_visited":["Exordium"],"potions_floor_usage":[8,8,11],"damage_taken":[{"damage":0,"enemies":"Small Slimes","floor":1,"turns":3},{"damage":4,"enemies":"Jaw Worm","floor":3,"turns":6},{"damage":1,"enemies":"Cultist","floor":5,"turns":5},{"damage":9,"enemies":"Large Slime","floor":7,"turns":7},{"damage":42,"enemies":"Gremlin Nob","floor":8,"turns":6},{"damage":0,"enemies":"Lots of Slimes","floor":11,"turns":2},{"damage":7,"enemies":"Blue Slaver","floor":14,"turns":3},{"damage":67,"enemies":"The Guardian","floor":16,"turns":8}],"seed_played":"-1836282211719748686","potions_obtained":[{"floor":3,"key":"ColorlessPotion"},{"floor":4,"key":"Explosive Potion"},{"floor":4,"key":"Reflective Coating"},{"floor":11,"key":"Elixir"}],"is_trial":false,"path_per_floor":["M","?","M","?","M","R","M","E","T","?","M","R","?","M","R","B"],"character_chosen":"CHRONO_CLASS","items_purchased":[],"campfire_rested":2,"item_purchase_floors":[],"current_hp_per_floor":[71,76,72,72,71,71,68,32,32,20,20,42,42,35,57,0,0],"gold":170,"neow_bonus":"TEN_PERCENT_HP_BONUS","is_daily":false,"chose_seed":false,"campfire_upgraded":1,"win_rate":0.0,"timestamp":1611375436,"path_taken":["M","?","M","?","?","R","M","E","T","?","M","R","?","M","R","BOSS"],"items_purchased_type":[],"build_version":"2020-12-22","purchased_purges":0,"victory":false,"max_hp_per_floor":[71,76,76,76,76,76,76,76,76,76,76,76,76,76,76,76,76],"card_choices":[{"not_picked":["Engulf","LockedMawBank"],"picked":"LockedTornado","floor":1},{"not_picked":["LockedMedicine","Parity"],"picked":"BiteCommand","floor":3},{"not_picked":["Analog","ExoVibe"],"picked":"LockedBlood","floor":5},{"not_picked":["LockedBlood","HandsUpB"],"picked":"LockedMedicine","floor":7},{"not_picked":["LockedUrn","LockedBell"],"picked":"PrimeTime","floor":8},{"not_picked":["LockedThread","LockedBlood","LockedScales"],"picked":"SKIP","floor":11},{"not_picked":["Parity","LockedAnchor"],"picked":"WindUp","floor":14}],"player_experience":199991,"relics_obtained":[{"floor":8,"key":"hubris:FunFungus"},{"floor":9,"key":"infinitespire:Broken Mirror"}],"event_choices":[{"damage_healed":0,"gold_gain":0,"player_choice":"Donut","damage_taken":0,"max_hp_gain":5,"max_hp_loss":0,"event_name":"Big Fish","floor":2,"gold_loss":0},{"damage_healed":0,"gold_gain":0,"player_choice":"Got Potions","damage_taken":0,"max_hp_gain":0,"max_hp_loss":0,"event_name":"Lab","floor":4,"gold_loss":0},{"damage_healed":0,"gold_gain":0,"player_choice":"Success","damage_taken":12,"relics_obtained":["Replay:Wax Seal"],"max_hp_gain":0,"max_hp_loss":0,"event_name":"Scrap Ooze","floor":10,"gold_loss":0},{"cards_removed":["Strike_Br"],"damage_healed":0,"gold_gain":0,"player_choice":"Card Removal","damage_taken":0,"max_hp_gain":0,"max_hp_loss":0,"event_name":"The Cleric","floor":13,"gold_loss":50}],"is_beta":false,"boss_relics":[],"items_purged_floors":[],"is_endless":false,"potions_floor_spawned":[3,11],"killed_by":"The Guardian","ascension_level":0}}