{"host":"clf2hd4adhiiw0zf","time":1611398927,"event":{"mods":["AchievementEnabler","BaseMod","Beaked The Cultist","Bestiary","Dark Map","Downfall","Gremlin Mod","Hermit","Jorbs\u0027s Wanderer Trilogy","Marisa????????","Minty Spire (QoL Compilation)","Shop Mod","StSLib","The Cursed","The Servant 0.9.4","UnlockEverythingMod"],"gold_per_floor":[99,99,84,96,81,81,104,117,17,29,49,80,530,530,550,646,646,546,559,559,583,583,583,583,583,583],"floor_reached":25,"language":"ENG","playtime":1121,"items_purged":[],"score":197,"play_id":"b77fb9f1-09a9-4d8e-b05d-1d0995008ef9","local_time":"20210123034847","is_ascension_mode":false,"campfire_choices":[{"floor":1.0,"key":"RECALL"},{"data":"MoonPhase","floor":9.0,"key":"SMITH"},{"data":"SoulSculpture","floor":18,"key":"SMITH"},{"data":"SurpressingFire","floor":23,"key":"SMITH"}],"circlet_count":0,"master_deck":["Strike_S","Strike_S","Strike_S","Strike_S","Defend_S","Defend_S","Defend_S","Defend_S","KidneyShot","Exchange","Starlight","Alleviate","MoonPhase+1","Starlight","DoubleEdge","Defy","InstantArmor","ShiftingGears","downfall:Icky","SurpressingFire+1","SoulSculpture+1","BottledTime"],"relics":["Uniform","CaptainsWheel","Matryoshka","Ancient Tea Set","downfall:HeartBlessingRed","Lantern","Black Star","downfall:HeartBlessingBlue","HornCleat","Boot","Kunai"],"acts_visited":["Exordium","TheCity"],"potions_floor_usage":[16,19],"damage_taken":[{"damage":0.0,"enemies":"downfall:FleeingMerchant","floor":3.0,"turns":4.0},{"damage":0.0,"enemies":"Cultist","floor":4.0,"turns":3.0},{"damage":0.0,"enemies":"downfall:FleeingMerchant","floor":5.0,"turns":4.0},{"damage":1.0,"enemies":"2 Louse","floor":8.0,"turns":3.0},{"damage":12.0,"enemies":"Small Slimes","floor":10.0,"turns":2.0},{"damage":8.0,"enemies":"3 Louse","floor":11.0,"turns":3.0},{"damage":11.0,"enemies":"3 Sentries","floor":12.0,"turns":8.0},{"damage":0,"enemies":"2 Fungi Beasts","floor":15,"turns":2},{"damage":22,"enemies":"DF_ARCHETYPE_STREAMLINE","floor":16,"turns":14},{"damage":7,"enemies":"3 Byrds","floor":19,"turns":8},{"damage":76,"enemies":"Gremlin Leader","floor":25,"turns":7}],"seed_played":"1246549650158965409","potions_obtained":[{"floor":8.0,"key":"PowerPotion"},{"floor":10.0,"key":"FairyPotion"},{"floor":12.0,"key":"PowerPotion"},{"floor":15,"key":"Swift Potion"}],"is_trial":false,"path_per_floor":["R","T","$","M","$","?","T","M","R","M","M","E","?","?","M","B",null,"R","M","?","T","?","R","T","E"],"character_chosen":"THE_SERVANT","items_purchased":[],"campfire_rested":0,"item_purchase_floors":[],"current_hp_per_floor":[47,47,47,47,47,47,47,46,46,34,26,15,15,15,15,19,65,75,68,68,68,68,68,68,0,0],"gold":583,"neow_bonus":"ONE_RARE_RELIC","is_daily":false,"chose_seed":false,"campfire_upgraded":3,"win_rate":0.0,"timestamp":1611398927,"path_taken":["R","?","$","M","?","?","T","?","R","?","?","E","?","?","M","BOSS","R","M","?","?","?","R","T","E"],"items_purchased_type":[],"build_version":"2020-12-22","purchased_purges":0,"victory":false,"max_hp_per_floor":[65,65,65,65,65,65,65,65,65,65,65,65,65,65,65,65,65,75,75,75,75,75,75,75,75,75],"card_choices":[{"not_picked":["RealityMarble","FastForward"],"picked":"Starlight","floor":3.0},{"not_picked":["DualDimension","ShatteredReality"],"picked":"Alleviate","floor":4.0},{"not_picked":["BestPractice","SpecialFormula"],"picked":"MoonPhase","floor":5.0},{"not_picked":["BottledTime","FastForward"],"picked":"DoubleEdge","floor":8.0},{"not_picked":["Rewind","ReturningBlade"],"picked":"Defy","floor":10.0},{"not_picked":["Potential","Defy"],"picked":"InstantArmor","floor":11.0},{"not_picked":["Revamp","Defy"],"picked":"ShiftingGears","floor":12.0},{"not_picked":["Replace","Defy"],"picked":"SurpressingFire","floor":15},{"not_picked":["ForgedInTime","FlawlessForm"],"picked":"SoulSculpture","floor":16},{"not_picked":["FastForward+1","Starlight+1"],"picked":"BottledTime","floor":19}],"player_experience":95024,"relics_obtained":[{"floor":2.0,"key":"Matryoshka"},{"floor":7.0,"key":"Ancient Tea Set"},{"floor":12.0,"key":"Lantern"},{"floor":21,"key":"HornCleat"},{"floor":21,"key":"Boot"},{"floor":24,"key":"Kunai"}],"event_choices":[{"cards_removed":["downfall:Icky"],"damage_healed":0,"gold_gain":0,"player_choice":"Forget","damage_taken":0,"max_hp_gain":0,"max_hp_loss":0,"event_name":"Living Wall","floor":14,"gold_loss":0}],"is_beta":false,"boss_relics":[{"not_picked":["Tiny House","Velvet Choker"],"picked":"Black Star"}],"items_purged_floors":[],"is_endless":false,"potions_floor_spawned":[8,10,12,15],"killed_by":"Gremlin Leader","ascension_level":0}}