{"host":"7fyy23rucerupe6i","time":1611374967,"event":{"mods":["AchievementEnabler","Act Like it!","Aspiration","BaseMod","Better Note","Better Vampires","BetterRewards","Colored Map","Colored Powertips","Conspire","Curses Come First","Custom Start","Downfall","Googly Eyes","Marisa£®ÏF”Í°°ƒß¿Ì…≥£©","Minty Spire (QoL Compilation)","Quick Restart","Relic Stats","Remilia£®¿Ÿ√◊¿Ú—«£©","Shop Mod","ShortenTheSpire","Spicy Shops","StSLib","SuperFastMode","The Blackbeard","The Construct","The Cursed","The Senshi","The Servant 0.9.4"],"gold_per_floor":[118,138,212,232,19,19,45,45,126,152,180,180,180,192,192,294,294,307,326,326,108,121,146,4,14,14,14,33,49,65,83,83,183,183,183,183],"floor_reached":35,"language":"ZHS","playtime":2596,"items_purged":[],"score":439,"play_id":"a91cafeb-ce5f-462b-83b3-e30fc02adea0","local_time":"20210123120927","is_ascension_mode":false,"campfire_choices":[{"data":"construct:Autoturret","floor":6,"key":"SMITH"},{"floor":13,"key":"REST"},{"data":"construct:Enhance","floor":15,"key":"SMITH"},{"data":"construct:LaserCore+1","floor":27,"key":"SMITH"},{"data":"construct:PanicFire+1","floor":32,"key":"SMITH"}],"circlet_count":0,"master_deck":["construct:Strike_Gold","construct:Strike_Gold","construct:Strike_Gold","construct:Strike_Gold","construct:Strike_Gold","construct:Defend_Gold","construct:Defend_Gold","construct:Defend_Gold","construct:Defend_Gold","construct:Defend_Gold","construct:AttackMode","construct:DefenseMode","construct:Autoturret+2","construct:ScopeCore+1","construct:CriticalHit","construct:Forcefield+1","conspire:Banana+1","construct:GuardCore+1","construct:Enhance+1","construct:PanicFire+2","construct:LaserCore+2","construct:Autoturret","construct:Autoturret+1","construct:PointDefense","construct:Analyze+1","construct:SaveState+1","construct:PanicFire"],"relics":["construct:ClockworkPhoenix","Toxic Egg 2","Ornamental Fan","Akabeko","MerchantsRug","aspiration:ChemicalBlood","theSenshi:FeatherClipsRelic","Dead Branch","Blue Candle","Sundial","construct:WeddingRing","Mercury Hourglass","construct:MasterCore","Omamori","conspire:DeflatedDodgeball","aspiration:FutureDiary"],"acts_visited":["Exordium","TheCity","TheBeyond"],"potions_floor_usage":[11,11,16,19,23,23,28,33,33,33],"damage_taken":[{"damage":5,"enemies":"2 Louse","floor":1,"turns":3},{"damage":3,"enemies":"Small Slimes","floor":2,"turns":4},{"damage":4,"enemies":"Jaw Worm","floor":4,"turns":5},{"damage":15,"enemies":"Gremlin Nob","floor":7,"turns":4},{"damage":8,"enemies":"conspire:MimicChest","floor":10,"turns":5},{"damage":19,"enemies":"3 Sentries","floor":11,"turns":8},{"damage":0,"enemies":"Looter","floor":14,"turns":2},{"damage":24,"enemies":"The Guardian","floor":16,"turns":5},{"damage":20,"enemies":"Shell Parasite","floor":18,"turns":4},{"damage":15,"enemies":"2 Thieves","floor":19,"turns":3},{"damage":0,"enemies":"Snecko","floor":22,"turns":2},{"damage":29,"enemies":"Book of Stabbing","floor":23,"turns":4},{"damage":15,"enemies":"Cultist and Chosen","floor":25,"turns":6},{"damage":0,"enemies":"3 Cultists","floor":28,"turns":3},{"damage":15,"enemies":"Snake Plant","floor":29,"turns":3},{"damage":12,"enemies":"conspire:HollyBat","floor":30,"turns":5},{"damage":10,"enemies":"Sentry and Sphere","floor":31,"turns":4},{"damage":45,"enemies":"Collector","floor":33,"turns":4},{"damage":0,"enemies":"3 Shapes","floor":35,"turns":1}],"seed_played":"6702778185411641137","potions_obtained":[{"floor":4,"key":"Strength Potion"},{"floor":7,"key":"Energy Potion"},{"floor":10,"key":"SneckoOil"},{"floor":11,"key":"Fire Potion"},{"floor":16,"key":"SneckoOil"},{"floor":18,"key":"Ancient Potion"},{"floor":22,"key":"Weak Potion"},{"floor":23,"key":"ColorlessPotion"},{"floor":25,"key":"Block Potion"},{"floor":28,"key":"Dexterity Potion"},{"floor":33,"key":"bronze:BurnAndBuffPotion"}],"is_trial":false,"path_per_floor":["M","M","?","M","$","R","E","?","T","?","E","T","R","M","R","B",null,"M","M","?","$","M","E","$","M","T","R","M","M","M","M","R","B",null,"M"],"character_chosen":"THE_CONSTRUCT_MOD","items_purchased":["Toxic Egg 2","construct:Autoturret","construct:ScopeCore+1","Ornamental Fan","Akabeko","conspire:TopHat","MerchantsRug","conspire:Banana+1","construct:Autoturret","Mercury Hourglass","Omamori","construct:Analyze+1"],"campfire_rested":1,"item_purchase_floors":[0,0,0,0,0,0,5,5,21,21,24,24],"current_hp_per_floor":[40,37,37,33,33,33,20,20,20,20,9,9,36,44,44,28,95,83,76,76,76,84,63,63,56,56,56,64,57,53,51,51,14,115,115,115],"gold":183,"neow_bonus":"","is_daily":false,"chose_seed":false,"campfire_upgraded":4,"win_rate":0.0,"timestamp":1611374967,"path_taken":["M","M","?","M","$","R","E","?","T","?","E","?","R","M","R","BOSS","M","M","?","?","M","E","$","M","T","R","M","M","?","?","R","BOSS","M"],"items_purchased_type":["Relic","Card","Card","Relic","Relic","Relic","Relic","Card","Card","Relic","Relic","Card"],"build_version":"2020-12-22","purchased_purges":0,"victory":false,"max_hp_per_floor":[85,85,85,85,85,85,87,87,87,89,91,91,91,93,93,95,95,97,99,99,99,101,103,103,105,105,105,107,109,111,113,113,115,115,115,115],"relic_stats":{"counters":[19,67],"Ornamental Fan":[28],"Sundial":[8],"Dead Branch":[93],"Blue Candle":[0],"obtain_stats":[{"MerchantsRug":5,"construct:WeddingRing":17,"blackbeard:LoadTheCannons":0,"Dead Branch":10,"Blue Candle":11,"theSenshi:FeatherClipsRelic":9,"Omamori":24,"construct:ClockworkPhoenix":24,"Boot":0,"Akabeko":0,"conspire:TopHat":0,"Mercury Hourglass":21,"Ornamental Fan":0,"Sundial":12,"Chemical X":0,"Toxic Egg 2":0,"conspire:DeflatedDodgeball":26,"aspiration:FutureDiary":34,"construct:MasterCore":23,"aspiration:ChemicalBlood":7},{"MerchantsRug":3,"construct:WeddingRing":8,"blackbeard:LoadTheCannons":0,"Dead Branch":5,"Blue Candle":6,"theSenshi:FeatherClipsRelic":4,"Omamori":12,"construct:ClockworkPhoenix":12,"Boot":0,"Akabeko":0,"conspire:TopHat":0,"Mercury Hourglass":10,"Ornamental Fan":0,"Sundial":6,"Chemical X":0,"Toxic Egg 2":0,"conspire:DeflatedDodgeball":13,"aspiration:FutureDiary":18,"construct:MasterCore":12,"aspiration:ChemicalBlood":4},{"MerchantsRug":11,"construct:WeddingRing":35,"blackbeard:LoadTheCannons":0,"Dead Branch":20,"Blue Candle":28,"theSenshi:FeatherClipsRelic":15,"Omamori":46,"construct:ClockworkPhoenix":46,"Boot":0,"Akabeko":0,"conspire:TopHat":0,"Mercury Hourglass":41,"Ornamental Fan":0,"Sundial":28,"Chemical X":0,"Toxic Egg 2":0,"conspire:DeflatedDodgeball":51,"aspiration:FutureDiary":66,"construct:MasterCore":46,"aspiration:ChemicalBlood":15}],"Mercury Hourglass":[127]},"card_choices":[{"not_picked":["construct:ScrapCannon","construct:Overcharge"],"picked":"construct:CriticalHit","floor":1},{"not_picked":["construct:Electrocute","construct:Anticipate+1"],"picked":"construct:Forcefield+1","floor":2},{"not_picked":["construct:Boost","construct:ShiftStrike","construct:SuppressiveFire"],"picked":"SKIP","floor":4},{"not_picked":["construct:Boost","construct:GatlingGun"],"picked":"construct:GuardCore+1","floor":7},{"not_picked":["construct:Versatility","construct:GoldenBullet","construct:Forcefield+1"],"picked":"SKIP","floor":11},{"not_picked":["construct:FierceBash","construct:Backup+1"],"picked":"construct:Enhance","floor":14},{"not_picked":["construct:ShiftingStance","construct:ClockworkEgg+1"],"picked":"construct:PanicFire","floor":16},{"not_picked":["construct:OneWayMirror+1","construct:SyphonStrike"],"picked":"construct:LaserCore+1","floor":18},{"not_picked":["construct:HardReboot+1","construct:Backup+1","construct:BatteryAcid+1"],"picked":"SKIP","floor":19},{"not_picked":["construct:FierceBash+1","construct:ClusterMines"],"picked":"construct:Autoturret+1","floor":22},{"not_picked":["construct:QuickAttack","construct:ModeShift+1"],"picked":"construct:PointDefense","floor":23},{"not_picked":["construct:BatteryAcid+1","construct:SaveState+1","construct:Isolate+1"],"picked":"SKIP","floor":25},{"not_picked":["construct:BatteryAcid+1","construct:Isolate+1"],"picked":"construct:SaveState+1","floor":25},{"not_picked":["construct:Chainstrike","construct:CriticalHit","construct:Anticipate+1"],"picked":"SKIP","floor":28},{"not_picked":["construct:SaveState+1","construct:ShiftStrike","construct:SuppressiveFire"],"picked":"SKIP","floor":29},{"not_picked":["construct:BatteryAcid+1","construct:Failsafe+1","construct:SyphonStrike+1"],"picked":"SKIP","floor":30},{"not_picked":["construct:Hazardproof+1","construct:Backfire","construct:Chainstrike"],"picked":"SKIP","floor":31},{"not_picked":["construct:HastyRepair+1","construct:HyperBeam"],"picked":"construct:PanicFire","floor":33}],"player_experience":579530,"relics_obtained":[{"floor":7,"key":"aspiration:ChemicalBlood"},{"floor":9,"key":"theSenshi:FeatherClipsRelic"},{"floor":10,"key":"Dead Branch"},{"floor":11,"key":"Blue Candle"},{"floor":12,"key":"Sundial"},{"floor":23,"key":"construct:MasterCore"},{"floor":26,"key":"conspire:DeflatedDodgeball"}],"event_choices":[{"damage_healed":0,"gold_gain":74,"player_choice":"Gained Gold","damage_taken":0,"max_hp_gain":0,"max_hp_loss":0,"event_name":"Golden Wing","floor":3,"gold_loss":0},{"damage_healed":0,"gold_gain":0,"player_choice":"Grow","damage_taken":0,"max_hp_gain":0,"max_hp_loss":0,"event_name":"Living Wall","floor":8,"gold_loss":0,"cards_upgraded":["construct:Autoturret"]},{"damage_healed":0,"gold_gain":0,"player_choice":"Upgraded","damage_taken":0,"max_hp_gain":0,"max_hp_loss":0,"event_name":"Upgrade Shrine","floor":20,"gold_loss":0,"cards_upgraded":["construct:PanicFire"]}],"is_beta":false,"boss_relics":[{"not_picked":["Snecko Eye","conspire:SeveredTorchhead"],"picked":"construct:WeddingRing"},{"not_picked":["Runic Dome","conspire:RunicOctahedron"],"picked":"aspiration:FutureDiary"}],"items_purged_floors":[],"is_endless":false,"potions_floor_spawned":[4,7,10,11,16,22,23,25,28,30,33],"killed_by":"3 Shapes","ascension_level":0}}