{"host":"kiepq204ejgahl1h","time":1611385530,"event":{"mods":["100% Spire Juice","ATMod(阿瑾Mod)","Act Like it!","Aspiration","BaseMod","BetterRewards","Booster Modes","Colored Map","Colored Powertips","Conjunction","Conspire","Curses Come First","Dota2Spire","Energized Spire","GifTheSpireLib","Gold Saver","Halation","Hubris","Humility","Infinite Spire","Ironclad Rager","Jedi Mod","KinomotoSakuraMod(木之本樱)","LagranYue(拉格朗・月)","Luminous","Marisa（F雨　魔理沙）","Minty Spire (QoL Compilation)","MostiFishMod","Pale of the Ancients","Prisma Mod","Quarter Circle Forward PUNCH!","Quick Restart","RRrroohrrRGHHhhh!!","Rare Cards Sparkle","Reimu（博丽灵梦）","Relic Stats","Remilia（蕾米莉亚）","Replay The Spire","RumiaBox-露米娅的神秘盒子","SIMod","SacredBarkPlus","Spikes Relics","Spires \u0026 Sneckos","StS++","StSLib","Stuff the Spire","TestMod","The Bug Knight","The Gatherer","The Servant 0.9.4","Virulent Crown","Yakumo Yukari mod","Youmu（魂魄妖梦）","vexMod","【遗物卡牌】REMEMod"],"gold_per_floor":[929,943,943,953,968,997,1009,1034,1034,1045,1055,1083,1097,1110,1110,1187,1187,1194,1144,931,931,881,931,963,1006,1018,1047,1059,1103,1161,1186,1198,1286,1398,1425,1437,1467,1056,1073,1115,1115,1136,1163,1163,1181,1231,1248,1269,1269,1290,1306,1320,1348,1403,1403,1403,1434,1434,1434,1434,1469],"floor_reached":62,"language":"ZHS","playtime":3134,"items_purged":["Strike_B","Defend_B","Strike_B","Defend_B","Strike_B","Strike_B","Defend_B"],"score":4438,"play_id":"72c21e7b-a770-4c06-aed7-223d912a1bf0","local_time":"20210123150530","is_ascension_mode":true,"campfire_choices":[{"floor":15.0,"key":"DIG"},{"data":"AT_FamilyPortrait","floor":32.0,"key":"SMITH"},{"data":"ReplayTheSpireMod:Dual Polarity","floor":41.0,"key":"SMITH"},{"data":"MostiFishMod:ATRI","floor":49.0,"key":"SMITH"},{"data":"REME_Whirling","floor":56,"key":"SMITH"},{"data":"rorgmod:Fusion","floor":58,"key":"SMITH"}],"circlet_count":0,"master_deck":["Defend_B","Zap","Dualcast+1","AT_FamilyPortrait+1","PrismaMod:IllyaCarnivalDefend","Coolheaded","Flash of Steel","Sweeping Beam","rorgmod:Fuse Blower+1","REME_Whirling+1","Hologram","StuffTheSpire:Synthwave","Crystallizer","ReplayTheSpireMod:Dual Polarity+1","FIFO Queue","Turbo","conspire:SpireCoStock","rorgmod:Fusion+1","Capacitor","MostiFishMod:Impulse+1","conspire:Rain","Consume","MostiFishMod:ReadyAimFire","Redo+1","MostiFishMod:GatherIntelligence","MostiFishMod:ATRI+1","Hologram+1","AT_WaterDrop","rorgmod:Fuse Blower+1"],"relics":["Cracked Core","AT_ATBox","REME_ComplimentaryCards","testmod-TestBox","LagranYue:RandomDrawCardRelic","CombinedTypeHook","testmod-HeartOfStrike","StSpp:SailingBoat","SynthV:TestCard","vexMod:Cooldron","vexMod:DeviousBotling","SpikesRelics:DaevaFist","vexMod:ScavengeHelm","Replay:Towering Pillar of Hats","infinitespire:EmpoweringShard","aspiration:HiddenCompartment","conspire:RunicOctahedron","testmod-TestBox","MawBank","LagranYue:GuideDeadRelic","RetroEgg","aspiration:MysteriousAuxiliaryCore","hubris:Teleporter","Red Mask","Replay:Wanted Poster","rorgmod:Liquid Mercury","Omamori","Dota2Spire:UrnOfShadows","MagicDraw1","qcfpunch:Wrestler\u0027s_Cloak","paleoftheancients:Timepiece","Oddly Smooth Stone","Letter Opener","paleoftheancients:SoulOfTheWokeBloke","Blood Vial","AT_BellowingDragoncrestRing","Eternal Feather"],"acts_visited":["Exordium","TheCity","TheBeyond","paleoftheancients:PaleOfTheAncients"],"potions_floor_usage":[50,50,50,50,50,50,50,50,50,50,57,60,61,61,61,61],"damage_taken":[{"damage":0.0,"enemies":"conspire:RoseBush","floor":1.0,"turns":2.0},{"damage":0.0,"enemies":"Cultist","floor":2.0,"turns":2.0},{"damage":0.0,"enemies":"Jaw Worm","floor":4.0,"turns":2.0},{"damage":1.0,"enemies":"Looter","floor":5.0,"turns":2.0},{"damage":0.0,"enemies":"3 Sentries","floor":6.0,"turns":1.0},{"damage":0.0,"enemies":"Large Slime","floor":7.0,"turns":2.0},{"damage":0.0,"enemies":"Lagavulin","floor":8.0,"turns":2.0},{"damage":0.0,"enemies":"Lots of Slimes","floor":10.0,"turns":2.0},{"damage":8.0,"enemies":"Red Slaver","floor":11.0,"turns":2.0},{"damage":0.0,"enemies":"Gremlin Nob","floor":12.0,"turns":2.0},{"damage":0.0,"enemies":"Gremlin Gang","floor":13.0,"turns":2.0},{"damage":0.0,"enemies":"2 Fungi Beasts","floor":14.0,"turns":2.0},{"damage":0.0,"enemies":"The Guardian","floor":16.0,"turns":4.0},{"damage":5.0,"enemies":"Shell Parasite","floor":18.0,"turns":2.0},{"damage":0.0,"enemies":"Book of Stabbing","floor":23.0,"turns":3.0},{"damage":0.0,"enemies":"2 Thieves","floor":24.0,"turns":2.0},{"damage":5.0,"enemies":"Gremlin Leader","floor":25.0,"turns":3.0},{"damage":0.0,"enemies":"3 Cultists","floor":27.0,"turns":2.0},{"damage":0.0,"enemies":"Slavers","floor":29.0,"turns":2.0},{"damage":2.0,"enemies":"Masked Bandits","floor":30.0,"turns":2.0},{"damage":3.0,"enemies":"Sentry and Sphere","floor":31.0,"turns":6.0},{"damage":16.0,"enemies":"hubris:MusketHawk","floor":33.0,"turns":4.0},{"damage":6.0,"enemies":"3 Darklings","floor":35.0,"turns":2.0},{"damage":0.0,"enemies":"3 Shapes","floor":37.0,"turns":2.0},{"damage":4.0,"enemies":"Spire Growth","floor":39.0,"turns":2.0},{"damage":9.0,"enemies":"Nemesis","floor":40.0,"turns":2.0},{"damage":0.0,"enemies":"Maw","floor":42.0,"turns":2.0},{"damage":0.0,"enemies":"Writhing Mass","floor":44.0,"turns":1.0},{"damage":0.0,"enemies":"Jaw Worm Horde","floor":45.0,"turns":2.0},{"damage":0.0,"enemies":"Giant Head","floor":46.0,"turns":3.0},{"damage":0.0,"enemies":"3 Darklings","floor":47.0,"turns":2.0},{"damage":0.0,"enemies":"Nemesis","floor":48.0,"turns":2.0},{"damage":14,"enemies":"conspire:OrnateMirror","floor":50,"turns":2},{"damage":0,"enemies":"infinitespire:MassOfShapes","floor":51,"turns":5},{"damage":9,"enemies":"infinitespire:MassOfShapes","floor":52,"turns":3},{"damage":16,"enemies":"infinitespire:MassOfShapes","floor":53,"turns":4},{"damage":0,"enemies":"infinitespire:MassOfShapes","floor":57,"turns":4},{"damage":0,"enemies":"paleoftheancients:N","floor":61,"turns":6}],"seed_played":"768545916050187551","potions_obtained":[{"floor":5.0,"key":"EntropicBrew"},{"floor":8.0,"key":"EntropicBrew"},{"floor":10.0,"key":"EntropicBrew"},{"floor":12.0,"key":"EntropicBrew"},{"floor":13.0,"key":"EntropicBrew"},{"floor":14.0,"key":"EntropicBrew"},{"floor":23.0,"key":"EntropicBrew"},{"floor":27.0,"key":"EntropicBrew"},{"floor":29.0,"key":"EntropicBrew"},{"floor":39.0,"key":"EntropicBrew"},{"floor":40.0,"key":"EntropicBrew"},{"floor":42.0,"key":"EntropicBrew"},{"floor":47.0,"key":"EntropicBrew"},{"floor":48.0,"key":"EntropicBrew"},{"floor":54,"key":"Dota2Spire:HealingSalve"},{"floor":57,"key":"EntropicBrew"}],"is_trial":false,"path_per_floor":["M","M","AVR","M","M","E","M","E","T","M","M","E","M","M","R_BF","B",null,"M","?","$","?","?","E","M","E","T","M","$","E","?","M","R","B",null,"M","?","M","$","M","E","R","M","T","M","M","E","M","E","R","B","B","M","M","?","T","R","M","R","T","?","B",null],"character_chosen":"DEFECT","items_purchased":["Coolheaded","Flash of Steel","Sweeping Beam","StSpp:SailingBoat","rorgmod:Fuse Blower","rorgmod:Fusion","aspiration:MysteriousAuxiliaryCore","rorgmod:Liquid Mercury","EntropicBrew"],"campfire_rested":0,"item_purchase_floors":[0,0,0,0,0,20,28,38,38],"current_hp_per_floor":[37,37,37,37,36,36,36,36,36,36,28,28,28,28,28,28,60,55,55,55,55,55,59,59,54,54,54,22,22,20,17,17,1,54,48,48,48,48,44,35,35,35,35,35,35,38,38,38,38,24,61,62,59,31,31,31,57,57,57,57,65],"gold":1469,"neow_bonus":"","is_daily":false,"chose_seed":false,"campfire_upgraded":5,"win_rate":0.0,"timestamp":1611385530,"path_taken":["M","?","AVR","M","?","E","M","E","T","M","?","E","M","M","R_BF","BOSS","M","?","$","?","?","E","?","E","T","M","?","E","?","M","R","BOSS","M","?","M","$","M","E","R","M","T","M","M","E","M","E","R","BOSS","BOSS","M","M","?","T","R","M","R","T","?","BOSS"],"items_purchased_type":["Card","Card","Card","Relic","Card","Card","Relic","Relic","Potion"],"build_version":"2020-12-22","purchased_purges":7,"victory":true,"max_hp_per_floor":[71,71,71,71,71,71,71,71,71,71,71,71,71,71,71,71,71,71,71,71,71,71,71,71,71,71,71,71,71,71,71,71,71,71,71,71,71,71,71,71,71,71,71,71,71,71,71,71,71,71,71,71,71,71,71,71,71,71,71,71,71],"relic_stats":{"Blood Vial":4,"counters":[323,1118],"Eternal Feather":0,"Letter Opener":[1986],"MawBank":180,"obtain_stats":[{"Replay:Accelerometer":9,"infinitespire:BottledMercury":54,"jedi:angrymask":32,"testmod-HeartOfStrike":0,"StuffTheSpire:Barrel":25,"AT_ATBox":2,"LagranYue:RandomDrawCardRelic":0,"WarlordEmblem:MantleBaku":13,"Whetstone":0,"testmod-BlackFramedGlasses":0,"MagicDraw2":21,"aspiration:RitualStick":19,"jedi:shrinkray":0,"MagicDraw1":24,"Replay:Wanted Poster":34,"Blood Vial":54,"testmod-Prudence":0,"vexMod:DeviousBotling":17,"halation:PromiseList":49,"WarlordEmblem:BrokenMantle":0,"DianDianMeat":2,"conspire:TreasureMap":0,"testmod-TestBox":0,"Dota2Spire:UrnOfShadows":43,"testmod-Register":31,"Eternal Feather":59,"Pen Nib":14,"REME_LimitBreaker":6,"Ling":0,"qcfpunch:Broken_Tusk":26,"EE1DDrone":37,"StuffTheSpire:MayFlowers":10,"Technique":0,"aspiration:MysteriousAuxiliaryCore":28,"Abe\u0027s Treasure":34,"ChiLing":0,"WarlordEmblem:VoidPower":17,"Torii":44,"DaveBox":0,"Bag of Preparation":0,"LagranYue:MagicReflectiveArmorRelic":0,"Smiling Mask":44,"testmod-CasingShield":25,"Shovel":8,"infinitespire:Bottled Soul":47,"vexMod:RedPlottingStone":27,"AntiCross":46,"halation:Toothbrush":42,"LagranYue:NewUniverseRelic":13,"Potion Belt":22,"qcfpunch:Black_Training_Shirt":54,"conspire:RunicOctahedron":17,"The Courier":44,"LagranYue:GuideDeadRelic":25,"Omamori":40,"Ring of Greed":44,"halation:SelfBoilingWater":45,"MawBank":23,"ChaoDraw":37,"PrismaMod:PrismaSapphireUpgrade":34,"Busted Crown":34,"AT_BellowingDragoncrestRing":43,"ExplosiveVial":36,"SpikesRelics:DaevaFist":6,"halation:AfternoonTea":6,"REME_ComplimentaryCards":2,"CombinedTypeHook":0,"Chi":0,"HollowMod:StagPassRelic":7,"testmod-Fanaticism":34,"halation:PrussianBluePaint":9,"Mastiff:ReiMu":23,"Prayer Wheel":30,"Iron Hammer":0,"testmod-DragonStarHat":9,"Toxic Egg 2":4,"StSpp:XCola":45,"LugNut":13,"conspire:Dentures":9,"AT_RabadonDeathcap":26,"paleoftheancients:KeyRelic":50,"hubris:Teleporter":29,"Ring of Hypnosis":44,"ReplayTheSpireMod:CursedCoin":29,"vexMod:ScavengeHelm":8,"StuffTheSpire:ForceGauntlet":32,"WarlordEmblem:WuziBook":43,"Oddly Smooth Stone":50,"Replay:Kaleidoscope":23,"Letter Opener":50,"aspiration:SeaSaltIceCream":6,"aspiration:HiddenCompartment":15,"WarpedTongs":53,"paleoftheancients:Timepiece":50,"testmod-RealStoneCalender":0,"Replay:Baseball":38,"conspire:GiftBox":41,"vexMod:Cooldron":3,"paleoftheancients:SoulOfTheWokeBloke":52,"Bronze Scales":8,"Molten Egg 2":5,"Onion Ring":43,"GodSword6":29,"infinitespire:EmpoweringShard":12,"AT_DeathDance":43,"Dota2Spire:MonkeyKingBar":0,"StuffTheSpire:OldFever":0,"paleoftheancients:SoulOfTheIroncluck":51,"ReplayFunnel":11,"PrismaMod:PrismaSapphire":0,"qcfpunch:Not_Strongest_Fighting_Style_Guidebook":0,"RetroEgg":26,"aspiration:TomeofQuesting":0,"ClockworkSouvenir":0,"Chameleon Ring":15,"testmod-InjuryResistance":44,"MiniBlackHole":13,"qcfpunch:Wrestler\u0027s_Cloak":48,"Red Mask":30,"Cracked Core":0,"testmod-ArcanaOfDestiny":24,"rorgmod:Liquid Mercury":38,"Gremlin Food":25,"Replay:Towering Pillar of Hats":9,"infinitespire:CursedDice":40,"Guide Book":19,"Dota2Spire:BattleFury":26,"vexMod:FocusSash":23,"StSpp:SailingBoat":0,"testmod-IndustrialRevolution":12,"jedi:fakemustache":0,"testmod-Antiphasic":58,"SynthV:TestCard":1,"infinitespire:WardingShard":27,"vexMod:HeadHunter":4,"halation:EternalFortune":38,"StuffTheSpire:CocoNut":4,"Bag of Marbles":46,"qcfpunch:Red_Headband":40,"Coffee Dripper":50,"StuffTheSpire:RubySignet":58},{"Replay:Accelerometer":197,"infinitespire:BottledMercury":250,"jedi:angrymask":272,"testmod-HeartOfStrike":0,"StuffTheSpire:Barrel":178,"AT_ATBox":219,"LagranYue:RandomDrawCardRelic":167,"WarlordEmblem:MantleBaku":172,"Whetstone":191,"testmod-BlackFramedGlasses":0,"MagicDraw2":201,"aspiration:RitualStick":264,"jedi:shrinkray":191,"MagicDraw1":202,"Replay:Wanted Poster":307,"Blood Vial":321,"testmod-Prudence":167,"vexMod:DeviousBotling":173,"halation:PromiseList":217,"WarlordEmblem:BrokenMantle":167,"DianDianMeat":219,"conspire:TreasureMap":218,"testmod-TestBox":167,"Dota2Spire:UrnOfShadows":312,"testmod-Register":180,"Eternal Feather":322,"Pen Nib":172,"REME_LimitBreaker":222,"Ling":191,"qcfpunch:Broken_Tusk":178,"EE1DDrone":240,"StuffTheSpire:MayFlowers":171,"Technique":0,"aspiration:MysteriousAuxiliaryCore":303,"Abe\u0027s Treasure":238,"ChiLing":191,"WarlordEmblem:VoidPower":200,"Torii":187,"DaveBox":0,"Bag of Preparation":167,"LagranYue:MagicReflectiveArmorRelic":191,"Smiling Mask":277,"testmod-CasingShield":203,"Shovel":197,"infinitespire:Bottled Soul":246,"vexMod:RedPlottingStone":178,"AntiCross":279,"halation:Toothbrush":214,"LagranYue:NewUniverseRelic":172,"Potion Belt":201,"qcfpunch:Black_Training_Shirt":283,"conspire:RunicOctahedron":298,"The Courier":277,"LagranYue:GuideDeadRelic":302,"Omamori":311,"Ring of Greed":277,"halation:SelfBoilingWater":215,"MawBank":300,"ChaoDraw":240,"PrismaMod:PrismaSapphireUpgrade":181,"Busted Crown":207,"AT_BellowingDragoncrestRing":244,"ExplosiveVial":274,"SpikesRelics:DaevaFist":290,"halation:AfternoonTea":196,"REME_ComplimentaryCards":219,"CombinedTypeHook":0,"Chi":191,"HollowMod:StagPassRelic":170,"testmod-Fanaticism":273,"halation:PrussianBluePaint":258,"Mastiff:ReiMu":267,"Prayer Wheel":180,"Iron Hammer":167,"testmod-DragonStarHat":223,"Toxic Egg 2":169,"StSpp:XCola":278,"LugNut":199,"conspire:Dentures":170,"AT_RabadonDeathcap":234,"paleoftheancients:KeyRelic":248,"hubris:Teleporter":304,"Ring of Hypnosis":277,"ReplayTheSpireMod:CursedCoin":204,"vexMod:ScavengeHelm":292,"StuffTheSpire:ForceGauntlet":206,"WarlordEmblem:WuziBook":214,"Oddly Smooth Stone":281,"Replay:Kaleidoscope":202,"Letter Opener":248,"aspiration:SeaSaltIceCream":257,"aspiration:HiddenCompartment":297,"WarpedTongs":250,"paleoftheancients:Timepiece":248,"testmod-RealStoneCalender":167,"Replay:Baseball":183,"conspire:GiftBox":185,"vexMod:Cooldron":287,"paleoftheancients:SoulOfTheWokeBloke":283,"Bronze Scales":223,"Molten Egg 2":169,"Onion Ring":186,"GodSword6":236,"infinitespire:EmpoweringShard":295,"AT_DeathDance":277,"Dota2Spire:MonkeyKingBar":218,"StuffTheSpire:OldFever":167,"paleoftheancients:SoulOfTheIroncluck":249,"ReplayFunnel":260,"PrismaMod:PrismaSapphire":0,"qcfpunch:Not_Strongest_Fighting_Style_Guidebook":218,"RetroEgg":302,"aspiration:TomeofQuesting":218,"ClockworkSouvenir":218,"Chameleon Ring":199,"testmod-InjuryResistance":214,"MiniBlackHole":172,"qcfpunch:Wrestler\u0027s_Cloak":317,"Red Mask":305,"Cracked Core":0,"testmod-ArcanaOfDestiny":233,"rorgmod:Liquid Mercury":309,"Gremlin Food":268,"Replay:Towering Pillar of Hats":292,"infinitespire:CursedDice":277,"Guide Book":201,"Dota2Spire:BattleFury":268,"vexMod:FocusSash":177,"StSpp:SailingBoat":285,"testmod-IndustrialRevolution":225,"jedi:fakemustache":191,"testmod-Antiphasic":251,"SynthV:TestCard":219,"infinitespire:WardingShard":235,"vexMod:HeadHunter":194,"halation:EternalFortune":275,"StuffTheSpire:CocoNut":255,"Bag of Marbles":188,"qcfpunch:Red_Headband":243,"Coffee Dripper":248,"StuffTheSpire:RubySignet":284},{"Replay:Accelerometer":746,"infinitespire:BottledMercury":964,"jedi:angrymask":1005,"testmod-HeartOfStrike":0,"StuffTheSpire:Barrel":686,"AT_ATBox":823,"LagranYue:RandomDrawCardRelic":641,"WarlordEmblem:MantleBaku":661,"Whetstone":734,"testmod-BlackFramedGlasses":0,"MagicDraw2":764,"aspiration:RitualStick":992,"jedi:shrinkray":734,"MagicDraw1":768,"Replay:Wanted Poster":1080,"Blood Vial":1108,"testmod-Prudence":641,"vexMod:DeviousBotling":666,"halation:PromiseList":816,"WarlordEmblem:BrokenMantle":641,"DianDianMeat":823,"conspire:TreasureMap":821,"testmod-TestBox":641,"Dota2Spire:UrnOfShadows":1088,"testmod-Register":691,"Eternal Feather":1112,"Pen Nib":661,"REME_LimitBreaker":830,"Ling":734,"qcfpunch:Broken_Tusk":686,"EE1DDrone":911,"StuffTheSpire:MayFlowers":656,"Technique":0,"aspiration:MysteriousAuxiliaryCore":1069,"Abe\u0027s Treasure":903,"ChiLing":734,"WarlordEmblem:VoidPower":762,"Torii":719,"DaveBox":0,"Bag of Preparation":641,"LagranYue:MagicReflectiveArmorRelic":734,"Smiling Mask":1020,"testmod-CasingShield":770,"Shovel":746,"infinitespire:Bottled Soul":949,"vexMod:RedPlottingStone":686,"AntiCross":1026,"halation:Toothbrush":803,"LagranYue:NewUniverseRelic":661,"Potion Belt":764,"qcfpunch:Black_Training_Shirt":1037,"conspire:RunicOctahedron":1061,"The Courier":1020,"LagranYue:GuideDeadRelic":1068,"Omamori":1086,"Ring of Greed":1020,"halation:SelfBoilingWater":810,"MawBank":1064,"ChaoDraw":911,"PrismaMod:PrismaSapphireUpgrade":696,"Busted Crown":785,"AT_BellowingDragoncrestRing":942,"ExplosiveVial":1010,"SpikesRelics:DaevaFist":1048,"halation:AfternoonTea":743,"REME_ComplimentaryCards":823,"CombinedTypeHook":0,"Chi":734,"HollowMod:StagPassRelic":653,"testmod-Fanaticism":1008,"halation:PrussianBluePaint":982,"Mastiff:ReiMu":998,"Prayer Wheel":691,"Iron Hammer":641,"testmod-DragonStarHat":837,"Toxic Egg 2":648,"StSpp:XCola":1021,"LugNut":751,"conspire:Dentures":653,"AT_RabadonDeathcap":883,"paleoftheancients:KeyRelic":957,"hubris:Teleporter":1070,"Ring of Hypnosis":1020,"ReplayTheSpireMod:CursedCoin":776,"vexMod:ScavengeHelm":1051,"StuffTheSpire:ForceGauntlet":780,"WarlordEmblem:WuziBook":803,"Oddly Smooth Stone":1030,"Replay:Kaleidoscope":768,"Letter Opener":957,"aspiration:SeaSaltIceCream":981,"aspiration:HiddenCompartment":1058,"WarpedTongs":964,"paleoftheancients:Timepiece":957,"testmod-RealStoneCalender":641,"Replay:Baseball":700,"conspire:GiftBox":710,"vexMod:Cooldron":1045,"paleoftheancients:SoulOfTheWokeBloke":1037,"Bronze Scales":837,"Molten Egg 2":648,"Onion Ring":714,"GodSword6":892,"infinitespire:EmpoweringShard":1055,"AT_DeathDance":1020,"Dota2Spire:MonkeyKingBar":821,"StuffTheSpire:OldFever":641,"paleoftheancients:SoulOfTheIroncluck":960,"ReplayFunnel":985,"PrismaMod:PrismaSapphire":0,"qcfpunch:Not_Strongest_Fighting_Style_Guidebook":821,"RetroEgg":1068,"aspiration:TomeofQuesting":821,"ClockworkSouvenir":821,"Chameleon Ring":751,"testmod-InjuryResistance":803,"MiniBlackHole":661,"qcfpunch:Wrestler\u0027s_Cloak":1095,"Red Mask":1071,"Cracked Core":0,"testmod-ArcanaOfDestiny":880,"rorgmod:Liquid Mercury":1082,"Gremlin Food":1001,"Replay:Towering Pillar of Hats":1051,"infinitespire:CursedDice":1020,"Guide Book":764,"Dota2Spire:BattleFury":1001,"vexMod:FocusSash":682,"StSpp:SailingBoat":1043,"testmod-IndustrialRevolution":845,"jedi:fakemustache":734,"testmod-Antiphasic":967,"SynthV:TestCard":823,"infinitespire:WardingShard":887,"vexMod:HeadHunter":740,"halation:EternalFortune":1012,"StuffTheSpire:CocoNut":978,"Bag of Marbles":723,"qcfpunch:Red_Headband":932,"Coffee Dripper":957,"StuffTheSpire:RubySignet":1039}]},"card_choices":[{"not_picked":["Ball Lightning","jedi:blockon"],"picked":"REME_Whirling","floor":1.0},{"not_picked":["Streamline","Stack","rorgmod:Leap","Redo"],"picked":"Hologram","floor":2.0},{"not_picked":["Stack","Darkness","Ball Lightning","StSpp:Mask"],"picked":"StuffTheSpire:Synthwave","floor":4.0},{"not_picked":["StuffTheSpire:Rend","rorgmod:Antivirus","rorgmod:Pusher Props","StSpp:Pointer","rorgmod:Radar Scan"],"picked":"SKIP","floor":5.0},{"not_picked":["AT_ThunderBolt","rorgmod:Steady Aim","MostiFishMod:GatherIntelligence","ReplayTheSpireMod:Reroute Power"],"picked":"Crystallizer","floor":6.0},{"not_picked":["aspiration:Polymerization","Coolheaded","AT_RobotInSpace","rorgmod:Neutron Shower"],"picked":"ReplayTheSpireMod:Dual Polarity","floor":7.0},{"not_picked":["rorgmod:Radar Scan","rorgmod:Leap","Panic Button","StuffTheSpire:Plugnplay","Sweeping Beam"],"picked":"SKIP","floor":8.0},{"not_picked":["Undo","rorgmod:Refrigerate","StuffTheSpire:LoadUp","StuffTheSpire:Plugnplay"],"picked":"Loop","floor":10.0},{"not_picked":["MostiFishMod:PushDownKick","rorgmod:Fragmentation","MostiFishMod:FluxCapactior","Redo"],"picked":"FIFO Queue","floor":11.0},{"not_picked":["Panic Button","Darkness","ReplayTheSpireMod:System Scan","jedi:gatheringstorm"],"picked":"Turbo","floor":12.0},{"not_picked":["rorgmod:Steady Aim","Undo","rorgmod:SQL Injection","Panic Button","Lockon"],"picked":"SKIP","floor":13.0},{"not_picked":["rorgmod:Leap","jedi:BurstFrost","Turbo","ReplayTheSpireMod:Repulse","jedi:markofdeath"],"picked":"SKIP","floor":14.0},{"not_picked":["Reinforced Body","rorgmod:Leap","rorgmod:SQL Injection","Static Discharge","Compile Driver"],"picked":"SKIP","floor":18.0},{"not_picked":["Coolheaded","jedi:blockon+1","Force Field","BasicCrystalCard","rorgmod:Hot Sockets"],"picked":"SKIP","floor":23.0},{"not_picked":["AT_DarkMatter","Ball Lightning","rorgmod:Steady Aim","AT_WarpDrive","rorgmod:Refrigerate"],"picked":"SKIP","floor":24.0},{"not_picked":["rorgmod:Ventilation Error","rorgmod:Refrigerate","Force Field","Crystallizer"],"picked":"Capacitor","floor":25.0},{"not_picked":["StuffTheSpire:LaunchingStrike","rorgmod:Fragmentation","Loop","StuffTheSpire:GlassShard"],"picked":"MostiFishMod:Impulse+1","floor":27.0},{"not_picked":["jedi:overflow","Hologram","StuffTheSpire:EventHorizon","Turbo"],"picked":"conspire:Rain","floor":29.0},{"not_picked":["Turbo","StuffTheSpire:Synthwave","hubris:DoWhile","rorgmod:Fragmentation"],"picked":"Consume","floor":31.0},{"not_picked":["MostiFishMod:Hijack","MostiFishMod:TalkingToTheRain","jedi:studyfrost","MostiFishMod:IceShield"],"picked":"MostiFishMod:ReadyAimFire","floor":33.0},{"not_picked":["MostiFishMod:GatherIntelligence","Hologram","Rebound+1","jedi:BurstFrost"],"picked":"Redo+1","floor":35.0},{"not_picked":["Skim","jedi:sharpshooter+1","rorgmod:Leap","rorgmod:SQL Injection+1","StuffTheSpire:LoadUp+1"],"picked":"SKIP","floor":37.0},{"not_picked":["rorgmod:Claw","conspire:SharedLibrary","BootSequence","Recycle","AT_RobotInSpace"],"picked":"SKIP","floor":39.0},{"not_picked":["jedi:gatheringstorm","jedi:BurstFrost","StuffTheSpire:Plugnplay","rorgmod:LRU Cache","StuffTheSpire:ShieldGenerator"],"picked":"SKIP","floor":40.0},{"not_picked":["jedi:BurstLightning","MostiFishMod:PushDownKick+1","AT_WarpDrive","rorgmod:Antivirus"],"picked":"MostiFishMod:GatherIntelligence","floor":42.0},{"not_picked":["StuffTheSpire:GlassShard","StuffTheSpire:ShieldGenerator","rorgmod:Fragmentation+1","AT_HeatAcrobatics"],"picked":"MostiFishMod:ATRI","floor":44.0},{"not_picked":["rorgmod:Denial of Service","Conserve Battery","jedi:BurstLightning+1","rorgmod:Overcurrent","BasicCrystalCard"],"picked":"SKIP","floor":45.0},{"not_picked":["StuffTheSpire:Synthwave+1","REME_Compress+1","MostiFishMod:PushDownKick+1","rorgmod:Overcurrent","Redo"],"picked":"SKIP","floor":46.0},{"not_picked":["Rebound","MostiFishMod:PushDownKick","Compile Driver+1","Panic Button","StuffTheSpire:Purify"],"picked":"SKIP","floor":47.0},{"not_picked":["jedi:BurstLightning","Hologram","rorgmod:SQL Injection+1","Redo+1","AT_DarkMatter"],"picked":"SKIP","floor":48.0},{"not_picked":["StuffTheSpire:LoadUp","jedi:hex","MostiFishMod:LinkProtocol+1","rorgmod:Fragmentation+1"],"picked":"Hologram+1","floor":52},{"not_picked":["Rebound","ReplaySort","StuffTheSpire:Plugnplay","StSpp:TargetLocked+1"],"picked":"AT_WaterDrop","floor":53},{"not_picked":["rorgmod:Hot Sockets+1","Hologram+1","Cold Snap","Ball Lightning+1"],"picked":"rorgmod:Fuse Blower+1","floor":54},{"not_picked":["Rebound","REME_Whirling+1","StuffTheSpire:LoadUp","rorgmod:SQL Injection","Time Bomb"],"picked":"SKIP","floor":57}],"player_experience":1368321,"relics_obtained":[{"floor":1.0,"key":"SynthV:TestCard"},{"floor":6.0,"key":"SpikesRelics:DaevaFist"},{"floor":8.0,"key":"vexMod:ScavengeHelm"},{"floor":9.0,"key":"Replay:Towering Pillar of Hats"},{"floor":12.0,"key":"infinitespire:EmpoweringShard"},{"floor":15.0,"key":"aspiration:HiddenCompartment"},{"floor":23.0,"key":"MawBank"},{"floor":25.0,"key":"LagranYue:GuideDeadRelic"},{"floor":26.0,"key":"RetroEgg"},{"floor":29.0,"key":"hubris:Teleporter"},{"floor":30.0,"key":"Red Mask"},{"floor":40.0,"key":"Omamori"},{"floor":43.0,"key":"Dota2Spire:UrnOfShadows"},{"floor":46.0,"key":"MagicDraw1"},{"floor":48.0,"key":"qcfpunch:Wrestler\u0027s_Cloak"},{"floor":53,"key":"paleoftheancients:SoulOfTheWokeBloke"},{"floor":54,"key":"Blood Vial"},{"floor":55,"key":"AT_BellowingDragoncrestRing"},{"floor":59,"key":"Eternal Feather"}],"event_choices":[{"damage_healed":0.0,"max_hp_gain":0.0,"max_hp_loss":0.0,"gold_gain":0.0,"event_name":"conspire:Investor","player_choice":"Invest 1","floor":19.0,"gold_loss":0.0,"damage_taken":0.0},{"damage_healed":0.0,"max_hp_gain":0.0,"max_hp_loss":0.0,"gold_gain":0.0,"event_name":"给自己的盒子","player_choice":"Swap Relic","floor":21.0,"relics_lost":["DaveBox"],"gold_loss":0.0,"damage_taken":0.0,"relics_obtained":["testmod-TestBox"]},{"damage_healed":0.0,"max_hp_gain":0.0,"max_hp_loss":0.0,"gold_gain":0.0,"event_name":"Designer","player_choice":"Upgraded Two","floor":22.0,"gold_loss":50.0,"damage_taken":0.0,"cards_upgraded":["rorgmod:Fuse Blower","Dualcast"]},{"damage_healed":0.0,"max_hp_gain":0.0,"max_hp_loss":0.0,"gold_gain":0.0,"event_name":"Masked Bandits","player_choice":"Fought Bandits","floor":30.0,"gold_loss":0.0,"damage_taken":0.0},{"cards_removed":["Loop"],"damage_healed":0.0,"max_hp_gain":0.0,"max_hp_loss":0.0,"gold_gain":0.0,"event_name":"Falling","player_choice":"Removed Power","floor":36.0,"gold_loss":0.0,"damage_taken":0.0}],"is_beta":false,"boss_relics":[{"not_picked":["aspiration:RunicSpoon","Replay:Drink Me"],"picked":"conspire:RunicOctahedron"},{"not_picked":["StuffTheSpire:RunicConfusion","conspire:SeveredTorchhead"],"picked":"Replay:Wanted Poster"}],"items_purged_floors":[0,0,3,20,28,28,38],"is_endless":false,"potions_floor_spawned":[5,8,10,12,13,14,23,27,29,39,40,42,47,48,57],"ascension_level":20}}