{"host":"wogey4gsknv4ot2d","time":1611421373,"event":{"mods":["2.2 Compatiblity","AchievementEnabler","Alarm Clock","BaseMod","Bestiary","Better Match","Better Third Choice","Colored Map","Colored Powertips","Googly Eyes","Key Reminder","Minty Spire (QoL Compilation)","Permanent Neow","Rare Cards Sparkle","Relic Stats","StSLib"],"gold_per_floor":[112,123,143,155,72,72,86,15,42,42,62,62,62],"floor_reached":12,"language":"ENG","playtime":302,"items_purged":[],"score":79,"play_id":"5cce81a5-27ab-4045-8560-8a1f745c888c","local_time":"20210123110253","is_ascension_mode":true,"campfire_choices":[{"floor":6,"key":"REST"},{"floor":10,"key":"RECALL"}],"circlet_count":0,"master_deck":["Strike_B","Strike_B","Strike_B","Strike_B","Defend_B","Defend_B","Defend_B","Defend_B","Zap","Dualcast","Streamline","Stack","Beam Cell","Self Repair","Consume"],"relics":["Cracked Core","Blood Vial","keyreminder:keyreminder"],"acts_visited":["Exordium"],"potions_floor_usage":[11,11,12],"damage_taken":[{"damage":11,"enemies":"Jaw Worm","floor":1,"turns":4},{"damage":6,"enemies":"Cultist","floor":2,"turns":3},{"damage":2,"enemies":"2 Louse","floor":3,"turns":2},{"damage":17,"enemies":"2 Fungi Beasts","floor":4,"turns":3},{"damage":14,"enemies":"Red Slaver","floor":7,"turns":2},{"damage":7,"enemies":"Large Slime","floor":11,"turns":5},{"damage":61,"enemies":"Lagavulin","floor":12,"turns":8}],"seed_played":"-208304046793566381","potions_obtained":[{"floor":0,"key":"PowerPotion"},{"floor":0,"key":"PotionOfCapacity"},{"floor":0,"key":"Weak Potion"}],"is_trial":false,"path_per_floor":["M","M","M","M","?","R","M","$","T","R","M","E"],"character_chosen":"DEFECT","items_purchased":["Self Repair"],"campfire_rested":1,"item_purchase_floors":[8],"current_hp_per_floor":[64,58,56,39,39,61,49,49,49,49,51,0,0],"gold":62,"neow_bonus":"THREE_SMALL_POTIONS","is_daily":false,"chose_seed":false,"campfire_upgraded":0,"win_rate":0.0,"timestamp":1611421373,"path_taken":["M","M","M","M","?","R","M","$","T","R","?","E"],"items_purchased_type":["Card"],"build_version":"2020-12-22","purchased_purges":0,"victory":false,"max_hp_per_floor":[75,75,75,75,75,75,75,75,75,75,75,75,75],"relic_stats":{"Blood Vial":6,"counters":[7,26],"obtain_stats":[{"Blood Vial":5,"keyreminder:keyreminder":9,"Cracked Core":0},{"Blood Vial":4,"keyreminder:keyreminder":5,"Cracked Core":0},{"Blood Vial":12,"keyreminder:keyreminder":14,"Cracked Core":0}]},"card_choices":[{"not_picked":["Hologram","Auto Shields"],"picked":"Streamline","floor":1},{"not_picked":["Skim","Redo","Reprogram"],"picked":"SKIP","floor":2},{"not_picked":["Ball Lightning","Sweeping Beam"],"picked":"Stack","floor":3},{"not_picked":["Aggregate","Redo"],"picked":"Beam Cell","floor":4},{"not_picked":["Fusion","Creative AI","Rebound"],"picked":"SKIP","floor":7},{"not_picked":["Fusion","Coolheaded"],"picked":"Consume","floor":11}],"player_experience":75344,"relics_obtained":[],"event_choices":[{"damage_healed":0,"gold_gain":0,"player_choice":"Paid Gold","damage_taken":0,"relics_obtained":["Blood Vial"],"max_hp_gain":0,"max_hp_loss":0,"event_name":"WeMeetAgain","floor":5,"gold_loss":83}],"is_beta":false,"boss_relics":[],"items_purged_floors":[],"is_endless":false,"potions_floor_spawned":[1,2],"killed_by":"Lagavulin","ascension_level":2}}