{"host":"dztixnx9b0gu6w9i","time":1611394275,"event":{"mods":["BaseMod","Bestiary","Minty Spire (QoL Compilation)","Relic Stats","Slay the Relics Exporter","SpireBot","ojb\u0027s Better Paths Mod","ojb\u0027s Info Mod"],"gold_per_floor":[112,112,128,139,139,139,174,174,174,10,27,62,62,81,81,158,158,175,185,110,110,130,168,168,202,283,283,310,24,44,53,53,140,140,164,101,101,121,130,165,176,214,214,214,214,258,25,44,44,44,44,44,44,16,59,59],"floor_reached":57,"language":"ENG","playtime":10049,"items_purged":["Strike_G","Decay","Writhe"],"score":3112,"play_id":"7eeb73a7-33e6-4953-9eb3-bb28813754a0","local_time":"20210123043115","is_ascension_mode":true,"campfire_choices":[{"data":"Storm of Steel","floor":6,"key":"SMITH"},{"data":"Endless Agony","floor":8,"key":"SMITH"},{"data":"Neutralize","floor":13,"key":"SMITH"},{"data":"Deadly Poison","floor":15,"key":"SMITH"},{"data":"Blade Dance","floor":24,"key":"SMITH"},{"data":"Finisher","floor":27,"key":"SMITH"},{"data":"Burst","floor":32,"key":"SMITH"},{"data":"1","floor":44,"key":"LIFT"},{"floor":49,"key":"RECALL"},{"data":"2","floor":53,"key":"LIFT"}],"circlet_count":0,"master_deck":["AscendersBane","Strike_G","Strike_G","Strike_G","Strike_G","Defend_G","Defend_G","Defend_G","Defend_G","Survivor","Neutralize+1","Predator+1","Deadly Poison+1","Storm of Steel+1","Endless Agony+1","Footwork","Blade Dance+1","Leg Sweep","Adrenaline","Backflip","Leg Sweep","Terror+1","Finisher+1","Burst+1","Adrenaline","Blade Dance+1","Bullet Time","Master of Strategy","Predator","Cloak And Dagger+1","Malaise","Cloak And Dagger"],"relics":["Black Star","StoneCalendar","Ginger","InkBottle","Paper Crane","Ornamental Fan","Cursed Key","CeramicFish","Dream Catcher","Nunchaku","Bronze Scales","Mercury Hourglass","Membership Card","Darkstone Periapt","Runic Pyramid","Girya","Happy Flower","Thread and Needle","Bag of Preparation","The Specimen","Akabeko","Ice Cream","StrikeDummy","Kunai"],"acts_visited":["Exordium","TheCity","TheBeyond","TheEnding"],"potions_floor_usage":[7,12,18,22,23,25,33,40,56,56],"damage_taken":[{"damage":0,"enemies":"Small Slimes","floor":1,"turns":5},{"damage":0,"enemies":"2 Louse","floor":3,"turns":2},{"damage":4,"enemies":"Jaw Worm","floor":4,"turns":3},{"damage":8,"enemies":"Gremlin Nob","floor":7,"turns":3},{"damage":11,"enemies":"Exordium Wildlife","floor":11,"turns":4},{"damage":0,"enemies":"Lagavulin","floor":12,"turns":4},{"damage":0,"enemies":"2 Fungi Beasts","floor":14,"turns":4},{"damage":12,"enemies":"Hexaghost","floor":16,"turns":8},{"damage":3,"enemies":"2 Thieves","floor":18,"turns":4},{"damage":7,"enemies":"Shell Parasite","floor":19,"turns":5},{"damage":4,"enemies":"Cultist and Chosen","floor":22,"turns":7},{"damage":1,"enemies":"Book of Stabbing","floor":23,"turns":4},{"damage":3,"enemies":"Slavers","floor":25,"turns":7},{"damage":0,"enemies":"Gremlin Leader","floor":28,"turns":5},{"damage":0,"enemies":"Centurion and Healer","floor":30,"turns":4},{"damage":45,"enemies":"Champ","floor":33,"turns":8},{"damage":0,"enemies":"Orb Walker","floor":35,"turns":3},{"damage":5,"enemies":"3 Darklings","floor":38,"turns":3},{"damage":0,"enemies":"Giant Head","floor":40,"turns":3},{"damage":0,"enemies":"Spire Growth","floor":41,"turns":5},{"damage":0,"enemies":"Reptomancer","floor":42,"turns":4},{"damage":0,"enemies":"Nemesis","floor":46,"turns":3},{"damage":0,"enemies":"Sphere and 2 Shapes","floor":48,"turns":6},{"damage":0,"enemies":"Donu and Deca","floor":50,"turns":19},{"damage":17,"enemies":"Time Eater","floor":51,"turns":17},{"damage":2,"enemies":"Shield and Spear","floor":55,"turns":7},{"damage":17,"enemies":"The Heart","floor":56,"turns":8}],"seed_played":"2612074888862957930","potions_obtained":[{"floor":3,"key":"Swift Potion"},{"floor":4,"key":"Weak Potion"},{"floor":11,"key":"Swift Potion"},{"floor":14,"key":"FearPotion"},{"floor":19,"key":"Regen Potion"},{"floor":22,"key":"Fire Potion"},{"floor":23,"key":"Poison Potion"},{"floor":28,"key":"Dexterity Potion"},{"floor":38,"key":"Regen Potion"},{"floor":41,"key":"FearPotion"},{"floor":46,"key":"Strength Potion"}],"is_trial":false,"path_per_floor":["M","?","M","M","?","R","E","R","T","$","M","E","R","M","R","B",null,"M","M","?","T","M","E","R","E","T","R","E","$","M","?","R","B",null,"M","$","?","M","?","E","M","E","T","R","?","E","$","M","R","B","B",null,"R","$","E","B",null],"character_chosen":"THE_SILENT","items_purchased":["Footwork","Membership Card","Burst","Ice Cream","Malaise","Dexterity Potion"],"campfire_rested":0,"item_purchase_floors":[10,29,29,47,47,54],"current_hp_per_floor":[59,59,59,55,55,55,47,47,47,47,36,36,36,36,36,24,56,53,46,46,46,57,56,56,53,53,53,53,53,53,59,59,14,58,58,58,58,53,43,52,52,52,52,52,52,52,52,52,52,52,35,60,60,60,58,41],"gold":59,"neow_bonus":"BOSS_RELIC","is_daily":false,"chose_seed":false,"campfire_upgraded":7,"win_rate":0.0,"timestamp":1611394275,"path_taken":["M","?","M","M","?","R","E","R","T","?","?","E","R","M","R","BOSS","M","M","?","?","M","E","R","E","T","R","E","$","?","?","R","BOSS","M","$","?","?","?","E","M","E","T","R","?","E","$","M","R","BOSS","BOSS","R","$","E","BOSS"],"items_purchased_type":["Card","Relic","Card","Relic","Card","Potion"],"build_version":"2020-12-22","purchased_purges":3,"victory":true,"max_hp_per_floor":[66,66,66,66,66,66,66,66,66,66,66,66,66,66,66,66,66,66,66,66,66,66,66,66,66,66,66,66,66,66,72,72,72,72,72,72,72,72,72,72,72,72,72,72,68,68,68,68,68,68,68,68,68,68,68,68],"relic_stats":{"Darkstone Periapt":6,"Happy Flower":[23],"counters":[27,155],"CeramicFish":117,"StoneCalendar":[207],"Bag of Preparation":[13],"Ginger":[19],"Cursed Key":1,"Mercury Hourglass":[215],"Dream Catcher":0,"Nunchaku":[36],"Ornamental Fan":[500],"Bronze Scales":[314],"Black Star":9,"Kunai":[13],"obtain_stats":[{"Darkstone Periapt":31,"Ice Cream":47,"CeramicFish":23,"StoneCalendar":7,"Bag of Preparation":42,"Ginger":7,"Cursed Key":17,"Dream Catcher":23,"Nunchaku":25,"Kunai":55,"InkBottle":9,"Ring of the Snake":0,"Runic Pyramid":34,"Girya":40,"Happy Flower":40,"The Specimen":46,"Thread and Needle":42,"Paper Crane":12,"Akabeko":46,"Mercury Hourglass":28,"Ornamental Fan":12,"Bronze Scales":28,"Black Star":0,"Membership Card":29,"StrikeDummy":55},{"Darkstone Periapt":15,"Ice Cream":22,"CeramicFish":12,"StoneCalendar":4,"Bag of Preparation":21,"Ginger":4,"Cursed Key":8,"Dream Catcher":12,"Nunchaku":13,"Kunai":26,"InkBottle":4,"Ring of the Snake":0,"Runic Pyramid":16,"Girya":19,"Happy Flower":19,"The Specimen":22,"Thread and Needle":21,"Paper Crane":6,"Akabeko":22,"Mercury Hourglass":14,"Ornamental Fan":6,"Bronze Scales":14,"Black Star":0,"Membership Card":14,"StrikeDummy":26},{"Darkstone Periapt":69,"Ice Cream":98,"CeramicFish":53,"StoneCalendar":13,"Bag of Preparation":95,"Ginger":13,"Cursed Key":33,"Dream Catcher":53,"Nunchaku":60,"Kunai":147,"InkBottle":13,"Ring of the Snake":0,"Runic Pyramid":77,"Girya":86,"Happy Flower":86,"The Specimen":98,"Thread and Needle":95,"Paper Crane":21,"Akabeko":98,"Mercury Hourglass":65,"Ornamental Fan":21,"Bronze Scales":65,"Black Star":0,"Membership Card":65,"StrikeDummy":147}],"InkBottle":[83]},"card_choices":[{"not_picked":["Cloak And Dagger","Blade Dance"],"picked":"Predator","floor":1},{"not_picked":["Crippling Poison","Eviscerate"],"picked":"Deadly Poison","floor":3},{"not_picked":["Calculated Gamble","Outmaneuver"],"picked":"Storm of Steel","floor":4},{"not_picked":["Eviscerate","Noxious Fumes"],"picked":"Endless Agony","floor":7},{"not_picked":["PiercingWail","Flechettes"],"picked":"Blade Dance","floor":11},{"not_picked":["Dagger Throw","Expertise","Reflex"],"picked":"SKIP","floor":12},{"not_picked":["Dagger Throw","Expertise","Reflex"],"picked":"SKIP","floor":12},{"not_picked":["Backflip","Dagger Spray"],"picked":"Leg Sweep","floor":14},{"not_picked":["Doppelganger","Malaise"],"picked":"Adrenaline","floor":16},{"not_picked":["Poisoned Stab","Noxious Fumes"],"picked":"Backflip","floor":18},{"not_picked":["Dagger Spray","Poisoned Stab"],"picked":"Leg Sweep","floor":19},{"not_picked":["Poisoned Stab","Reflex","Expertise"],"picked":"SKIP","floor":22},{"not_picked":["All Out Attack","Prepared"],"picked":"Terror+1","floor":23},{"not_picked":["Caltrops+1","Underhanded Strike"],"picked":"Finisher","floor":25},{"not_picked":["Deflect","Dodge and Roll","Dagger Throw+1"],"picked":"SKIP","floor":28},{"not_picked":["Deflect","Dodge and Roll","Dagger Throw+1"],"picked":"SKIP","floor":28},{"not_picked":["All Out Attack","Calculated Gamble","Poisoned Stab"],"picked":"SKIP","floor":30},{"not_picked":["Phantasmal Killer","Storm of Steel"],"picked":"Adrenaline","floor":33},{"not_picked":["Underhanded Strike+1","Backflip"],"picked":"Blade Dance","floor":35},{"not_picked":["Acrobatics+1","Flying Knee+1"],"picked":"Bullet Time","floor":38},{"not_picked":["Madness","Deep Breath"],"picked":"Master of Strategy","floor":39},{"not_picked":["Concentrate","All Out Attack","Deadly Poison"],"picked":"SKIP","floor":40},{"not_picked":["Underhanded Strike","Crippling Poison","Dagger Spray"],"picked":"SKIP","floor":41},{"not_picked":["Deflect","Prepared"],"picked":"Predator","floor":42},{"not_picked":["Heel Hook+1","Flying Knee"],"picked":"Cloak And Dagger+1","floor":46},{"not_picked":["Sucker Punch","Reflex","Prepared"],"picked":"SKIP","floor":48},{"not_picked":["Sucker Punch","Reflex","Prepared"],"picked":"SKIP","floor":48},{"not_picked":["Crippling Poison","Acrobatics"],"picked":"Cloak And Dagger","floor":55}],"player_experience":8234879,"relics_obtained":[{"floor":7,"key":"StoneCalendar"},{"floor":7,"key":"Ginger"},{"floor":9,"key":"InkBottle"},{"floor":12,"key":"Paper Crane"},{"floor":12,"key":"Ornamental Fan"},{"floor":23,"key":"CeramicFish"},{"floor":23,"key":"Dream Catcher"},{"floor":25,"key":"Nunchaku"},{"floor":28,"key":"Bronze Scales"},{"floor":28,"key":"Mercury Hourglass"},{"floor":40,"key":"Girya"},{"floor":40,"key":"Happy Flower"},{"floor":42,"key":"Thread and Needle"},{"floor":42,"key":"Bag of Preparation"},{"floor":46,"key":"The Specimen"},{"floor":46,"key":"Akabeko"},{"floor":55,"key":"StrikeDummy"},{"floor":55,"key":"Kunai"}],"event_choices":[{"damage_healed":0,"gold_gain":0,"player_choice":"Grow","damage_taken":0,"max_hp_gain":0,"max_hp_loss":0,"event_name":"Living Wall","floor":2,"gold_loss":0,"cards_upgraded":["Predator"]},{"damage_healed":0,"gold_gain":0,"player_choice":"Ignored","damage_taken":0,"max_hp_gain":0,"max_hp_loss":0,"event_name":"Liars Game","floor":5,"gold_loss":0},{"cards_removed":["Defend_G"],"damage_healed":0,"gold_gain":0,"player_choice":"Gave Gold","damage_taken":0,"max_hp_gain":0,"max_hp_loss":0,"event_name":"Beggar","floor":20,"gold_loss":75},{"damage_healed":0,"gold_gain":0,"player_choice":"Opened","damage_taken":0,"relics_obtained":["Darkstone Periapt"],"max_hp_gain":0,"max_hp_loss":0,"event_name":"The Mausoleum","floor":31,"gold_loss":0,"cards_obtained":["Writhe"]},{"damage_healed":0,"gold_gain":0,"player_choice":"Forge","damage_taken":0,"max_hp_gain":0,"max_hp_loss":0,"event_name":"Accursed Blacksmith","floor":37,"gold_loss":0,"cards_upgraded":["Blade Dance"]},{"damage_healed":0,"gold_gain":0,"player_choice":"Memory 3","damage_taken":10,"max_hp_gain":0,"max_hp_loss":0,"event_name":"SensoryStone","floor":39,"gold_loss":0},{"damage_healed":0,"gold_gain":0,"player_choice":"Max HP","damage_taken":0,"max_hp_gain":0,"max_hp_loss":4,"event_name":"Winding Halls","floor":45,"gold_loss":0}],"is_beta":false,"boss_relics":[{"not_picked":["Tiny House","Velvet Choker"],"picked":"Cursed Key"},{"not_picked":["SlaversCollar","Astrolabe"],"picked":"Runic Pyramid"}],"items_purged_floors":[10,29,36],"is_endless":false,"potions_floor_spawned":[3,4,11,14,19,22,23,28,38,41,46,48],"ascension_level":20}}