{"host":"sa4ahr18fk2zb79f","time":1611366944,"event":{"mods":["AchievementEnabler","BaseMod","Colored Map","Colored Powertips","Highlight Path","Minty Spire (QoL Compilation)","Permanent Neow","Quick Restart","Rare Cards Sparkle","Relic Sorter"],"gold_per_floor":[116,128,143,157,177,177,177,206,230,240,240,266,266,279,279,374,374,390,120,120,140,157,157,157,185,210,85,104,130,230,244,244,345,345,362,362,1361,1378,409,444,444,240,240,272,282,137,172,191,191,191,191,191,44,77,77],"floor_reached":56,"language":"ENG","playtime":13693,"items_purged":["Strike_B","Strike_B","Strike_B"],"score":1537,"play_id":"f95a7034-acd3-49ae-be2f-867dd03613b6","local_time":"20210123025544","is_ascension_mode":false,"campfire_choices":[{"data":"Apotheosis","floor":7.0,"key":"SMITH"},{"data":"Creative AI","floor":13.0,"key":"SMITH"},{"floor":15.0,"key":"REST"},{"floor":23.0,"key":"REST"},{"floor":32,"key":"RECALL"},{"data":"1","floor":41,"key":"LIFT"},{"data":"2","floor":49,"key":"LIFT"},{"data":"3","floor":52,"key":"LIFT"}],"circlet_count":0,"master_deck":["Strike_B","Defend_B","Defend_B","Defend_B","Defend_B","Zap","Dualcast","Apotheosis+1","Gash","Gash","Creative AI+1","Heatsinks","Scrape","Turbo","FTL+1","Hologram","Ghostly","Ghostly","Ghostly","Ghostly","Ghostly","Stack+1","Steam","Machine Learning","Hologram","White Noise","Self Repair","Go for the Eyes","Gash","Coolheaded+1","All For One","Madness","Madness","Gash","Scrape","Flash of Steel","Violence","Storm","Reprogram","Gash+1"],"relics":["Cracked Core","Bronze Scales","Anchor","Fusion Hammer","Omamori","Matryoshka","Happy Flower","Centennial Puzzle","WingedGreaves","Orichalcum","Regal Pillow","Gambling Chip","Dead Branch","Singing Bowl","Busted Crown","ClockworkSouvenir","White Beast Statue","Girya","Ancient Tea Set","PreservedInsect","Pen Nib","Mummified Hand","Oddly Smooth Stone","Blood Vial"],"acts_visited":["Exordium","TheCity","TheBeyond","TheEnding"],"potions_floor_usage":[30,47,55,55,55],"damage_taken":[{"damage":0.0,"enemies":"2 Louse","floor":1.0,"turns":4.0},{"damage":2.0,"enemies":"Small Slimes","floor":2.0,"turns":3.0},{"damage":6.0,"enemies":"Cultist","floor":3.0,"turns":3.0},{"damage":2.0,"enemies":"Looter","floor":4.0,"turns":3.0},{"damage":7.0,"enemies":"Large Slime","floor":5.0,"turns":6.0},{"damage":0.0,"enemies":"Gremlin Nob","floor":8.0,"turns":2.0},{"damage":1.0,"enemies":"Exordium Wildlife","floor":10.0,"turns":3.0},{"damage":12.0,"enemies":"Lagavulin","floor":12.0,"turns":5.0},{"damage":2.0,"enemies":"Blue Slaver","floor":14.0,"turns":2.0},{"damage":19.0,"enemies":"Slime Boss","floor":16.0,"turns":5.0},{"damage":28.0,"enemies":"2 Thieves","floor":18.0,"turns":4.0},{"damage":0.0,"enemies":"3 Byrds","floor":21.0,"turns":5.0},{"damage":18.0,"enemies":"Cultist and Chosen","floor":22.0,"turns":8.0},{"damage":4.0,"enemies":"Gremlin Leader","floor":25.0,"turns":7.0},{"damage":0.0,"enemies":"Sentry and Sphere","floor":28.0,"turns":6.0},{"damage":11.0,"enemies":"Book of Stabbing","floor":29.0,"turns":5.0},{"damage":0,"enemies":"Colosseum Slavers","floor":30,"turns":5},{"damage":0,"enemies":"Colosseum Nobs","floor":30,"turns":5},{"damage":9,"enemies":"Shelled Parasite and Fungi","floor":31,"turns":4},{"damage":0,"enemies":"Collector","floor":33,"turns":6},{"damage":0,"enemies":"Orb Walker","floor":35,"turns":3},{"damage":0,"enemies":"3 Darklings","floor":38,"turns":3},{"damage":0,"enemies":"Reptomancer","floor":40,"turns":5},{"damage":0,"enemies":"Giant Head","floor":44,"turns":3},{"damage":0,"enemies":"Writhing Mass","floor":45,"turns":4},{"damage":17,"enemies":"Reptomancer","floor":47,"turns":5},{"damage":0,"enemies":"Transient","floor":48,"turns":5},{"damage":0,"enemies":"Time Eater","floor":50,"turns":6},{"damage":0,"enemies":"Shield and Spear","floor":54,"turns":4},{"damage":9,"enemies":"The Heart","floor":55,"turns":6}],"seed_played":"8322276134700267113","potions_obtained":[{"floor":1.0,"key":"LiquidBronze"},{"floor":2.0,"key":"FearPotion"},{"floor":3.0,"key":"EntropicBrew"},{"floor":12.0,"key":"Dexterity Potion"},{"floor":22.0,"key":"SneckoOil"},{"floor":25.0,"key":"Explosive Potion"},{"floor":28.0,"key":"EssenceOfDarkness"},{"floor":29.0,"key":"Regen Potion"},{"floor":40,"key":"SpeedPotion"},{"floor":44,"key":"LiquidBronze"},{"floor":45,"key":"FocusPotion"},{"floor":47,"key":"SkillPotion"},{"floor":48,"key":"Block Potion"},{"floor":54,"key":"PowerPotion"}],"is_trial":false,"path_per_floor":["M","M","M","M","M","?","R","E","T","M","?","E","R","M","R","B",null,"M","$","?","M","M","R","?","E","T","$","M","E","?","M","R","B",null,"M","?","?","M","$","E","R","$","T","E","M","$","E","M","R","B",null,"R","$","E","B",null],"character_chosen":"DEFECT","items_purchased":["Hologram","Centennial Puzzle","Self Repair","Go for the Eyes","Gash","Scrape","Flash of Steel","ClockworkSouvenir","White Beast Statue","Violence","Storm","Reprogram","Pen Nib","Oddly Smooth Stone"],"campfire_rested":2,"item_purchase_floors":[19,19,27,27,39,39,39,39,39,39,39,42,46,53],"current_hp_per_floor":[68,66,60,58,51,39,39,39,39,38,38,26,26,24,44,25,68,40,40,34,34,16,26,26,22,22,22,32,31,36,38,38,38,38,40,35,35,42,42,44,44,44,44,44,46,46,31,48,48,48,48,48,48,50,50],"gold":77,"neow_bonus":"RANDOM_COLORLESS_2","is_daily":false,"chose_seed":false,"campfire_upgraded":2,"win_rate":0.0,"timestamp":1611366944,"path_taken":["M","M","M","M","M","?","R","E","T","M","?","E","R","M","R","BOSS","M","$","?","M","M","R","?","E","T","$","M","E","?","?","R","BOSS","M","?","?","M","$","E","R","$","T","E","?","?","E","M","R","BOSS","R","$","E","BOSS"],"items_purchased_type":["Card","Relic","Card","Card","Card","Card","Card","Relic","Relic","Card","Card","Card","Relic","Relic"],"build_version":"2020-12-22","purchased_purges":3,"victory":true,"max_hp_per_floor":[68,68,68,68,68,68,68,68,68,68,68,68,68,68,68,68,68,68,68,34,34,34,34,34,34,34,34,34,34,36,38,38,38,38,40,40,40,42,42,44,44,44,44,44,46,46,48,48,48,48,48,48,48,50,50],"card_choices":[{"not_picked":["Mayhem","Transmutation"],"picked":"Apotheosis","floor":0.0},{"not_picked":["Steam","Blizzard"],"picked":"Gash","floor":1.0},{"not_picked":["Stack","Leap","Heatsinks"],"picked":"SKIP","floor":2.0},{"not_picked":["Beam Cell","Rebound"],"picked":"Gash","floor":3.0},{"not_picked":["Static Discharge","Coolheaded"],"picked":"Creative AI","floor":4.0},{"not_picked":["Streamline","Blizzard"],"picked":"Heatsinks","floor":5.0},{"not_picked":["Biased Cognition","Coolheaded"],"picked":"Scrape","floor":8.0},{"not_picked":["Reprogram","Steam"],"picked":"Capacitor","floor":10.0},{"not_picked":["Steam Power","Aggregate"],"picked":"Turbo","floor":12.0},{"not_picked":["Consume","Cold Snap"],"picked":"Darkness","floor":14.0},{"not_picked":["Rebound","Turbo"],"picked":"FTL+1","floor":18.0},{"not_picked":["Sweeping Beam","Turbo"],"picked":"Stack+1","floor":21.0},{"not_picked":["Ball Lightning","Blizzard"],"picked":"Steam","floor":22.0},{"not_picked":["Barrage+1","Beam Cell"],"picked":"White Noise","floor":25.0},{"not_picked":["Chill","Fusion"],"picked":"Gash","floor":28.0},{"not_picked":["Go for the Eyes","Multi-Cast"],"picked":"Coolheaded+1","floor":29.0},{"not_picked":["Turbo","Leap","White Noise"],"picked":"Singing Bowl","floor":30},{"not_picked":["Turbo","Barrage","Stack+1"],"picked":"Singing Bowl","floor":31},{"not_picked":["Seek","Electrodynamics"],"picked":"All For One","floor":33},{"not_picked":["Leap+1"],"picked":"Singing Bowl","floor":35},{"not_picked":["Conserve Battery"],"picked":"Singing Bowl","floor":38},{"not_picked":["Conserve Battery"],"picked":"Singing Bowl","floor":40},{"not_picked":[],"picked":"Gash+1","floor":44},{"not_picked":["Conserve Battery+1"],"picked":"Singing Bowl","floor":45},{"not_picked":["Redo"],"picked":"Singing Bowl","floor":47},{"not_picked":["Double Energy"],"picked":"SKIP","floor":48},{"not_picked":["Leap+1"],"picked":"Singing Bowl","floor":54}],"player_experience":447046,"relics_obtained":[{"floor":8.0,"key":"Omamori"},{"floor":9.0,"key":"Bronze Scales"},{"floor":11.0,"key":"Anchor"},{"floor":12.0,"key":"Matryoshka"},{"floor":25.0,"key":"WingedGreaves"},{"floor":26.0,"key":"Orichalcum"},{"floor":26.0,"key":"Regal Pillow"},{"floor":29.0,"key":"Gambling Chip"},{"floor":30,"key":"Dead Branch"},{"floor":30,"key":"Singing Bowl"},{"floor":40,"key":"Girya"},{"floor":43,"key":"Ancient Tea Set"},{"floor":44,"key":"PreservedInsect"},{"floor":47,"key":"Mummified Hand"},{"floor":54,"key":"Blood Vial"}],"event_choices":[{"damage_healed":0.0,"max_hp_gain":0.0,"max_hp_loss":0.0,"gold_gain":0.0,"event_name":"Scrap Ooze","player_choice":"Success","floor":6.0,"gold_loss":0.0,"damage_taken":12.0,"relics_obtained":["Happy Flower"]},{"damage_healed":0.0,"max_hp_gain":0.0,"max_hp_loss":0.0,"gold_gain":0.0,"event_name":"Wheel of Change","player_choice":"Relic","floor":11.0,"gold_loss":0.0,"damage_taken":0.0},{"damage_healed":0.0,"max_hp_gain":0.0,"max_hp_loss":34.0,"gold_gain":0.0,"event_name":"Ghosts","player_choice":"Became a Ghost","floor":20.0,"gold_loss":0.0,"damage_taken":0.0,"cards_obtained":["Ghostly","Ghostly","Ghostly","Ghostly","Ghostly"]},{"damage_healed":0.0,"max_hp_gain":0.0,"max_hp_loss":0.0,"gold_gain":0.0,"cards_transformed":["Capacitor","Darkness"],"event_name":"Drug Dealer","player_choice":"Became Test Subject","floor":24.0,"gold_loss":0.0,"damage_taken":0.0,"cards_obtained":["Machine Learning","Hologram"]},{"damage_healed":0,"gold_gain":0,"player_choice":"Fight","damage_taken":0,"max_hp_gain":0,"max_hp_loss":0,"event_name":"Colosseum","floor":30,"gold_loss":0},{"damage_healed":0,"gold_gain":0,"player_choice":"Fought Nobs","damage_taken":0,"max_hp_gain":0,"max_hp_loss":0,"event_name":"Colosseum","floor":30,"gold_loss":0},{"damage_healed":0,"gold_gain":0,"player_choice":"Embrace Madness","damage_taken":5,"max_hp_gain":0,"max_hp_loss":0,"event_name":"Winding Halls","floor":36,"gold_loss":0,"cards_obtained":["Madness","Madness"]},{"damage_healed":0,"gold_gain":999,"player_choice":"Gold","damage_taken":0,"max_hp_gain":0,"max_hp_loss":0,"event_name":"MindBloom","floor":37,"gold_loss":0,"cards_obtained":["Normality","Normality"]}],"is_beta":false,"boss_relics":[{"not_picked":["Coffee Dripper","SacredBark"],"picked":"Fusion Hammer"},{"not_picked":["Runic Pyramid","Tiny House"],"picked":"Busted Crown"}],"items_purged_floors":[19,39,42],"is_endless":false,"potions_floor_spawned":[1,2,3,12,22,25,28,29,40,44,45,47,48,54],"ascension_level":0}}