{"host":"shb6fs4xkmgx64v4","time":1611424666,"event":{"mods":["AchievementEnabler","BaseMod","Colored Map","Downfall","Minty Spire (QoL Compilation)","StSLib"],"gold_per_floor":[99,116,26,26,84,103,126,26,51,72,86,86,96,116,135,236,236,236,256,268,268,280,3,28,28,62,62,92,92,92,111,129,227,227,127,137,154,12,12,22,22,40,40,140,23,52,52,68,85,85],"floor_reached":51,"language":"ENG","playtime":4843,"items_purged":["champ:Defend","champ:Strike","Pain"],"score":769,"play_id":"51580845-58db-4a7d-9128-86c6f1b54e25","local_time":"20210123125746","is_ascension_mode":false,"campfire_choices":[{"floor":1.0,"key":"RECALL"},{"data":"champ:StanceDance","floor":8.0,"key":"SMITH"},{"data":"champ:Improvising","floor":18.0,"key":"SMITH"},{"floor":29.0,"key":"REST"},{"data":"expansioncontent:StudyTheSpire","floor":35.0,"key":"SMITH"}],"circlet_count":0,"master_deck":["champ:Strike","champ:Strike","champ:Strike","champ:Defend","champ:Defend","champ:Defend","champ:Execute","champ:Taunt","champ:BringItOn","champ:StanceDance+1","champ:GutPunch","champ:ShieldWall","champ:SkillfulDodge","champ:Improvising+1","champ:SkillfulDodge","champ:Circumvent","champ:FlashCut+1","champ:Lariat","champ:StrikeOfGenius","champ:Shatter","champ:Devastate","champ:Haymaker+1","expansioncontent:StudyTheSpire+1","champ:VampiricStrike","champ:FancyFootwork+1","champ:Circumvent+1","champ:HoldFirm+1","CurseOfTheBell","champ:PreciseThrust+1","champ:FlashCut+1","champ:CalledShot+1","champ:CalledShot+1","expansioncontent:LastStand","champ:FlashCut+1","champ:BringItOn+1","expansioncontent:YouAreMine+1","expansioncontent:GuardianWhirl","expansioncontent:PrepareCrush+1","champ:GutPunch+1","champ:FocusedDefense+1","champ:SetATrap+1","champ:PerfectedStrike","Doubt","champ:PreciseThrust+1","champ:ShieldSlam+1"],"relics":["champ:ChampionCrownUpgraded","Pantograph","Akabeko","downfall:HeartBlessingRed","Potion Belt","Odd Mushroom","Eternal Feather","PreservedInsect","Dead Branch","Toxic Egg 2","Vajra","champ:FightingForDummies","Calling Bell","Smiling Mask","Mummified Hand","Thread and Needle","downfall:HeartBlessingGreen","WarpedTongs","Juzu Bracelet","downfall:GremlinWheel","ClockworkSouvenir","Toy Ornithopter","Nunchaku"],"acts_visited":["Exordium","TheCity","TheBeyond"],"potions_floor_usage":[46,50,50,50,50],"damage_taken":[{"damage":27.0,"enemies":"Jaw Worm","floor":2.0,"turns":4.0},{"damage":20.0,"enemies":"downfall:FleeingMerchant","floor":3.0,"turns":4.0},{"damage":60.0,"enemies":"Lagavulin Event","floor":5.0,"turns":8.0},{"damage":0.0,"enemies":"Small Slimes","floor":6.0,"turns":3.0},{"damage":11.0,"enemies":"Lagavulin","floor":9.0,"turns":6.0},{"damage":42.0,"enemies":"The Mushroom Lair","floor":10.0,"turns":5.0},{"damage":10.0,"enemies":"Cultist","floor":11.0,"turns":3.0},{"damage":10.0,"enemies":"Exordium Thugs","floor":13.0,"turns":2.0},{"damage":0.0,"enemies":"Red Slaver","floor":14.0,"turns":3.0},{"damage":12.0,"enemies":"3 Louse","floor":15.0,"turns":3.0},{"damage":35.0,"enemies":"DF_ARCHETYPE_STREAMLINE","floor":16.0,"turns":9.0},{"damage":23.0,"enemies":"Shell Parasite","floor":19.0,"turns":4.0},{"damage":41.0,"enemies":"Cultist and Chosen","floor":20.0,"turns":6.0},{"damage":25.0,"enemies":"Centurion and Healer","floor":22.0,"turns":5.0},{"damage":48.0,"enemies":"downfall:FleeingMerchant","floor":23.0,"turns":4.0},{"damage":56.0,"enemies":"Book of Stabbing","floor":26.0,"turns":6.0},{"damage":37.0,"enemies":"Slavers","floor":28.0,"turns":7.0},{"damage":10.0,"enemies":"Snecko","floor":31.0,"turns":4.0},{"damage":42.0,"enemies":"Shelled Parasite and Fungi","floor":32.0,"turns":5.0},{"damage":68.0,"enemies":"SI_MIRROR_ARCHETYPE","floor":33.0,"turns":11.0},{"damage":44.0,"enemies":"3 Darklings","floor":36.0,"turns":5.0},{"damage":20.0,"enemies":"Orb Walker","floor":37.0,"turns":3.0},{"damage":30.0,"enemies":"downfall:FleeingMerchant","floor":38.0,"turns":4.0},{"damage":34.0,"enemies":"Transient","floor":40.0,"turns":5.0},{"damage":16.0,"enemies":"4 Shapes","floor":42.0,"turns":4.0},{"damage":0.0,"enemies":"4 Shapes","floor":44.0,"turns":2.0},{"damage":0.0,"enemies":"downfall:FleeingMerchant","floor":45.0,"turns":2.0},{"damage":20,"enemies":"Giant Head","floor":46,"turns":6},{"damage":10,"enemies":"Jaw Worm Horde","floor":48,"turns":4},{"damage":15,"enemies":"Sphere and 2 Shapes","floor":49,"turns":2},{"damage":130,"enemies":"IC_BLOCK_ARCHETYPE","floor":50,"turns":14}],"seed_played":"-6056278013843712346","potions_obtained":[{"floor":6.0,"key":"Energy Potion"},{"floor":10.0,"key":"BlessingOfTheForge"},{"floor":13.0,"key":"champ:OpenerPotion"},{"floor":14.0,"key":"hexamod:SoulburnPotion"},{"floor":15.0,"key":"hexamod:SoulburnPotion"},{"floor":16.0,"key":"Swift Potion"},{"floor":22.0,"key":"sneckomod:MuddlingPotion"},{"floor":31.0,"key":"Energy Potion"},{"floor":32.0,"key":"SteroidPotion"},{"floor":37.0,"key":"Block Potion"},{"floor":42.0,"key":"SteroidPotion"},{"floor":46,"key":"Weak Potion"},{"floor":48,"key":"DistilledChaos"}],"is_trial":false,"path_per_floor":["R","M","$","?","?","M","T","R","E","?","M","?","M","M","M","B",null,"R","M","M","?","M","$","T","?","E","?","E","R","?","M","M","B",null,"R","M","M","$","?","M","T","M","?","?","?","E","?","M","M","B",null],"character_chosen":"THE_CHAMP","items_purchased":["expansioncontent:StudyTheSpire","champ:CalledShot+1","expansioncontent:LastStand","ClockworkSouvenir","Toy Ornithopter","champ:FocusedDefense+1","champ:SetATrap+1"],"campfire_rested":1,"item_purchase_floors":[23,38,38,45,45,45,45],"current_hp_per_floor":[99,82,82,82,57,57,57,57,51,29,29,29,29,29,27,27,99,99,96,65,65,65,62,62,62,36,36,4,45,45,45,13,5,99,99,85,85,85,85,56,56,55,45,45,45,50,99,99,99,39],"gold":85,"neow_bonus":"TEN_PERCENT_HP_BONUS","is_daily":false,"chose_seed":false,"campfire_upgraded":3,"win_rate":0.0,"timestamp":1611424666,"path_taken":["R","M","$","?","?","M","T","R","E","?","M","?","M","?","M","BOSS","R","M","M","?","?","$","T","?","E","?","E","R","?","?","M","BOSS","R","M","M","$","?","M","T","M","?","?","?","E","?","M","M","BOSS"],"items_purchased_type":["Card","Card","Card","Relic","Relic","Card","Card"],"build_version":"2020-12-22","purchased_purges":3,"victory":true,"max_hp_per_floor":[99,99,99,99,99,99,99,99,99,99,99,99,99,99,99,99,99,99,99,99,99,99,99,99,99,99,99,99,99,99,99,99,99,99,99,99,99,99,99,99,99,99,99,99,99,99,99,99,99,99],"card_choices":[{"not_picked":["champ:Haymaker","champ:BerserkersShout"],"picked":"champ:BringItOn","floor":2.0},{"not_picked":["champ:EnGarde","champ:CalledShot"],"picked":"champ:StanceDance","floor":3.0},{"not_picked":["champ:Backstep","champ:RisingSlash"],"picked":"champ:GutPunch","floor":5.0},{"not_picked":["champ:FocusedBerserking","champ:GutPunch"],"picked":"champ:ShieldWall","floor":6.0},{"not_picked":["champ:BerserkersShout","champ:EnragedBash"],"picked":"champ:SkillfulDodge","floor":9.0},{"not_picked":["champ:GladiatorStyle","champ:FanOfKnives"],"picked":"champ:Improvising","floor":10.0},{"not_picked":["champ:BladeFlurry","champ:PerfectedStrike"],"picked":"champ:SkillfulDodge","floor":11.0},{"not_picked":["champ:FanOfKnives","champ:FancyFootwork"],"picked":"champ:Circumvent","floor":13.0},{"not_picked":["champ:EnGarde","champ:StanceDance"],"picked":"champ:FlashCut","floor":14.0},{"not_picked":["champ:SetATrap","champ:AdrenalArmor"],"picked":"champ:Lariat","floor":15.0},{"not_picked":["champ:SteelEdge","champ:DancingMaster"],"picked":"champ:StrikeOfGenius","floor":16.0},{"not_picked":["champ:BerserkersShout","champ:Backstep"],"picked":"champ:Shatter","floor":19.0},{"not_picked":["champ:FanOfKnives","champ:BerserkersShout"],"picked":"champ:Devastate","floor":20.0},{"not_picked":["champ:DefensiveShout","champ:BerserkersShout","champ:TornadoPunch"],"picked":"SKIP","floor":22.0},{"not_picked":["champ:BerserkersShout+1","champ:Encircle"],"picked":"champ:Haymaker+1","floor":23.0},{"not_picked":["champ:EndlessRage","champ:PreemptiveStrike"],"picked":"champ:VampiricStrike","floor":26.0},{"not_picked":["champ:Duel","champ:GutPunch","champ:RapidStrikes"],"picked":"SKIP","floor":28.0},{"not_picked":["champ:EnGarde+1","champ:BladeFlurry"],"picked":"champ:FancyFootwork+1","floor":31.0},{"not_picked":["champ:FanOfKnives","champ:DancingMaster"],"picked":"champ:Circumvent+1","floor":32.0},{"not_picked":["champ:SwordThrow","champ:HeavySlash"],"picked":"champ:HoldFirm+1","floor":33.0},{"not_picked":["champ:Parry+1","champ:Endure+1"],"picked":"champ:PreciseThrust+1","floor":36.0},{"not_picked":["champ:BladeFlurry+1","champ:TornadoPunch"],"picked":"champ:FlashCut+1","floor":37.0},{"not_picked":["champ:FlashCut+1","champ:BerserkersShout+1"],"picked":"champ:CalledShot+1","floor":38.0},{"not_picked":["champ:IronFortress","champ:DeathBlow+1"],"picked":"champ:FlashCut+1","floor":40.0},{"not_picked":["champ:Haymaker","champ:GutPunch"],"picked":"champ:BringItOn+1","floor":42.0},{"not_picked":["expansioncontent:Chronoboost","expansioncontent:GuardianWhirl"],"picked":"expansioncontent:YouAreMine+1","floor":43.0},{"not_picked":["expansioncontent:PolyBeam","expansioncontent:HyperBeam"],"picked":"expansioncontent:GuardianWhirl","floor":43.0},{"not_picked":["expansioncontent:GuardianWhirl","expansioncontent:Chronoboost"],"picked":"expansioncontent:PrepareCrush+1","floor":43.0},{"not_picked":["champ:PreciseThrust","champ:ShieldWall"],"picked":"champ:GutPunch+1","floor":45.0},{"not_picked":["champ:BladeFlurry","champ:SetATrap+1"],"picked":"champ:PerfectedStrike","floor":46},{"not_picked":["champ:BerserkersShout+1","champ:Backstep+1"],"picked":"champ:PreciseThrust+1","floor":48},{"not_picked":["champ:IgnorePain+1","champ:Haymaker+1"],"picked":"champ:ShieldSlam+1","floor":49}],"player_experience":237205,"relics_obtained":[{"floor":5.0,"key":"Pantograph"},{"floor":7.0,"key":"Akabeko"},{"floor":9.0,"key":"Potion Belt"},{"floor":10.0,"key":"Odd Mushroom"},{"floor":12.0,"key":"Eternal Feather"},{"floor":24.0,"key":"PreservedInsect"},{"floor":26.0,"key":"Toxic Egg 2"},{"floor":28.0,"key":"Vajra"},{"floor":34.0,"key":"Smiling Mask"},{"floor":34.0,"key":"Mummified Hand"},{"floor":34.0,"key":"Thread and Needle"},{"floor":41.0,"key":"Juzu Bracelet"},{"floor":44.0,"key":"downfall:GremlinWheel"},{"floor":46,"key":"Nunchaku"}],"event_choices":[{"damage_healed":0.0,"max_hp_gain":0.0,"max_hp_loss":0.0,"gold_gain":0.0,"event_name":"Mushrooms","player_choice":"Fought Mushrooms","floor":10.0,"gold_loss":0.0,"damage_taken":0.0},{"damage_healed":0.0,"max_hp_gain":0.0,"max_hp_loss":0.0,"gold_gain":0.0,"event_name":"Wheel of Change","player_choice":"Relic","floor":12.0,"gold_loss":0.0,"damage_taken":0.0},{"damage_healed":0.0,"max_hp_gain":0.0,"max_hp_loss":0.0,"gold_gain":0.0,"event_name":"Accursed Blacksmith","player_choice":"Rummage","floor":39.0,"gold_loss":0.0,"damage_taken":0.0,"relics_obtained":["WarpedTongs"],"cards_obtained":["Pain"]}],"is_beta":false,"boss_relics":[{"not_picked":["Astrolabe","Coffee Dripper"],"picked":"champ:ChampionCrownUpgraded"},{"not_picked":["SacredBark","Runic Dome"],"picked":"Calling Bell"}],"items_purged_floors":[3,23,45],"is_endless":false,"potions_floor_spawned":[6,10,13,14,15,16,22,31,32,37,42,46,48],"ascension_level":0}}