{"host":"a5lz0e76zb3fcwkm","time":1611384097,"event":{"mods":["AchievementEnabler","BaseMod","Colored Map","Colored Powertips","Minty Spire (QoL Compilation)","StSLib","SuperFastMode"],"gold_per_floor":[118,68,88,38,49,49,61,61,61,74,85,97,128,78,78,155,155,170,120,135,135,153,185,185,202,276,276,306,31,41,51,51,51,51],"floor_reached":33,"language":"KOR","playtime":773,"items_purged":["Strike_G","Defend_G","Strike_G","Strike_G","Strike_G"],"score":682,"play_id":"a120541d-9f28-47f9-b3e4-c885263211a9","local_time":"20210123154137","is_ascension_mode":true,"campfire_choices":[{"data":"Crippling Poison","floor":6.0,"key":"SMITH"},{"data":"Bouncing Flask","floor":8.0,"key":"SMITH"},{"data":"Well Laid Plans","floor":15.0,"key":"SMITH"},{"data":"Burst","floor":24,"key":"SMITH"},{"data":"Crippling Poison","floor":27,"key":"SMITH"},{"floor":32,"key":"REST"}],"circlet_count":0,"master_deck":["AscendersBane","Strike_G","Defend_G","Defend_G","Defend_G","Defend_G","Survivor","Neutralize","Bouncing Flask+1","Crippling Poison+1","Crippling Poison+1","Well Laid Plans+1","Burst+1","Reflex"],"relics":["Ring of the Snake","Smiling Mask","Snake Skull","Ninja Scroll","Busted Crown","Toy Ornithopter","Blood Vial","Potion Belt"],"acts_visited":["Exordium","TheCity"],"potions_floor_usage":[23,28,33,33,33],"damage_taken":[{"damage":0.0,"enemies":"Cultist","floor":1.0,"turns":4.0},{"damage":0.0,"enemies":"2 Louse","floor":3.0,"turns":4.0},{"damage":5.0,"enemies":"Jaw Worm","floor":5.0,"turns":4.0},{"damage":1.0,"enemies":"2 Fungi Beasts","floor":7.0,"turns":3.0},{"damage":18.0,"enemies":"Large Slime","floor":10.0,"turns":6.0},{"damage":5.0,"enemies":"Exordium Thugs","floor":11.0,"turns":5.0},{"damage":2.0,"enemies":"Blue Slaver","floor":12.0,"turns":3.0},{"damage":10.0,"enemies":"Lagavulin","floor":13.0,"turns":4.0},{"damage":2.0,"enemies":"The Guardian","floor":16.0,"turns":8.0},{"damage":11.0,"enemies":"2 Thieves","floor":18.0,"turns":3.0},{"damage":5.0,"enemies":"3 Byrds","floor":20.0,"turns":3.0},{"damage":9,"enemies":"3 Cultists","floor":22,"turns":5},{"damage":0,"enemies":"Gremlin Leader","floor":23,"turns":4},{"damage":3,"enemies":"Centurion and Healer","floor":25,"turns":5},{"damage":6,"enemies":"Slavers","floor":28,"turns":3},{"damage":18,"enemies":"Shelled Parasite and Fungi","floor":30,"turns":4},{"damage":0,"enemies":"Snake Plant","floor":31,"turns":2},{"damage":47,"enemies":"Champ","floor":33,"turns":7}],"seed_played":"999565883156758031","potions_obtained":[{"floor":5.0,"key":"DistilledChaos"},{"floor":7.0,"key":"SpeedPotion"},{"floor":13.0,"key":"Explosive Potion"},{"floor":16.0,"key":"DuplicationPotion"},{"floor":22,"key":"AttackPotion"},{"floor":23,"key":"AttackPotion"},{"floor":28,"key":"SkillPotion"},{"floor":30,"key":"Strength Potion"},{"floor":31,"key":"ColorlessPotion"}],"is_trial":false,"path_per_floor":["M","$","M","$","M","R","M","R","T","M","M","M","E","$","R","B",null,"M","$","M","?","M","E","R","M","T","R","E","$","M","M","R","B"],"character_chosen":"THE_SILENT","items_purchased":["Potion Belt","Energy Potion"],"campfire_rested":1,"item_purchase_floors":[29,29],"current_hp_per_floor":[59,59,59,59,54,54,53,53,53,35,30,28,18,18,18,16,54,43,43,38,38,29,29,29,26,26,26,25,25,9,11,30,0,0],"gold":51,"neow_bonus":"RANDOM_COMMON_RELIC","is_daily":false,"chose_seed":false,"campfire_upgraded":5,"win_rate":0.0,"timestamp":1611384097,"path_taken":["M","$","M","$","M","R","M","R","T","M","?","M","E","$","R","BOSS","M","$","M","?","M","E","R","M","T","R","E","$","M","M","R","BOSS"],"items_purchased_type":["Relic","Potion"],"build_version":"2020-12-22","purchased_purges":5,"victory":false,"max_hp_per_floor":[66,66,66,66,66,66,66,66,66,66,66,66,66,66,66,66,66,66,66,66,66,66,66,66,66,66,66,66,66,66,66,66,66,66],"card_choices":[{"not_picked":["Blade Dance","Eviscerate"],"picked":"Bouncing Flask","floor":1.0},{"not_picked":["Sucker Punch","Concentrate","Flechettes"],"picked":"SKIP","floor":3.0},{"not_picked":["PiercingWail","Poisoned Stab"],"picked":"Crippling Poison","floor":5.0},{"not_picked":["Riddle With Holes","Expertise","Deadly Poison"],"picked":"SKIP","floor":7.0},{"not_picked":["Expertise","Slice"],"picked":"Crippling Poison","floor":10.0},{"not_picked":["All Out Attack","Endless Agony","Dagger Throw"],"picked":"SKIP","floor":11.0},{"not_picked":["Choke","Poisoned Stab","Concentrate"],"picked":"SKIP","floor":12.0},{"not_picked":["Accuracy","Blur"],"picked":"Well Laid Plans","floor":13.0},{"not_picked":["Bullet Time","Malaise"],"picked":"Burst","floor":16.0},{"not_picked":["Quick Slash"],"picked":"SKIP","floor":18.0},{"not_picked":[],"picked":"Reflex","floor":20.0},{"not_picked":["Outmaneuver+1"],"picked":"SKIP","floor":22},{"not_picked":["Finisher+1"],"picked":"SKIP","floor":23},{"not_picked":["Slice"],"picked":"SKIP","floor":25},{"not_picked":["All Out Attack"],"picked":"SKIP","floor":28},{"not_picked":["Dash"],"picked":"SKIP","floor":30},{"not_picked":["Dagger Spray"],"picked":"SKIP","floor":31}],"player_experience":1788489,"relics_obtained":[{"floor":9.0,"key":"Snake Skull"},{"floor":13.0,"key":"Ninja Scroll"},{"floor":23,"key":"Toy Ornithopter"},{"floor":28,"key":"Blood Vial"}],"event_choices":[{"damage_healed":0,"gold_gain":0,"player_choice":"Ignored","damage_taken":0,"max_hp_gain":0,"max_hp_loss":0,"event_name":"Cursed Tome","floor":21,"gold_loss":0}],"is_beta":false,"boss_relics":[{"not_picked":["Runic Pyramid","Calling Bell"],"picked":"Busted Crown"}],"items_purged_floors":[2,4,14,19,29],"is_endless":false,"potions_floor_spawned":[5,7,13,16,22,23,28,30,31],"killed_by":"Champ","ascension_level":20}}