{"host":"yt8tirjpas3zupuf","time":1611415935,"event":{"mods":["Act Like it!","Arknights The Spire","BaseMod","Colored Powertips","Duelist Mod","Gensokyo","Googly Eyes","Lobotomy","Marisa£®ÏF”Í°°ƒß¿Ì…≥£©","Minty Spire (QoL Compilation)","Remilia£®¿Ÿ√◊¿Ú—«£©","Replay The Spire","StSLib","The Bug Knight","The Servant 0.9.4"],"gold_per_floor":[110,285,298,4,19,19,19],"floor_reached":6,"language":"ZHS","playtime":393,"items_purged":[],"score":36,"play_id":"b425f492-88c5-4bf9-b4c4-14e373691140","local_time":"20210123233215","is_ascension_mode":false,"campfire_choices":[],"circlet_count":0,"master_deck":["ats:Strike C","ats:Strike G","ats:Strike S","ats:Strike V","ats:Armor Crushing Shot","ats:Defend","ats:Defend","ats:Defend","ats:Defend","ats:Emotion Absorption","LittlePrince","ats:Revitalization","Doubt","WallGazer","ats:Curse Doll","ats:Apocalypse","SingingMachine","ats:Very Hot Blade"],"relics":["ats:Sanity","CogitoBucket","Eternal Feather"],"acts_visited":["Exordium"],"potions_floor_usage":[],"damage_taken":[{"damage":10,"enemies":"Jaw Worm","floor":1,"turns":4},{"damage":13,"enemies":"2 Louse","floor":3,"turns":4},{"damage":41,"enemies":"Small Slimes","floor":5,"turns":11},{"damage":67,"enemies":"Lagavulin","floor":6,"turns":6}],"seed_played":"4679704752490202406","potions_obtained":[{"floor":5,"key":"Weak Potion"}],"is_trial":false,"path_per_floor":["M","?","M","$","M","E"],"character_chosen":"DOCTOR_CLASS","items_purchased":["ats:Apocalypse","Eternal Feather"],"campfire_rested":0,"item_purchase_floors":[4,4],"current_hp_per_floor":[62,62,58,58,53,0,0],"gold":19,"neow_bonus":"","is_daily":false,"chose_seed":false,"campfire_upgraded":0,"win_rate":0.0,"timestamp":1611415935,"path_taken":["M","?","M","$","M","E"],"items_purchased_type":["Card","Relic"],"build_version":"2020-12-22","purchased_purges":0,"victory":false,"max_hp_per_floor":[72,72,72,72,72,72,72],"card_choices":[{"not_picked":["Scarecrow","Porccubus","UniverseFragment"],"picked":"Singing Bowl","floor":1},{"not_picked":["VoidDream","Freischutz"],"picked":"LittlePrince","floor":1},{"not_picked":["ats:Curse Doll","ats:Shell Defense"],"picked":"ats:Revitalization","floor":1},{"not_picked":["OSAHOGD","FieryBird","LaLuna"],"picked":"Singing Bowl","floor":3},{"not_picked":["Murderer","LittleHelper"],"picked":"WallGazer","floor":3},{"not_picked":["ats:Shell Defense","ats:Very Hot Blade"],"picked":"ats:Curse Doll","floor":3},{"not_picked":["CherryBlossoms","SingingMachine","BeautyBeast"],"picked":"Singing Bowl","floor":5},{"not_picked":["MeatLantern","HappyTeddy"],"picked":"SingingMachine","floor":5},{"not_picked":["ats:Spore Proliferation","ats:Beaten Up"],"picked":"ats:Very Hot Blade","floor":5}],"player_experience":118059,"relics_obtained":[],"event_choices":[{"damage_healed":0,"gold_gain":175,"player_choice":"AGREE","damage_taken":0,"max_hp_gain":0,"max_hp_loss":0,"event_name":"Liars Game","floor":2,"gold_loss":0,"cards_obtained":["Doubt"]}],"is_beta":false,"boss_relics":[],"items_purged_floors":[],"is_endless":false,"potions_floor_spawned":[5],"killed_by":"Lagavulin","ascension_level":0}}