{"host":"FirstDane","time":1611375328,"event":{"mods":["BaseMod","Bestiary","Highlight Path","Minty Spire (QoL Compilation)","Relic Stats","Slay the Relics Exporter"],"gold_per_floor":[109,109,129,142,168,168,184,219,219,219,250,2,19,31,31,105,105,118,8,8,23,38,38,38],"floor_reached":23,"language":"ENG","playtime":2950,"items_purged":["Strike_B"],"score":406,"play_id":"279928ba-9f40-409e-b3ba-ea9c27ecf42d","local_time":"20210122221528","is_ascension_mode":true,"campfire_choices":[{"data":"Storm","floor":6,"key":"SMITH"},{"floor":10,"key":"REST"},{"data":"Hologram","floor":15,"key":"SMITH"}],"circlet_count":0,"master_deck":["AscendersBane","Defend_B","Defend_B+1","Defend_B+1","Defend_B","Dualcast","Genetic Algorithm+1","Fission+1","Creative AI+1","Darkness","Storm+1","Sweeping Beam","Biased Cognition+1","Hologram+1","Core Surge","Hologram","Sunder"],"relics":["Astrolabe","Art of War","Darkstone Periapt","Toy Ornithopter","Bag of Preparation","Inserter"],"acts_visited":["Exordium","TheCity"],"potions_floor_usage":[11,18,22,23],"damage_taken":[{"damage":3,"enemies":"2 Louse","floor":1,"turns":4},{"damage":2,"enemies":"Jaw Worm","floor":3,"turns":7},{"damage":0,"enemies":"Cultist","floor":4,"turns":4},{"damage":0,"enemies":"3 Louse","floor":7,"turns":5},{"damage":25,"enemies":"3 Sentries","floor":8,"turns":8},{"damage":20,"enemies":"Gremlin Nob","floor":11,"turns":4},{"damage":0,"enemies":"Large Slime","floor":13,"turns":3},{"damage":0,"enemies":"Exordium Wildlife","floor":14,"turns":5},{"damage":6,"enemies":"The Guardian","floor":16,"turns":9},{"damage":9,"enemies":"Spheric Guardian","floor":18,"turns":5},{"damage":18,"enemies":"3 Byrds","floor":21,"turns":6},{"damage":8,"enemies":"3 Cultists","floor":22,"turns":6},{"damage":37,"enemies":"Gremlin Leader","floor":23,"turns":4}],"seed_played":"-6820800376111244764","potions_obtained":[{"floor":3,"key":"FearPotion"},{"floor":4,"key":"SpeedPotion"},{"floor":7,"key":"SpeedPotion"},{"floor":13,"key":"Strength Potion"},{"floor":21,"key":"PowerPotion"}],"is_trial":false,"path_per_floor":["M","?","M","M","T","R","M","E","T","R","E","$","M","M","R","B",null,"M","?","$","M","M","E"],"character_chosen":"DEFECT","items_purchased":["Bag of Preparation"],"campfire_rested":1,"item_purchase_floors":[12],"current_hp_per_floor":[61,40,38,38,38,38,38,13,13,34,14,14,14,14,14,8,55,51,51,51,33,30,0,0],"gold":38,"neow_bonus":"BOSS_RELIC","is_daily":false,"chose_seed":false,"campfire_upgraded":2,"win_rate":0.0,"timestamp":1611375328,"path_taken":["M","?","M","M","?","R","M","E","T","R","E","$","M","M","R","BOSS","M","?","?","M","M","E"],"items_purchased_type":["Relic"],"build_version":"2020-12-18","purchased_purges":1,"victory":false,"max_hp_per_floor":[71,71,71,71,71,71,71,71,71,71,71,71,71,71,71,71,71,71,71,71,71,71,71,71],"relic_stats":{"Darkstone Periapt":0,"Inserter":[10],"counters":[13,70],"Astrolabe":["Genetic Algorithm","Fission","Creative AI"],"Art of War":[28],"Bag of Preparation":[14],"obtain_stats":[{"Darkstone Periapt":9,"Inserter":17,"Astrolabe":0,"Art of War":8,"Bag of Preparation":12,"Cracked Core":0,"Toy Ornithopter":11},{"Darkstone Periapt":5,"Inserter":9,"Astrolabe":0,"Art of War":5,"Bag of Preparation":6,"Cracked Core":0,"Toy Ornithopter":6},{"Darkstone Periapt":28,"Inserter":49,"Astrolabe":0,"Art of War":28,"Bag of Preparation":32,"Cracked Core":0,"Toy Ornithopter":32}],"Toy Ornithopter":15},"card_choices":[{"not_picked":["Stack","Static Discharge"],"picked":"Darkness","floor":1},{"not_picked":["Streamline","Stack","Coolheaded"],"picked":"SKIP","floor":3},{"not_picked":["Turbo","Heatsinks"],"picked":"Storm","floor":4},{"not_picked":["Fission","Gash"],"picked":"Sweeping Beam","floor":7},{"not_picked":["Gash","Ball Lightning","Sweeping Beam"],"picked":"SKIP","floor":8},{"not_picked":["Redo","Cold Snap"],"picked":"Biased Cognition","floor":11},{"not_picked":["Compile Driver","Lockon","Go for the Eyes"],"picked":"SKIP","floor":13},{"not_picked":["Compile Driver","Lockon","Go for the Eyes"],"picked":"SKIP","floor":13},{"not_picked":["Barrage","Turbo"],"picked":"Hologram","floor":14},{"not_picked":["Hyperbeam","Reboot"],"picked":"Core Surge","floor":16},{"not_picked":["Capacitor","Redo"],"picked":"Hologram","floor":18},{"not_picked":["Ball Lightning","Gash","Stack"],"picked":"SKIP","floor":21},{"not_picked":["FTL","Leap"],"picked":"Sunder","floor":22}],"player_experience":3952677,"relics_obtained":[{"floor":8,"key":"Art of War"},{"floor":9,"key":"Darkstone Periapt"},{"floor":11,"key":"Toy Ornithopter"}],"event_choices":[{"damage_healed":0,"gold_gain":0,"player_choice":"Entered Light","damage_taken":21,"max_hp_gain":0,"max_hp_loss":0,"event_name":"Shining Light","floor":2,"gold_loss":0,"cards_upgraded":["Defend_B","Defend_B"]},{"cards_removed":["Zap"],"damage_healed":0,"gold_gain":0,"player_choice":"Upgrade and Remove","damage_taken":0,"max_hp_gain":0,"max_hp_loss":0,"event_name":"Designer","floor":19,"gold_loss":110,"cards_upgraded":["Biased Cognition"]}],"is_beta":true,"boss_relics":[{"not_picked":["Black Star","Busted Crown"],"picked":"Inserter"}],"items_purged_floors":[12],"is_endless":false,"potions_floor_spawned":[3,4,7,13,21],"killed_by":"Gremlin Leader","ascension_level":20}}