{"host":"52jmisti11ysmja4","time":1611441252,"event":{"mods":["Aspiration","BaseMod","Better Third Choice","Minty Spire (QoL Compilation)","Remove Card Discount Mod","StSLib","The Bug Knight"],"gold_per_floor":[118,131,131,149,165,196,50,50,50,83,83,48,79,79,79,79,79],"floor_reached":16,"language":"ENG","playtime":2227,"items_purged":["HollowMod:NailStrikeStart","HollowMod:NailStrikeStart","HollowMod:NailStrikeStart","HollowMod:NailStrikeStart","HollowMod:QuickDashStart","HollowMod:QuickDashStart","HollowMod:QuickDashStart","HollowMod:QuickDashStart"],"score":148,"play_id":"d6af8a70-3648-4165-8958-4178cb49713d","local_time":"20210123143412","is_ascension_mode":true,"campfire_choices":[{"floor":8,"key":"REST"},{"floor":15,"key":"REST"}],"circlet_count":0,"master_deck":["HollowMod:FocusHealStart","HollowMod:PogoStrike","HollowMod:GreatSlash","HollowMod:DoubleDash","HollowMod:BrokenVessel","HollowMod:SoulStrike","HollowMod:MonarchWings","HollowMod:InfectedAttack","HollowMod:BrokenVessel","HollowMod:SlysStrikes","HollowMod:TaintedHusks","Injury"],"relics":["HollowMod:VesselMask","Oddly Smooth Stone","Question Card","Matryoshka","PreservedInsect","Strawberry","Frozen Egg 2"],"acts_visited":["Exordium"],"potions_floor_usage":[6,6,6,16],"damage_taken":[{"damage":0,"enemies":"Cultist","floor":1,"turns":4},{"damage":1,"enemies":"Jaw Worm","floor":2,"turns":3},{"damage":0,"enemies":"Small Slimes","floor":4,"turns":3},{"damage":6,"enemies":"2 Fungi Beasts","floor":5,"turns":2},{"damage":45,"enemies":"HollowMod:MossKnight","floor":6,"turns":8},{"damage":27,"enemies":"3 Sentries","floor":10,"turns":4},{"damage":31,"enemies":"Lagavulin","floor":13,"turns":4},{"damage":45,"enemies":"The Guardian","floor":16,"turns":5}],"seed_played":"-2252535867629316507","potions_obtained":[{"floor":2,"key":"DistilledChaos"},{"floor":4,"key":"BlessingOfTheForge"},{"floor":5,"key":"Explosive Potion"},{"floor":13,"key":"PowerPotion"}],"is_trial":false,"path_per_floor":["M","M","?","M","M","E","$","R","T","E","?","?","E","?","R","B"],"character_chosen":"THE_BUGKNIGHT","items_purchased":["HollowMod:InfectedAttack","HollowMod:BrokenVessel"],"campfire_rested":2,"item_purchase_floors":[7,7],"current_hp_per_floor":[75,74,79,79,73,34,34,58,58,31,28,48,30,30,56,21,21],"gold":79,"neow_bonus":"RANDOM_COMMON_RELIC","is_daily":false,"chose_seed":false,"campfire_upgraded":0,"win_rate":0.0,"timestamp":1611441252,"path_taken":["M","?","?","M","M","E","$","R","T","E","?","?","E","?","R","BOSS"],"items_purchased_type":["Card","Card"],"build_version":"2020-12-22","purchased_purges":8,"victory":false,"max_hp_per_floor":[75,75,80,80,80,80,80,80,80,80,80,80,87,87,87,87,87],"card_choices":[{"not_picked":["HollowMod:GoodIntentions","HollowMod:SoulStrike"],"picked":"HollowMod:GreatSlash","floor":1},{"not_picked":["HollowMod:LuriensSpire","HollowMod:BlackTendrils"],"picked":"HollowMod:DoubleDash","floor":2},{"not_picked":["HollowMod:NewLittleFool","HollowMod:DoubleDash"],"picked":"HollowMod:BrokenVessel","floor":4},{"not_picked":["HollowMod:CoiledNail","HollowMod:WhiteLadysBlessing"],"picked":"HollowMod:SoulStrike","floor":5},{"not_picked":["HollowMod:SharpenedNail","HollowMod:SoulStrike"],"picked":"HollowMod:MonarchWings","floor":6},{"not_picked":["HollowMod:SoulStrike","HollowMod:AbyssShriek","HollowMod:PureNailStrike"],"picked":"HollowMod:SlysStrikes","floor":10},{"not_picked":["HollowMod:CycloneSlash","HollowMod:GreatSlash","HollowMod:SharpenedNail"],"picked":"HollowMod:TaintedHusks","floor":13}],"player_experience":560805,"relics_obtained":[{"floor":6,"key":"Question Card"},{"floor":9,"key":"Matryoshka"},{"floor":13,"key":"Strawberry"}],"event_choices":[{"damage_healed":0,"gold_gain":0,"player_choice":"Donut","damage_taken":0,"max_hp_gain":5,"max_hp_loss":0,"event_name":"Big Fish","floor":3,"gold_loss":0},{"damage_healed":0,"gold_gain":0,"player_choice":"Relic ","damage_taken":3,"max_hp_gain":0,"max_hp_loss":0,"event_name":"betterThird:BetterScrap","floor":11,"gold_loss":0,"cards_obtained":["Searing Blow"]},{"damage_healed":20,"gold_gain":0,"player_choice":"Healed","damage_taken":0,"max_hp_gain":0,"max_hp_loss":0,"event_name":"The Cleric","floor":12,"gold_loss":35}],"is_beta":false,"boss_relics":[],"items_purged_floors":[7,7,7,7,7,7,7,7],"is_endless":false,"potions_floor_spawned":[2,4,5,13],"killed_by":"The Guardian","ascension_level":5}}