{"host":"agbyy69nq62afhwx","time":1611397547,"event":{"mods":["BaseMod","Colored Map","DeckTracker","Highlight Path","Keyboard Shortcuts","Minty Spire (QoL Compilation)","Quick Restart","StSLib","SuperFastMode","everything is the same but u backflip on backflip"],"gold_per_floor":[416,426,426,125,154,154,154,154,154,183,183,257,280,334,343,450,450,450,450,450,375,167,167,167,167,167,167,167,167,167,167,167,167,167,167,167,167,167,167,167,87,87,87,87,87,87,87,87,87,87],"floor_reached":51,"language":"KOR","playtime":2006,"items_purged":["Strike_B","Decay"],"score":1222,"play_id":"9099e15e-5a5e-4276-89ac-594ef9cee053","local_time":"20210123192547","is_ascension_mode":true,"campfire_choices":[{"data":"Zap","floor":6.0,"key":"SMITH"},{"data":"Undo","floor":8.0,"key":"SMITH"},{"data":"Dualcast","floor":11.0,"key":"SMITH"},{"floor":15.0,"key":"REST"},{"floor":23.0,"key":"REST"},{"floor":30.0,"key":"REST"},{"floor":32.0,"key":"REST"},{"data":"Body Slam","floor":40.0,"key":"SMITH"},{"floor":42.0,"key":"REST"},{"data":"Apotheosis","floor":44.0,"key":"SMITH"},{"data":"Noxious Fumes","floor":49,"key":"SMITH"}],"circlet_count":0,"master_deck":["AscendersBane","Strike_B","Strike_B","Defend_B","Defend_B","Defend_B","Defend_B","Zap+1","Dualcast+1","Undo+1","Chill","FollowUp","Clash","Noxious Fumes+1","Body Slam+1","Storm of Steel","Deadly Poison","Apotheosis+1","Finesse","Hemokinesis","Dark Embrace","Ghostly","Ghostly","Ghostly","Ghostly","Ghostly","Protect","Power Through","Impervious","CurseOfTheBell","Well Laid Plans+1"],"relics":["Cracked Core","Old Coin","The Courier","PrismaticShard","CeramicFish","Bloody Idol","Lantern","Dream Catcher","Ectoplasm","Pantograph","Matryoshka","Ginger","Blue Candle","Calling Bell","PreservedInsect","Kunai","FossilizedHelix","Eternal Feather","Thread and Needle","Centennial Puzzle"],"acts_visited":["Exordium","TheCity","TheBeyond"],"potions_floor_usage":[],"damage_taken":[{"damage":1.0,"enemies":"Cultist","floor":1.0,"turns":3.0},{"damage":7.0,"enemies":"Small Slimes","floor":2.0,"turns":3.0},{"damage":0.0,"enemies":"2 Louse","floor":5.0,"turns":4.0},{"damage":2.0,"enemies":"Large Slime","floor":10.0,"turns":6.0},{"damage":17.0,"enemies":"Gremlin Nob","floor":12.0,"turns":4.0},{"damage":7.0,"enemies":"2 Fungi Beasts","floor":13.0,"turns":3.0},{"damage":24.0,"enemies":"Hexaghost","floor":16.0,"turns":11.0},{"damage":14.0,"enemies":"3 Byrds","floor":18.0,"turns":7.0},{"damage":20.0,"enemies":"Spheric Guardian","floor":20.0,"turns":4.0},{"damage":34.0,"enemies":"Book of Stabbing","floor":24.0,"turns":6.0},{"damage":0.0,"enemies":"Colosseum Slavers","floor":27.0,"turns":5.0},{"damage":0.0,"enemies":"Colosseum Nobs","floor":27.0,"turns":6.0},{"damage":0.0,"enemies":"Chosen and Byrds","floor":28.0,"turns":6.0},{"damage":0.0,"enemies":"Snake Plant","floor":31.0,"turns":6.0},{"damage":11.0,"enemies":"Collector","floor":33.0,"turns":9.0},{"damage":3.0,"enemies":"3 Darklings","floor":35.0,"turns":7.0},{"damage":0.0,"enemies":"3 Shapes","floor":36.0,"turns":7.0},{"damage":0.0,"enemies":"Maw","floor":38.0,"turns":8.0},{"damage":23.0,"enemies":"Sphere and 2 Shapes","floor":39.0,"turns":9.0},{"damage":0.0,"enemies":"Spire Growth","floor":45.0,"turns":7.0},{"damage":0.0,"enemies":"Transient","floor":46.0,"turns":5.0},{"damage":0.0,"enemies":"Reptomancer","floor":48.0,"turns":4.0},{"damage":26,"enemies":"Awakened One","floor":50,"turns":19}],"seed_played":"-6116981350571814514","potions_obtained":[{"floor":10.0,"key":"AttackPotion"},{"floor":13.0,"key":"ColorlessPotion"},{"floor":18.0,"key":"EssenceOfSteel"},{"floor":28.0,"key":"GamblersBrew"},{"floor":36.0,"key":"Fruit Juice"},{"floor":46.0,"key":"BlessingOfTheForge"}],"is_trial":false,"path_per_floor":["M","M","?","$","M","R","?","R","T","M","R","?","M","?","R","B",null,"M","?","M","?","$","R","E","?","T","?","M","?","R","M","R","B",null,"M","M","?","M","M","R","$","R","T","R","M","M","$","E","R","B",null],"character_chosen":"DEFECT","items_purchased":["PrismaticShard","CeramicFish","Apotheosis","Finesse"],"campfire_rested":5,"item_purchase_floors":[4,4,22,22],"current_hp_per_floor":[45,38,35,35,35,35,35,35,35,33,33,16,9,9,28,4,51,37,37,17,17,17,36,2,2,2,2,2,2,11,11,20,22,30,27,32,32,32,9,9,9,20,20,38,38,38,38,38,38,12],"gold":87,"neow_bonus":"ONE_RARE_RELIC","is_daily":false,"chose_seed":false,"campfire_upgraded":6,"win_rate":0.0,"timestamp":1611397547,"path_taken":["M","M","?","$","M","R","?","R","T","M","R","?","M","?","R","BOSS","M","?","M","?","$","R","E","?","T","?","M","?","R","?","R","BOSS","M","M","?","?","M","R","?","R","T","R","M","?","?","E","R","BOSS"],"items_purchased_type":["Relic","Relic","Card","Card"],"build_version":"2020-12-22","purchased_purges":2,"victory":true,"max_hp_per_floor":[71,71,71,71,71,71,66,66,66,66,66,66,66,66,66,66,66,66,66,66,66,66,66,66,33,33,33,33,33,33,33,33,33,33,33,38,38,38,38,38,38,38,38,38,38,38,38,38,38,38],"card_choices":[{"not_picked":["Stack","Streamline"],"picked":"Undo","floor":1.0},{"not_picked":["Scrape","Rebound"],"picked":"Chill","floor":2.0},{"not_picked":["Shockwave","Vengeance"],"picked":"FollowUp","floor":5.0},{"not_picked":["Leap","Flex"],"picked":"Clash","floor":10.0},{"not_picked":["Heavy Blade","PathToVictory"],"picked":"Noxious Fumes","floor":13.0},{"not_picked":["Shrug It Off","PanicButton"],"picked":"Body Slam","floor":15.0},{"not_picked":["Limit Break","Ragnarok"],"picked":"Storm of Steel","floor":16.0},{"not_picked":["Defragment","Blind"],"picked":"Deadly Poison","floor":18.0},{"not_picked":["Underhanded Strike","Wallop","Sword Boomerang"],"picked":"SKIP","floor":20.0},{"not_picked":["Impatience","Crescendo+1"],"picked":"Hemokinesis","floor":23.0},{"not_picked":["Deep Breath+1","Headbutt"],"picked":"Dark Embrace","floor":24.0},{"not_picked":["Bloodletting","Sweeping Beam","CutThroughFate"],"picked":"SKIP","floor":28.0},{"not_picked":["Sunder","Acrobatics"],"picked":"Protect","floor":30.0},{"not_picked":["Recycle","Backstab"],"picked":"Power Through","floor":31.0},{"not_picked":["Metamorphosis","Night Terror"],"picked":"Impervious","floor":33.0},{"not_picked":["Skewer+1","FlyingSleeves","Sweeping Beam"],"picked":"SKIP","floor":35.0},{"not_picked":["WheelKick","Prepared"],"picked":"Well Laid Plans+1","floor":36.0},{"not_picked":["Discovery","Protect+1","Acrobatics"],"picked":"SKIP","floor":38.0},{"not_picked":["Dodge and Roll","Metamorphosis","Poisoned Stab"],"picked":"SKIP","floor":39.0},{"not_picked":["JustLucky","Adaptation","Power Through"],"picked":"SKIP","floor":45.0},{"not_picked":["Steam+1","FollowUp","Consume+1"],"picked":"SKIP","floor":46.0},{"not_picked":["Fasting2","Combust","Beam Cell"],"picked":"SKIP","floor":48.0}],"player_experience":443526,"relics_obtained":[{"floor":9.0,"key":"Lantern"},{"floor":12.0,"key":"Dream Catcher"},{"floor":24.0,"key":"Pantograph"},{"floor":26.0,"key":"Matryoshka"},{"floor":27.0,"key":"Ginger"},{"floor":27.0,"key":"Blue Candle"},{"floor":34.0,"key":"PreservedInsect"},{"floor":34.0,"key":"Kunai"},{"floor":34.0,"key":"FossilizedHelix"},{"floor":43.0,"key":"Eternal Feather"},{"floor":43.0,"key":"Thread and Needle"},{"floor":48.0,"key":"Centennial Puzzle"}],"event_choices":[{"damage_healed":0.0,"max_hp_gain":0.0,"max_hp_loss":0.0,"gold_gain":0.0,"event_name":"Scrap Ooze","player_choice":"Success","floor":3.0,"gold_loss":0.0,"damage_taken":3.0,"relics_obtained":["The Courier"]},{"damage_healed":0.0,"max_hp_gain":0.0,"max_hp_loss":5.0,"gold_gain":0.0,"event_name":"Golden Idol","player_choice":"Lose Max HP","floor":7.0,"gold_loss":0.0,"damage_taken":0.0,"relics_obtained":["Golden Idol"]},{"damage_healed":0.0,"max_hp_gain":0.0,"max_hp_loss":0.0,"gold_gain":0.0,"event_name":"Dead Adventurer","player_choice":"Searched \u00271\u0027 times","floor":12.0,"gold_loss":0.0,"damage_taken":0.0},{"damage_healed":0.0,"max_hp_gain":0.0,"max_hp_loss":0.0,"gold_gain":54.0,"event_name":"Golden Wing","player_choice":"Gained Gold","floor":14.0,"gold_loss":0.0,"damage_taken":0.0},{"damage_healed":0.0,"max_hp_gain":0.0,"max_hp_loss":0.0,"gold_gain":0.0,"event_name":"Forgotten Altar","player_choice":"Gave Idol","floor":19.0,"relics_lost":["Golden Idol"],"gold_loss":0.0,"damage_taken":0.0,"relics_obtained":["Bloody Idol"]},{"cards_removed":["Strike_B"],"damage_healed":0.0,"max_hp_gain":0.0,"max_hp_loss":0.0,"gold_gain":0.0,"event_name":"Beggar","player_choice":"Gave Gold","floor":21.0,"gold_loss":75.0,"damage_taken":0.0},{"damage_healed":0.0,"max_hp_gain":0.0,"max_hp_loss":33.0,"gold_gain":0.0,"event_name":"Ghosts","player_choice":"Became a Ghost","floor":25.0,"gold_loss":0.0,"damage_taken":0.0,"cards_obtained":["Ghostly","Ghostly","Ghostly","Ghostly","Ghostly"]},{"damage_healed":0.0,"max_hp_gain":0.0,"max_hp_loss":0.0,"gold_gain":0.0,"event_name":"Colosseum","player_choice":"Fight","floor":27.0,"gold_loss":0.0,"damage_taken":0.0},{"damage_healed":0.0,"max_hp_gain":0.0,"max_hp_loss":0.0,"gold_gain":0.0,"event_name":"Colosseum","player_choice":"Fled From Nobs","floor":27.0,"gold_loss":0.0,"damage_taken":0.0},{"damage_healed":0.0,"max_hp_gain":0.0,"max_hp_loss":0.0,"gold_gain":0.0,"event_name":"Colosseum","player_choice":"Fought Nobs","floor":27.0,"gold_loss":0.0,"damage_taken":0.0},{"damage_healed":0.0,"max_hp_gain":0.0,"max_hp_loss":0.0,"gold_gain":0.0,"event_name":"Cursed Tome","player_choice":"Ignored","floor":29.0,"gold_loss":0.0,"damage_taken":0.0},{"damage_healed":0.0,"max_hp_gain":0.0,"max_hp_loss":0.0,"gold_gain":0.0,"event_name":"Wheel of Change","player_choice":"Cursed","floor":37.0,"gold_loss":0.0,"damage_taken":0.0,"cards_obtained":["Decay"]}],"is_beta":false,"boss_relics":[{"not_picked":["FrozenCore","Empty Cage"],"picked":"Ectoplasm"},{"not_picked":["Pandora\u0027s Box","Black Star"],"picked":"Calling Bell"}],"items_purged_floors":[4,41],"is_endless":false,"potions_floor_spawned":[10,13,18,27,28,36,46,48],"ascension_level":14}}