{"host":"684z1xpuwaoqmmh1","time":1611392423,"event":{"mods":["BaseMod","Downfall","Hermit","Jorbs\u0027s Wanderer Trilogy","Marisa????????","Minty Spire (QoL Compilation)","Robot Space Explorer","Shade Mod","StSLib","The Bug Knight","The Cursed","The Dragon Tamer","The Hayseed","The Hierophant","The Marked","The Mystic","The Runesmith","The Senshi"],"gold_per_floor":[99,99,116,116,135,35,83,110,71,71,106,125,138,6,21,21,21,21],"floor_reached":16,"language":"ENG","playtime":579,"items_purged":[],"score":142,"play_id":"5cd7ca69-5e64-44b6-a726-5ca049008b23","local_time":"20210123110023","is_ascension_mode":true,"campfire_choices":[{"floor":1,"key":"RECALL"},{"floor":6,"key":"REST"}],"circlet_count":0,"master_deck":["bronze:Strike","bronze:Strike","bronze:Strike","bronze:Defend","bronze:Defend","bronze:Defend","bronze:Defend","bronze:Replicate","bronze:Goto+1","bronze:Philosophize","bronze:WhirlingStrike","bronze:CutThrough","bronze:Optimize","bronze:Terminator","bronze:DelayedSlice","bronze:Hardcode","bronze:Iterate","bronze:Constructor","bronze:Frontload","bronze:HyperBeam","bronze:Format"],"relics":["bronze:BronzeCore","downfall:ShatteredFragment","downfall:HeartBlessingRed","Ancient Tea Set","bronze:ProtectiveGoggles","Blue Candle","Eternal Feather"],"acts_visited":["Exordium"],"potions_floor_usage":[8,11,15,16],"damage_taken":[{"damage":6,"enemies":"2 Louse","floor":3,"turns":2},{"damage":11,"enemies":"Jaw Worm","floor":5,"turns":2},{"damage":4,"enemies":"3 Sentries","floor":8,"turns":3},{"damage":11,"enemies":"downfall:FleeingMerchant","floor":9,"turns":4},{"damage":0,"enemies":"Gremlin Nob","floor":11,"turns":1},{"damage":5,"enemies":"Small Slimes","floor":12,"turns":2},{"damage":13,"enemies":"Gremlin Gang","floor":13,"turns":3},{"damage":10,"enemies":"downfall:FleeingMerchant","floor":14,"turns":4},{"damage":0,"enemies":"2 Fungi Beasts","floor":15,"turns":1},{"damage":6,"enemies":"WA_ARCHETYPE_RETAIN","floor":16,"turns":4}],"seed_played":"6851495676642805642","potions_obtained":[{"floor":3,"key":"ColorlessPotion"},{"floor":8,"key":"AttackPotion"},{"floor":12,"key":"champ:CounterPotion"},{"floor":13,"key":"LiquidBronze"}],"is_trial":false,"path_per_floor":["R","?","M","?","M","R","T","E","$","?","E","M","M","$","M","B"],"character_chosen":"THE_AUTOMATON","items_purchased":["bronze:DelayedSlice","bronze:HyperBeam","Fire Potion"],"campfire_rested":1,"item_purchase_floors":[9,14,14],"current_hp_per_floor":[70,70,64,43,32,53,53,49,38,33,33,28,15,5,5,0,0,0],"gold":21,"neow_bonus":"UPGRADE_CARD","is_daily":false,"chose_seed":false,"campfire_upgraded":0,"win_rate":0.0,"timestamp":1611392423,"path_taken":["R","?","M","?","M","R","T","E","$","?","E","M","M","?","M","BOSS"],"items_purchased_type":["Card","Card","Potion"],"build_version":"2020-12-22","purchased_purges":0,"victory":false,"max_hp_per_floor":[70,70,70,70,70,70,70,70,70,70,70,70,70,70,70,70,70,70],"card_choices":[{"not_picked":["bronze:Overheat","bronze:Deprecate"],"picked":"bronze:WhirlingStrike","floor":3},{"not_picked":["bronze:Deprecate","bronze:BitShift"],"picked":"bronze:CutThrough","floor":5},{"not_picked":["bronze:Deprecate","bronze:DelayedGuard"],"picked":"bronze:Optimize","floor":8},{"not_picked":["bronze:DelayedGuard","bronze:WhirlingStrike"],"picked":"bronze:Terminator","floor":9},{"not_picked":["bronze:Return","bronze:BugBarrage"],"picked":"bronze:Hardcode","floor":11},{"not_picked":["bronze:NullPointer","bronze:Overheat"],"picked":"bronze:Iterate","floor":12},{"not_picked":["bronze:Iterate","bronze:ChosenStrike"],"picked":"bronze:Constructor","floor":13},{"not_picked":["bronze:ForLoop","bronze:BitShift"],"picked":"bronze:Frontload","floor":14},{"not_picked":["bronze:GetLatest","bronze:Fortify"],"picked":"bronze:Format","floor":15}],"player_experience":2915957,"relics_obtained":[{"floor":7,"key":"Ancient Tea Set"},{"floor":8,"key":"bronze:ProtectiveGoggles"},{"floor":11,"key":"Eternal Feather"}],"event_choices":[],"is_beta":false,"boss_relics":[],"items_purged_floors":[],"is_endless":false,"potions_floor_spawned":[3,8,12,13],"killed_by":"WA_ARCHETYPE_RETAIN","ascension_level":1}}