{"host":"sian7qp8a9pc9xwd","time":1611413835,"event":{"mods":["BaseMod","Minty Spire (QoL Compilation)","StSLib","SuperFastMode"],"gold_per_floor":[111,131,48,48,61,61,77,77,77,77,7,7,7,18,18,113,113,128,146,60,60,76,76,107,118,118,152,152,152,165,44,44,145,145,159,159,210,234,256,268,9,9,9,43,55,71,71,71],"floor_reached":47,"language":"ENG","playtime":1641,"items_purged":["Sever Soul+1","Spot Weakness+1"],"score":828,"play_id":"9facbb1d-0e61-402f-87d1-ee21a5a596bf","local_time":"20210123095715","is_ascension_mode":true,"campfire_choices":[{"data":"Fire Breathing","floor":6,"key":"SMITH"},{"data":"Deep Breath","floor":8,"key":"SMITH"},{"data":"Warcry","floor":12,"key":"SMITH"},{"data":"Fire Breathing","floor":15,"key":"SMITH"},{"floor":23,"key":"REST"},{"data":"Warcry","floor":29,"key":"SMITH"},{"data":"Offering","floor":32,"key":"SMITH"},{"data":"Offering","floor":40,"key":"SMITH"},{"data":"Fire Breathing","floor":42,"key":"SMITH"}],"circlet_count":0,"master_deck":["AscendersBane","Strike_R+1","Defend_R+1","Defend_R+1","Defend_R+1","Defend_R+1","Bash","Injury","Warcry+1","Deep Breath+1","Fire Breathing+1","Battle Trance","Fire Breathing+1","Offering+1","Fire Breathing+1","Shrug It Off","Discovery","Warcry","Offering+1","Warcry+1","Headbutt","Warcry","Searing Blow+1","Entrench+1","Thinking Ahead","Warcry"],"relics":["Burning Blood","Incense Burner","White Beast Statue","StoneCalendar","Sozu","Centennial Puzzle","Lantern","Eternal Feather","Astrolabe","MawBank","Ornamental Fan"],"acts_visited":["Exordium","TheCity","TheBeyond"],"potions_floor_usage":[19,33,33],"damage_taken":[{"damage":1,"enemies":"2 Louse","floor":1,"turns":4},{"damage":0,"enemies":"Small Slimes","floor":2,"turns":4},{"damage":1,"enemies":"Cultist","floor":5,"turns":3},{"damage":4,"enemies":"Blue Slaver","floor":7,"turns":3},{"damage":0,"enemies":"Exordium Thugs","floor":14,"turns":2},{"damage":58,"enemies":"The Guardian","floor":16,"turns":8},{"damage":27,"enemies":"Shell Parasite","floor":18,"turns":3},{"damage":14,"enemies":"3 Byrds","floor":19,"turns":3},{"damage":14,"enemies":"Shelled Parasite and Fungi","floor":22,"turns":4},{"damage":11,"enemies":"Slavers","floor":24,"turns":3},{"damage":12,"enemies":"Snake Plant","floor":25,"turns":2},{"damage":6,"enemies":"Gremlin Leader","floor":27,"turns":4},{"damage":6,"enemies":"Snecko","floor":30,"turns":4},{"damage":33,"enemies":"Collector","floor":33,"turns":5},{"damage":3,"enemies":"3 Darklings","floor":35,"turns":3},{"damage":18,"enemies":"Orb Walker","floor":38,"turns":4},{"damage":1,"enemies":"4 Shapes","floor":39,"turns":3},{"damage":7,"enemies":"Reptomancer","floor":44,"turns":3},{"damage":34,"enemies":"Maw","floor":45,"turns":5},{"damage":7,"enemies":"Transient","floor":46,"turns":5},{"damage":52,"enemies":"Giant Head","floor":47,"turns":6}],"seed_played":"4406278806645581577","potions_obtained":[{"floor":5,"key":"SkillPotion"},{"floor":7,"key":"ColorlessPotion"},{"floor":14,"key":"Strength Potion"},{"floor":16,"key":"ColorlessPotion"}],"is_trial":false,"path_per_floor":["M","M","$","?","M","R","M","R","T","?","$","R","?","M","R","B",null,"M","M","$","?","M","R","E","M","T","E","?","R","M","$","R","B",null,"M","?","T","M","M","R","$","R","T","E","M","M","E"],"character_chosen":"IRONCLAD","items_purchased":["Deep Breath","Battle Trance","Discovery","Warcry","Thinking Ahead"],"campfire_rested":1,"item_purchase_floors":[3,11,20,31,41],"current_hp_per_floor":[77,80,80,64,69,69,71,71,71,68,68,68,61,67,67,15,64,43,35,35,35,27,51,46,40,40,40,40,52,52,52,67,40,70,73,73,73,61,66,80,80,80,80,79,51,50,0,0],"gold":71,"neow_bonus":"ONE_RARE_RELIC","is_daily":false,"chose_seed":false,"campfire_upgraded":8,"win_rate":0.0,"timestamp":1611413835,"path_taken":["M","M","$","?","M","R","M","R","T","?","$","R","?","M","R","BOSS","M","M","$","?","M","R","E","M","T","E","?","R","?","$","R","BOSS","M","?","?","M","M","R","$","R","T","E","M","M","E"],"items_purchased_type":["Card","Card","Card","Card","Card"],"build_version":"2020-12-22","purchased_purges":2,"victory":false,"max_hp_per_floor":[80,80,80,80,80,80,80,80,80,80,80,80,80,80,80,80,80,80,80,80,80,80,80,80,80,80,80,80,80,80,80,80,80,80,80,80,80,80,80,80,80,80,80,80,80,80,80,80],"card_choices":[{"not_picked":["Second Wind","Havoc"],"picked":"Warcry","floor":1},{"not_picked":["Thunderclap","Feel No Pain"],"picked":"Sever Soul","floor":2},{"not_picked":["Intimidate","Iron Wave"],"picked":"Fire Breathing","floor":5},{"not_picked":["Clash","Pommel Strike","True Grit"],"picked":"SKIP","floor":7},{"not_picked":["Clothesline","Dark Embrace"],"picked":"Fire Breathing","floor":14},{"not_picked":["Double Tap","Reaper"],"picked":"Offering","floor":16},{"not_picked":["Ghostly Armor","Cleave+1"],"picked":"Fire Breathing","floor":18},{"not_picked":["True Grit+1","Carnage+1"],"picked":"Shrug It Off","floor":19},{"not_picked":["Shrug It Off+1","Body Slam"],"picked":"Warcry","floor":22},{"not_picked":["Entrench","Body Slam+1"],"picked":"Offering","floor":24},{"not_picked":["Bloodletting+1","Perfected Strike+1","Pommel Strike"],"picked":"SKIP","floor":25},{"not_picked":["Double Tap","Armaments+1"],"picked":"Warcry","floor":27},{"not_picked":["Intimidate","Heavy Blade+1"],"picked":"Headbutt","floor":30},{"not_picked":["Combust+1","Cleave","Dropkick"],"picked":"SKIP","floor":35},{"not_picked":["Sentinel","Combust","Whirlwind+1"],"picked":"SKIP","floor":38},{"not_picked":["Battle Trance+1","Flex+1","Heavy Blade+1"],"picked":"SKIP","floor":39},{"not_picked":["Whirlwind+1","Flex+1","Thunderclap"],"picked":"SKIP","floor":44},{"not_picked":["Headbutt","Thunderclap"],"picked":"Warcry","floor":45},{"not_picked":["Thunderclap+1","Clash","Bloodletting"],"picked":"SKIP","floor":46}],"player_experience":763961,"relics_obtained":[{"floor":9,"key":"White Beast Statue"},{"floor":24,"key":"Centennial Puzzle"},{"floor":26,"key":"Lantern"},{"floor":27,"key":"Eternal Feather"},{"floor":37,"key":"MawBank"},{"floor":43,"key":"Ornamental Fan"}],"event_choices":[{"damage_healed":0,"gold_gain":0,"player_choice":"Entered Light","damage_taken":16,"max_hp_gain":0,"max_hp_loss":0,"event_name":"Shining Light","floor":4,"gold_loss":0,"cards_upgraded":["Strike_R","Sever Soul"]},{"damage_healed":0,"gold_gain":0,"player_choice":"Success","damage_taken":3,"relics_obtained":["StoneCalendar"],"max_hp_gain":0,"max_hp_loss":0,"event_name":"Scrap Ooze","floor":10,"gold_loss":0},{"cards_removed":["Strike_R"],"damage_healed":0,"gold_gain":0,"player_choice":"Card Removal","damage_taken":7,"max_hp_gain":0,"max_hp_loss":0,"event_name":"Golden Wing","floor":13,"gold_loss":0},{"damage_healed":0,"gold_gain":0,"player_choice":"Simplicity","damage_taken":0,"max_hp_gain":0,"max_hp_loss":0,"event_name":"Back to Basics","floor":21,"gold_loss":0,"cards_upgraded":["Strike_R","Strike_R","Strike_R","Defend_R","Defend_R","Defend_R","Defend_R"]},{"damage_healed":0,"gold_gain":0,"player_choice":"Ignored","damage_taken":0,"max_hp_gain":0,"max_hp_loss":0,"event_name":"WeMeetAgain","floor":28,"gold_loss":0},{"damage_healed":0,"gold_gain":0,"player_choice":"Ignored","damage_taken":0,"max_hp_gain":0,"max_hp_loss":0,"event_name":"Tomb of Lord Red Mask","floor":36,"gold_loss":0}],"is_beta":false,"boss_relics":[{"not_picked":["Velvet Choker","Runic Dome"],"picked":"Sozu"},{"not_picked":["Busted Crown","Runic Pyramid"],"picked":"Astrolabe"}],"items_purged_floors":[31,41],"is_endless":false,"potions_floor_spawned":[5,7,14,16,18,19,22,24,25,27,30,33,35,38,39,44,45,46],"killed_by":"Giant Head","ascension_level":10}}