{"host":"sboty77psj7t2cnn","time":1611390200,"event":{"mods":["Aspiration","BaseMod","Beaked The Cultist","Better Match","Better Vampires","ChefMod","Colored Map","Conspire","Dio Mod","Downfall","Hubris","Infinite Spire","Jorbs\u0027s Wanderer Trilogy","Minty Spire (QoL Compilation)","StSLib","The Witch"],"gold_per_floor":[99,114,124,134,151,151,151,184,204,54,74,74,74,59,71,173,173,73,73,88,88,88,101,125,75,75,75,75],"floor_reached":26,"language":"SPA","playtime":1372,"items_purged":["hexamod:RecurringNightmare"],"score":208,"play_id":"5c9b8d8e-605c-44e3-bd72-1b1ea45d27d1","local_time":"20210123022320","is_ascension_mode":false,"campfire_choices":[{"data":"hexamod:Sear","floor":1,"key":"SMITH"},{"floor":13,"key":"RECALL"},{"data":"hexamod:RainOfEmbers","floor":18,"key":"SMITH"}],"circlet_count":0,"master_deck":["hexamod:Strike+1","hexamod:Strike+1","hexamod:Strike+1","hexamod:Defend+1","hexamod:Defend+1","hexamod:Defend+1","hexamod:Defend+1","hexamod:Sear+1","hexamod:Float","hexamod:FastForward","hexamod:RainOfEmbers+1","hexamod:FastForward","hexamod:Hexaguard","hexamod:WildfireWeapon","CurseOfTheBell","hexamod:BurningTouch","downfall:Bewildered"],"relics":["DataDisk","WristBlade","Burning Blood","hexamod:CandleOfCauterizing","champ:DeflectingBracers","chefmod:Spatula","Torii","TheAbacus","OrangePellets","hubris:MysteriousPyramids","infinitespire:Chaos","sneckomod:BabySnecko"],"acts_visited":["Exordium","TheCity"],"potions_floor_usage":[8,23,26,26],"damage_taken":[{"damage":0,"enemies":"2 Louse","floor":2,"turns":3},{"damage":4,"enemies":"Small Slimes","floor":3,"turns":4},{"damage":0,"enemies":"Cultist","floor":4,"turns":3},{"damage":22,"enemies":"Exordium Wildlife","floor":5,"turns":5},{"damage":28,"enemies":"Gremlin Nob","floor":8,"turns":4},{"damage":10,"enemies":"Exordium Thugs","floor":9,"turns":3},{"damage":0,"enemies":"3 Louse","floor":11,"turns":2},{"damage":0,"enemies":"downfall:FleeingMerchant","floor":14,"turns":4},{"damage":1,"enemies":"Exordium Wildlife","floor":15,"turns":3},{"damage":26,"enemies":"SI_SHIV_ARCHETYPE","floor":16,"turns":6},{"damage":0,"enemies":"Shell Parasite","floor":20,"turns":3},{"damage":25,"enemies":"3 Byrds","floor":23,"turns":5},{"damage":76,"enemies":"Gremlin Leader","floor":26,"turns":6}],"seed_played":"-8897415992936295070","potions_obtained":[{"floor":5,"key":"Swift Potion"},{"floor":8,"key":"Strength Potion"},{"floor":15,"key":"Regen Potion"},{"floor":23,"key":"ColorlessPotion"}],"is_trial":false,"path_per_floor":["R","M","M","M","M","?","T","E","M","?","M","?","R","$","M","B",null,"R","?","M","AVR","?","M","T","?","E"],"character_chosen":"THE_SPIRIT","items_purchased":[],"campfire_rested":0,"item_purchase_floors":[],"current_hp_per_floor":[70,70,66,66,44,65,65,37,39,80,80,80,80,80,79,53,80,80,80,80,80,80,75,75,80,4,4,4],"gold":75,"neow_bonus":"RANDOM_COMMON_RELIC","is_daily":false,"chose_seed":false,"campfire_upgraded":2,"win_rate":0.0,"timestamp":1611390200,"path_taken":["R","M","M","M","M","?","T","E","M","?","?","?","R","?","M","BOSS","R","?","M","AVR","?","M","T","?","E"],"items_purchased_type":[],"build_version":"2020-12-22","purchased_purges":1,"victory":false,"max_hp_per_floor":[70,70,70,70,70,70,70,70,70,80,80,80,80,80,80,80,80,80,80,80,80,80,80,80,80,80,80,80],"card_choices":[{"not_picked":["hexamod:Haunt","hexamod:SpectersWail"],"picked":"hexamod:FastForward","floor":2},{"not_picked":["hexamod:SwordOfDarkness","hexamod:GhostShield","hexamod:ThermalTransfer"],"picked":"SKIP","floor":3},{"not_picked":["hexamod:BurningTouch","hexamod:GhostOfSpirePast"],"picked":"hexamod:RainOfEmbers","floor":4},{"not_picked":["hexamod:HauntingEcho","hexamod:ThermalTransfer"],"picked":"hexamod:FastForward","floor":5},{"not_picked":["hexamod:NightmareGuise","hexamod:NightmareStrike"],"picked":"hexamod:Hexaguard","floor":8},{"not_picked":["hexamod:SpectralAdrenaline","hexamod:HeatMetal","hexamod:Haunt"],"picked":"SKIP","floor":9},{"not_picked":["hexamod:Firestarter","hexamod:CatchUp","hexamod:HeatMetal"],"picked":"SKIP","floor":11},{"not_picked":["hexamod:HeatMetal","hexamod:HauntingEcho"],"picked":"hexamod:RecurringNightmare","floor":14},{"not_picked":["hexamod:SwordOfDarkness","hexamod:ThermalTransfer","hexamod:InspiringFlames"],"picked":"SKIP","floor":15},{"not_picked":["hexamod:TimeWarp","hexamod:GhostflameInferno"],"picked":"hexamod:WildfireWeapon","floor":16},{"not_picked":["hexamod:HauntingEcho","hexamod:AdvancingGuard+1"],"picked":"hexamod:BurningTouch","floor":20},{"not_picked":["hexamod:SwordOfDarkness","hexamod:SkipABeat","hexamod:GhostflameBarrier"],"picked":"SKIP","floor":23}],"player_experience":381803,"relics_obtained":[{"floor":7,"key":"Meat on the Bone"},{"floor":8,"key":"Bronze Scales"},{"floor":17,"key":"hubris:GlazedTorus"},{"floor":17,"key":"infinitespire:Bottled Soul"},{"floor":17,"key":"aspiration:HiddenCompartment"}],"event_choices":[{"cards_removed":["hexamod:Strike"],"damage_healed":0,"gold_gain":0,"player_choice":"Card Removal","damage_taken":0,"max_hp_gain":0,"max_hp_loss":0,"event_name":"The Cleric","floor":12,"gold_loss":0}],"is_beta":false,"boss_relics":[{"not_picked":["aspiration:RitualDagger","SlaversCollar"],"picked":"Calling Bell"}],"items_purged_floors":[21],"is_endless":false,"potions_floor_spawned":[4,5,8,15,16,23],"killed_by":"Gremlin Leader","ascension_level":0}}