{"host":"ibckqdmmf9y74ymf","time":1611403989,"event":{"mods":["2.2 Compatiblity","BaseMod","Colored Map","Curses Come First","Highlight Path","Minty Spire (QoL Compilation)","Quick Restart","Rare Cards Sparkle","Relic Stats","StSLib"],"gold_per_floor":[114,39,39,39,56,56,81,81,81,91,121,132,147,177,177,251,251,268,282,282,282],"floor_reached":20,"language":"ENG","playtime":651,"items_purged":[],"score":518,"play_id":"0b005584-8302-4d96-ae22-2792af4ccad1","local_time":"20210123131309","is_ascension_mode":true,"campfire_choices":[{"data":"Eruption","floor":6.0,"key":"SMITH"},{"data":"Indignation","floor":8.0,"key":"SMITH"},{"data":"Conclude","floor":15.0,"key":"SMITH"}],"circlet_count":0,"master_deck":["AscendersBane","Strike_P","Strike_P","Strike_P","Defend_P","Defend_P","Defend_P","Eruption+1","Vigilance","Indignation+1","Swivel","Halt","Conclude+1","CrushJoints","CutThroughFate","Meditate+1","Blasphemy+1","FlyingSleeves+1"],"relics":["PureWater","Tiny Chest","Happy Flower","TeardropLocket","Eternal Feather","Toxic Egg 2","Coffee Dripper"],"acts_visited":["Exordium","TheCity"],"potions_floor_usage":[],"damage_taken":[{"damage":3.0,"enemies":"Small Slimes","floor":1.0,"turns":3.0},{"damage":2.0,"enemies":"Jaw Worm","floor":5.0,"turns":3.0},{"damage":0.0,"enemies":"2 Louse","floor":10.0,"turns":3.0},{"damage":2.0,"enemies":"Lagavulin","floor":11.0,"turns":6.0},{"damage":13.0,"enemies":"Red Slaver","floor":12.0,"turns":4.0},{"damage":1.0,"enemies":"2 Fungi Beasts","floor":13.0,"turns":3.0},{"damage":0.0,"enemies":"Gremlin Nob","floor":14.0,"turns":2.0},{"damage":0.0,"enemies":"Slime Boss","floor":16.0,"turns":4.0},{"damage":18.0,"enemies":"Shell Parasite","floor":18.0,"turns":4.0},{"damage":0.0,"enemies":"Spheric Guardian","floor":19.0,"turns":2.0},{"damage":37,"enemies":"Chosen and Byrds","floor":20,"turns":5}],"seed_played":"-5125038516006244667","potions_obtained":[{"floor":5.0,"key":"ColorlessPotion"},{"floor":10.0,"key":"FearPotion"},{"floor":14.0,"key":"Dexterity Potion"},{"floor":16.0,"key":"Block Potion"},{"floor":18.0,"key":"CultistPotion"},{"floor":19.0,"key":"PowerPotion"}],"is_trial":false,"path_per_floor":["M","?","?","?","M","R","T","R","T","M","E","M","M","E","R","B",null,"M","M","M"],"character_chosen":"WATCHER","items_purchased":[],"campfire_rested":0,"item_purchase_floors":[],"current_hp_per_floor":[58,58,51,56,54,54,54,54,54,54,52,39,38,38,47,47,67,49,49,12,12],"gold":282,"neow_bonus":"RANDOM_COMMON_RELIC","is_daily":false,"chose_seed":false,"campfire_upgraded":3,"win_rate":0.0,"timestamp":1611403989,"path_taken":["M","?","?","?","M","R","?","R","T","M","E","M","?","E","R","BOSS","M","M","M"],"items_purchased_type":[],"build_version":"2020-12-22","purchased_purges":0,"victory":false,"max_hp_per_floor":[68,68,68,73,73,73,73,73,73,73,73,73,73,73,73,73,73,73,73,73,73],"relic_stats":{"Happy Flower":[11],"counters":[11,39],"Tiny Chest":1,"Eternal Feather":9,"obtain_stats":[{"Happy Flower":7,"Tiny Chest":0,"Eternal Feather":11,"Coffee Dripper":17,"TeardropLocket":9,"PureWater":0,"Toxic Egg 2":14},{"Happy Flower":2,"Tiny Chest":0,"Eternal Feather":4,"Coffee Dripper":8,"TeardropLocket":2,"PureWater":0,"Toxic Egg 2":7},{"Happy Flower":6,"Tiny Chest":0,"Eternal Feather":15,"Coffee Dripper":28,"TeardropLocket":6,"PureWater":0,"Toxic Egg 2":24}]},"card_choices":[{"not_picked":["EmptyBody","EmptyMind"],"picked":"Indignation","floor":1.0},{"not_picked":["Crescendo","PathToVictory"],"picked":"Swivel","floor":5.0},{"not_picked":["Evaluate","JustLucky"],"picked":"Halt","floor":10.0},{"not_picked":["Perseverance","Worship"],"picked":"Conclude","floor":11.0},{"not_picked":["EmptyFist","PathToVictory"],"picked":"CrushJoints","floor":12.0},{"not_picked":["FollowUp","Consecrate"],"picked":"CutThroughFate","floor":13.0},{"not_picked":["Brilliance","Evaluate+1"],"picked":"Meditate+1","floor":14.0},{"not_picked":["Brilliance","Establishment"],"picked":"Blasphemy+1","floor":16.0},{"not_picked":["CutThroughFate","Collect+1"],"picked":"FlyingSleeves+1","floor":18.0},{"not_picked":["FollowUp","Perseverance+1","Crescendo+1"],"picked":"SKIP","floor":19.0}],"player_experience":651849,"relics_obtained":[{"floor":7.0,"key":"Happy Flower"},{"floor":9.0,"key":"TeardropLocket"},{"floor":11.0,"key":"Eternal Feather"},{"floor":14.0,"key":"Toxic Egg 2"}],"event_choices":[{"cards_removed":["Defend_P"],"damage_healed":0.0,"max_hp_gain":0.0,"max_hp_loss":0.0,"gold_gain":0.0,"event_name":"The Cleric","player_choice":"Card Removal","floor":2.0,"gold_loss":75.0,"damage_taken":0.0},{"cards_removed":["Strike_P"],"damage_healed":0.0,"max_hp_gain":0.0,"max_hp_loss":0.0,"gold_gain":0.0,"event_name":"Golden Wing","player_choice":"Card Removal","floor":3.0,"gold_loss":0.0,"damage_taken":7.0},{"damage_healed":0.0,"max_hp_gain":5.0,"max_hp_loss":0.0,"gold_gain":0.0,"event_name":"Big Fish","player_choice":"Donut","floor":4.0,"gold_loss":0.0,"damage_taken":0.0}],"is_beta":false,"boss_relics":[{"not_picked":["Empty Cage","Philosopher\u0027s Stone"],"picked":"Coffee Dripper"}],"items_purged_floors":[],"is_endless":false,"potions_floor_spawned":[5,10,14,16,18,19],"killed_by":"Chosen and Byrds","ascension_level":20}}