{"host":"ueef25wtkg2eer3h","time":1611412196,"event":{"mods":["AchievementEnabler","BaseMod","Colored Map","Colored Powertips","DeckTracker","Displayed Cursed Tome","Googly Eyes","Highlight Path","Minty Spire (QoL Compilation)","Slay the Relics Exporter","StSLib"],"gold_per_floor":[109,129,143,28,39,39,71,71,122,132,145,175,191,205,205,304,304,319,319,338,12,25,25,57,57,57,85,85,112,112,40,40,40,40],"floor_reached":33,"language":"ENG","playtime":2427,"items_purged":["Pain","Strike_B"],"score":507,"play_id":"db60b9d4-52d6-4cd1-928c-79276106396e","local_time":"20210123152956","is_ascension_mode":true,"campfire_choices":[{"data":"Hologram","floor":6,"key":"SMITH"},{"data":"Buffer","floor":8,"key":"SMITH"},{"floor":15,"key":"REST"},{"data":"Storm","floor":23,"key":"SMITH"},{"floor":25,"key":"REST"},{"floor":30,"key":"REST"},{"data":"Fission","floor":32,"key":"SMITH"}],"circlet_count":0,"master_deck":["AscendersBane","Strike_B","Strike_B","Strike_B","Defend_B","Defend_B","Defend_B","Defend_B+1","Zap","Dualcast","Cold Snap","Doom and Gloom","Hologram+1","Force Field","Turbo+1","Buffer+1","Rebound","Go for the Eyes","Ball Lightning","FTL","Hyperbeam","Undo","Beam Cell","Hyperbeam","Storm+1","Fission+1","Decay","Chill","Defragment"],"relics":["Cracked Core","Thread and Needle","Singing Bowl","Bronze Scales","Toy Ornithopter","Nuclear Battery","CultistMask","DollysMirror","Molten Egg 2","Mummified Hand","Ornamental Fan","War Paint"],"acts_visited":["Exordium","TheCity"],"potions_floor_usage":[5,13,14,16,24,27,33],"damage_taken":[{"damage":3,"enemies":"2 Louse","floor":1,"turns":2},{"damage":6,"enemies":"Cultist","floor":2,"turns":4},{"damage":4,"enemies":"Small Slimes","floor":3,"turns":4},{"damage":7,"enemies":"Exordium Thugs","floor":5,"turns":4},{"damage":6,"enemies":"3 Sentries","floor":7,"turns":4},{"damage":8,"enemies":"2 Fungi Beasts","floor":10,"turns":2},{"damage":3,"enemies":"3 Louse","floor":11,"turns":2},{"damage":4,"enemies":"Gremlin Nob","floor":12,"turns":5},{"damage":0,"enemies":"Looter","floor":13,"turns":2},{"damage":10,"enemies":"Red Slaver","floor":14,"turns":2},{"damage":33,"enemies":"Hexaghost","floor":16,"turns":9},{"damage":18,"enemies":"Shell Parasite","floor":18,"turns":3},{"damage":0,"enemies":"Chosen","floor":20,"turns":4},{"damage":1,"enemies":"Centurion and Healer","floor":22,"turns":5},{"damage":18,"enemies":"Gremlin Leader","floor":24,"turns":7},{"damage":14,"enemies":"Book of Stabbing","floor":27,"turns":4},{"damage":23,"enemies":"Slavers","floor":29,"turns":3},{"damage":72,"enemies":"Collector","floor":33,"turns":9}],"seed_played":"4409504542838354137","potions_obtained":[{"floor":2,"key":"Fire Potion"},{"floor":11,"key":"ColorlessPotion"},{"floor":12,"key":"ColorlessPotion"},{"floor":14,"key":"SteroidPotion"},{"floor":18,"key":"Dexterity Potion"},{"floor":24,"key":"ColorlessPotion"},{"floor":29,"key":"Fire Potion"}],"is_trial":false,"path_per_floor":["M","M","M","$","M","R","E","R","T","M","M","E","M","M","R","B",null,"M","?","M","$","M","R","E","R","T","E","?","E","R","$","R","B"],"character_chosen":"DEFECT","items_purchased":["Force Field","DollysMirror","Storm","Defragment"],"campfire_rested":3,"item_purchase_floors":[4,21,21,31],"current_hp_per_floor":[65,59,55,55,48,48,42,42,42,34,31,27,32,29,52,24,64,46,46,46,46,47,47,36,60,60,51,51,28,52,52,52,0,0],"gold":40,"neow_bonus":"ONE_RARE_RELIC","is_daily":false,"chose_seed":false,"campfire_upgraded":4,"win_rate":0.0,"timestamp":1611412196,"path_taken":["M","M","M","$","M","R","E","R","T","M","M","E","M","M","R","BOSS","M","?","M","$","?","R","E","R","T","E","?","E","R","$","R","BOSS"],"items_purchased_type":["Card","Relic","Card","Card"],"build_version":"2020-12-22","purchased_purges":2,"victory":false,"max_hp_per_floor":[75,75,75,75,75,75,75,75,75,75,75,75,75,77,77,77,77,77,77,77,77,79,79,81,81,81,81,81,81,81,81,81,81,81],"card_choices":[{"not_picked":["Tempest","Loop"],"picked":"Cold Snap","floor":1},{"not_picked":["Cold Snap","Go for the Eyes"],"picked":"Doom and Gloom","floor":2},{"not_picked":["Auto Shields","Consume"],"picked":"Hologram","floor":3},{"not_picked":["Hologram","Cold Snap"],"picked":"Turbo","floor":5},{"not_picked":["Hologram","Meteor Strike"],"picked":"Buffer","floor":7},{"not_picked":["Go for the Eyes","Sweeping Beam"],"picked":"Rebound","floor":10},{"not_picked":["Scrape","Hologram"],"picked":"Go for the Eyes","floor":11},{"not_picked":["All For One","Rebound"],"picked":"Ball Lightning","floor":12},{"not_picked":["Cold Snap","Hologram"],"picked":"FTL","floor":13},{"not_picked":["Tempest","Leap","Streamline"],"picked":"Singing Bowl","floor":14},{"not_picked":["Thunder Strike","Multi-Cast"],"picked":"Hyperbeam","floor":16},{"not_picked":["Cold Snap","Steam+1"],"picked":"Undo","floor":18},{"not_picked":["Redo","Ball Lightning"],"picked":"Beam Cell","floor":20},{"not_picked":["Streamline","Hologram","Cold Snap"],"picked":"Singing Bowl","floor":22},{"not_picked":["Hologram","Redo","Stack"],"picked":"Singing Bowl","floor":24},{"not_picked":["Melter+1","Turbo"],"picked":"Fission","floor":27},{"not_picked":["Stack","Cold Snap+1"],"picked":"Chill","floor":29}],"player_experience":286931,"relics_obtained":[{"floor":7,"key":"Singing Bowl"},{"floor":9,"key":"Bronze Scales"},{"floor":12,"key":"Toy Ornithopter"},{"floor":24,"key":"Molten Egg 2"},{"floor":26,"key":"Mummified Hand"},{"floor":27,"key":"Ornamental Fan"},{"floor":29,"key":"War Paint"}],"event_choices":[{"damage_healed":0,"gold_gain":0,"player_choice":"Trade","damage_taken":0,"relics_obtained":["CultistMask"],"max_hp_gain":0,"max_hp_loss":0,"event_name":"FaceTrader","floor":19,"gold_loss":0},{"damage_healed":0,"gold_gain":0,"player_choice":"Cursed","damage_taken":0,"max_hp_gain":0,"max_hp_loss":0,"event_name":"Wheel of Change","floor":28,"gold_loss":0,"cards_obtained":["Decay"]}],"is_beta":false,"boss_relics":[{"not_picked":["SlaversCollar","Fusion Hammer"],"picked":"Nuclear Battery"}],"items_purged_floors":[4,21],"is_endless":false,"potions_floor_spawned":[2,11,12,14,18,24,29],"killed_by":"Collector","ascension_level":12}}