{"host":"6a92uynocv4elkyp","time":1611364690,"event":{"mods":["AchievementEnabler","BaseMod","Hubris","Infinite Spire","Minty Spire (QoL Compilation)","Quick Restart","StSLib"],"gold_per_floor":[156,216,276,276,312,405,492,573,598,700,733,399,474,474,474,705,705,738,663,723,723,762,858,198,294,294,390,390,471,471,567,567,780,780,837,978,305,305,332,425,512,614,640,540,540,630,684,765,765,993,1215,1215,1247,1247,1310,1387,1458,1533,196,249,249,287,360,360,430,469,469,662,662,696,705,705,764,833,923,985,1080,1080,1144,1205,1300,1300,1363,1363,1545,1545,1593,215,266,266,334,382,382,382,382,436,503,536,625,625,625,815,1016,1016,1016,186,278,392],"floor_reached":109,"language":"ENG","playtime":6093,"items_purged":["Tempest","Rebound","Hello World+1","Ball Lightning"],"score":8861,"play_id":"ac042127-b3be-4f5b-9aaf-a2976047bd27","local_time":"20210123021810","daily_mods":["SealedDeck","Heirloom","Flight","DeadlyEvents","Elite Swarm","Midas"],"is_ascension_mode":true,"campfire_choices":[{"floor":15.0,"key":"REST"},{"floor":28.0,"key":"REST"},{"floor":30.0,"key":"REST"},{"floor":32.0,"key":"REST"},{"floor":49.0,"key":"REST"},{"data":"1","floor":67.0,"key":"LIFT"},{"data":"2","floor":84,"key":"LIFT"},{"data":"3","floor":93,"key":"LIFT"},{"floor":101,"key":"REST"},{"floor":105,"key":"REST"}],"circlet_count":0,"master_deck":["AscendersBane","BootSequence+1","Gash","Self Repair","Gash+1","Chill","Gash","Heatsinks","Gash","Creative AI","Machine Learning","Echo Form","Machine Learning","Gash","Capacitor","Scrape","Machine Learning","Electrodynamics","Aggregate+1","Heatsinks","infinitespire:UltimateForm","hubris:InfiniteBlow","Buffer","Loop","Sadistic Nature","Bandage Up","infinitespire:UltimateForm+1","Machine Learning","Thunder Strike","Machine Learning","CurseOfTheBell","Scrape+1","Defragment","infinitespire:Fortify","Echo Form","Creative AI+1","Defragment+1","Buffer+1","infinitespire:UltimateForm+1","Echo Form+1","Creative AI+1","Fission","Creative AI+1","Heatsinks+1","Creative AI+1","Evolve+1","Tempest","Echo Form+1","MasterReality+1","DeusExMachina+1","Wish+1","Echo Form+1","Echo Form+1","Echo Form+1","Gash+1","Self Repair+1","Devotion+1","DeusExMachina+1","Apotheosis+1","Loop+1","Mayhem+1","Panache+1","Self Repair+1","DevaForm+1","Devotion+1"],"relics":["FrozenCore","hubris:CuriousFeather","DataDisk","StoneCalendar","hubris:BottledRain","Thread and Needle","Oddly Smooth Stone","Question Card","Regal Pillow","hubris:OldNail","hubris:Icosahedron","Nuclear Battery","Fusion Hammer","Strange Spoon","Whetstone","infinitespire:FocusingShard","Letter Opener","Gremlin Horn","Meat on the Bone","Tiny Chest","Calling Bell","Happy Flower","Darkstone Periapt","Bird Faced Urn","Turnip","HandDrill","MealTicket","Anchor","hubris:Towel","Potion Belt","Gambling Chip","The Courier","Frozen Egg 2","hubris:SlimyHat","infinitespire:Freezer","hubris:FunFungus","hubris:Backtick","Burning Blood","Akabeko","hubris:RGBLights","PreservedInsect","Symbiotic Virus","Bag of Preparation","Lee\u0027s Waffle","infinitespire:Beetle Shell","War Paint","hubris:TenFootPole","hubris:MedicalManual","Du-Vu Doll","Girya","InkBottle","Smiling Mask","infinitespire:SolderingIron","CeramicFish","hubris:ScarierMask","hubris:DisguiseKit","Pantograph","Toxic Egg 2","hubris:SphereOfDissonance","Emotion Chip","Mummified Hand","infinitespire:EmpoweringShard","Singing Bowl","Prayer Wheel","infinitespire:Eraser","Molten Egg 2","Runic Dome","PrismaticShard","HornCleat","Pen Nib","hubris:CrystalStatue","Art of War","Orichalcum","Lantern","Blue Candle","Matryoshka","hubris:SoftwareUpdate","infinitespire:PuzzleCube","hubris:Potato","hubris:ToyBattleship","Pear","Omamori","Nunchaku","Ginger","Bronze Scales","OrangePellets","hubris:BallOfYels","Shuriken","infinitespire:Lucky Rock","Ancient Tea Set","Lizard Tail"],"acts_visited":["Exordium","TheCity","TheBeyond","Exordium","TheCity","TheBeyond","TheEnding"],"potions_floor_usage":[],"damage_taken":[{"damage":0.0,"enemies":"Cultist","floor":1.0,"turns":2.0},{"damage":0.0,"enemies":"2 Louse","floor":2.0,"turns":2.0},{"damage":0.0,"enemies":"Jaw Worm","floor":3.0,"turns":3.0},{"damage":0.0,"enemies":"Looter","floor":5.0,"turns":2.0},{"damage":8.0,"enemies":"Gremlin Nob","floor":6.0,"turns":3.0},{"damage":20.0,"enemies":"Lagavulin","floor":7.0,"turns":3.0},{"damage":2.0,"enemies":"3 Sentries","floor":8.0,"turns":5.0},{"damage":24.0,"enemies":"Gremlin Nob","floor":10.0,"turns":4.0},{"damage":3.0,"enemies":"Large Slime","floor":11.0,"turns":3.0},{"damage":13.0,"enemies":"Lagavulin","floor":13.0,"turns":5.0},{"damage":36.0,"enemies":"The Guardian","floor":16.0,"turns":7.0},{"damage":0.0,"enemies":"Chosen","floor":18.0,"turns":3.0},{"damage":0.0,"enemies":"3 Byrds","floor":20.0,"turns":3.0},{"damage":3.0,"enemies":"Snecko","floor":22.0,"turns":4.0},{"damage":29.0,"enemies":"Gremlin Leader","floor":23.0,"turns":4.0},{"damage":17.0,"enemies":"Nightmare","floor":25.0,"turns":5.0},{"damage":40.0,"enemies":"Gremlin Leader","floor":27.0,"turns":5.0},{"damage":34.0,"enemies":"Book of Stabbing","floor":29.0,"turns":4.0},{"damage":18.0,"enemies":"Gremlin Leader","floor":31.0,"turns":4.0},{"damage":20.0,"enemies":"Collector","floor":33.0,"turns":4.0},{"damage":49.0,"enemies":"3 Darklings","floor":35.0,"turns":5.0},{"damage":24.0,"enemies":"2 Orb Walkers","floor":36.0,"turns":3.0},{"damage":36.0,"enemies":"Giant Head","floor":40.0,"turns":5.0},{"damage":46.0,"enemies":"Nightmare","floor":41.0,"turns":7.0},{"damage":0.0,"enemies":"Giant Head","floor":42.0,"turns":4.0},{"damage":0.0,"enemies":"Nemesis","floor":46.0,"turns":5.0},{"damage":0.0,"enemies":"Orb Walker","floor":47.0,"turns":3.0},{"damage":23.0,"enemies":"Reptomancer","floor":48.0,"turns":4.0},{"damage":39.0,"enemies":"infinitespire:MassOfShapes","floor":50.0,"turns":6.0},{"damage":19.0,"enemies":"Time Eater","floor":51.0,"turns":7.0},{"damage":0.0,"enemies":"2 Louse","floor":53.0,"turns":2.0},{"damage":0.0,"enemies":"Lagavulin","floor":55.0,"turns":3.0},{"damage":6.0,"enemies":"Gremlin Nob","floor":57.0,"turns":3.0},{"damage":0.0,"enemies":"Lagavulin","floor":58.0,"turns":2.0},{"damage":0.0,"enemies":"Jaw Worm","floor":60.0,"turns":1.0},{"damage":0.0,"enemies":"Cultist","floor":62.0,"turns":1.0},{"damage":0.0,"enemies":"3 Sentries","floor":63.0,"turns":3.0},{"damage":0.0,"enemies":"Gremlin Nob","floor":65.0,"turns":2.0},{"damage":0.0,"enemies":"Looter","floor":66.0,"turns":2.0},{"damage":4.0,"enemies":"The Guardian","floor":68.0,"turns":4.0},{"damage":0,"enemies":"Spheric Guardian","floor":70,"turns":5},{"damage":0,"enemies":"2 Thieves","floor":73,"turns":2},{"damage":0,"enemies":"Book of Stabbing","floor":74,"turns":2},{"damage":0,"enemies":"Gremlin Leader","floor":75,"turns":3},{"damage":15,"enemies":"Book of Stabbing","floor":76,"turns":3},{"damage":0,"enemies":"Slavers","floor":77,"turns":2},{"damage":0,"enemies":"Gremlin Leader","floor":79,"turns":1},{"damage":0,"enemies":"Book of Stabbing","floor":80,"turns":2},{"damage":0,"enemies":"Gremlin Leader","floor":81,"turns":1},{"damage":100,"enemies":"Nightmare","floor":83,"turns":4},{"damage":0,"enemies":"Automaton","floor":85,"turns":2},{"damage":0,"enemies":"Orb Walker","floor":87,"turns":1},{"damage":0,"enemies":"3 Shapes","floor":89,"turns":2},{"damage":0,"enemies":"Reptomancer","floor":91,"turns":1},{"damage":11,"enemies":"Nemesis","floor":92,"turns":3},{"damage":0,"enemies":"Nightmare","floor":96,"turns":2},{"damage":63,"enemies":"Reptomancer","floor":97,"turns":3},{"damage":0,"enemies":"Spire Growth","floor":98,"turns":2},{"damage":0,"enemies":"Giant Head","floor":99,"turns":1},{"damage":0,"enemies":"hubris:GrandSnecko","floor":102,"turns":1},{"damage":0,"enemies":"infinitespire:MassOfShapes","floor":103,"turns":2},{"damage":0,"enemies":"Shield and Spear","floor":107,"turns":1},{"damage":102,"enemies":"The Heart","floor":108,"turns":7}],"seed_played":"-1491660064596041908","potions_obtained":[{"floor":1.0,"key":"Swift Potion"},{"floor":3.0,"key":"Dexterity Potion"},{"floor":7.0,"key":"FairyPotion"},{"floor":10.0,"key":"FocusPotion"},{"floor":33.0,"key":"SneckoOil"},{"floor":41.0,"key":"BlessingOfTheForge"},{"floor":42.0,"key":"Dexterity Potion"},{"floor":47.0,"key":"FocusPotion"},{"floor":48.0,"key":"SteroidPotion"},{"floor":62.0,"key":"Regen Potion"}],"is_trial":true,"path_per_floor":["M","M","M","T","M","E","E","E","T","E","M","$","E","?","R","B",null,"M","?","M","AVR","M","E","$","NM","T","E","R","E","R","E","R","B",null,"M","?","$","?","T","E","NM","E","T","NS","AVR","E","M","E","R","B","B",null,"M","?","E","T","E","E","$","M","T","M","E","T","E","M","R","B",null,"M","?","T","M","E","E","E","E","T","E","E","E","T","NM","R","B",null,"M","$","M","T","E","E","R","T","T","NM","E","M","E","NS","R","B","B",null,"R","$","E","B",null],"character_chosen":"DEFECT","items_purchased":["Capacitor","Regal Pillow","Scrape","infinitespire:FocusingShard","Loop","Sadistic Nature","Bandage Up","Defragment","HandDrill","MealTicket","Anchor","Bag of Preparation","Lee\u0027s Waffle","infinitespire:Beetle Shell","War Paint","hubris:TenFootPole","hubris:MedicalManual","Du-Vu Doll","Girya","Hello World+1","PrismaticShard","HornCleat","Pen Nib","hubris:CrystalStatue","Art of War","Orichalcum","Lantern","Blue Candle","Self Repair+1","OrangePellets","hubris:BallOfYels","Shuriken","infinitespire:Lucky Rock","Ancient Tea Set"],"campfire_rested":7,"item_purchase_floors":[12,12,12,24,24,24,24,37,37,37,37,59,59,59,59,59,59,59,59,88,88,88,88,88,88,88,88,88,106,106,106,106,106,106],"current_hp_per_floor":[71,71,71,71,71,70,57,62,62,52,56,56,50,50,71,35,62,69,69,69,69,71,49,49,43,43,18,54,32,68,71,71,66,70,50,58,58,58,58,50,52,71,71,71,71,71,71,71,71,65,71,71,71,61,71,71,71,71,78,78,78,78,78,78,78,78,78,78,78,78,78,78,78,78,78,78,78,78,78,80,80,80,39,39,80,80,82,82,84,84,84,84,84,84,94,94,96,98,98,98,98,98,100,100,100,100,100,100],"gold":392,"neow_bonus":"","is_daily":false,"chose_seed":false,"campfire_upgraded":0,"win_rate":0.0,"timestamp":1611364690,"path_taken":["M","M","M","?","?","E","E","E","T","E","M","$","E","?","R","BOSS","M","?","M","AVR","?","E","?","NM","T","E","R","E","R","E","R","BOSS","M","?","?","?","?","E","NM","?","T","NS","AVR","E","M","E","R","BOSS","BOSS","M","?","?","?","?","E","$","?","T","?","E","?","?","?","R","BOSS","M","?","?","?","?","E","E","E","T","E","?","E","?","NM","R","BOSS","M","$","?","?","?","E","R","?","T","NM","E","M","?","NS","R","BOSS","BOSS","R","$","E","BOSS"],"items_purchased_type":["Card","Relic","Card","Relic","Card","Card","Card","Card","Relic","Relic","Relic","Relic","Relic","Relic","Relic","Relic","Relic","Relic","Relic","Card","Relic","Relic","Relic","Relic","Relic","Relic","Relic","Relic","Card","Relic","Relic","Relic","Relic","Relic"],"build_version":"2020-12-22","purchased_purges":4,"victory":true,"max_hp_per_floor":[71,71,71,71,71,71,71,71,71,71,71,71,71,71,71,71,71,71,71,71,71,71,71,71,71,71,71,71,71,71,71,71,71,71,71,71,71,71,71,71,71,71,71,71,71,71,71,71,71,71,71,71,71,71,71,71,71,71,78,78,78,78,78,78,78,78,78,78,78,78,78,78,78,78,78,78,78,78,78,80,80,80,80,80,80,80,82,82,84,84,84,84,84,84,94,94,96,98,98,98,98,98,100,100,100,100,100,100],"card_choices":[{"not_picked":["Conserve Battery","Turbo","Darkness"],"picked":"SKIP","floor":1.0},{"not_picked":["Stack","Conserve Battery"],"picked":"Heatsinks","floor":2.0},{"not_picked":["Steam Power","Stack","BootSequence"],"picked":"SKIP","floor":3.0},{"not_picked":["Blizzard","Rebound"],"picked":"Gash","floor":5.0},{"not_picked":["hubris:DoWhile","hubris:Prefetch"],"picked":"Creative AI","floor":6.0},{"not_picked":["Creative AI","All For One"],"picked":"Machine Learning","floor":7.0},{"not_picked":["Seek","hubris:Prefetch"],"picked":"Echo Form","floor":8.0},{"not_picked":["hubris:DoWhile","Reboot"],"picked":"Machine Learning","floor":10.0},{"not_picked":["Coolheaded","Go for the Eyes","Streamline"],"picked":"Gash","floor":11.0},{"not_picked":["Rainbow","hubris:SpecializedCircuitry","hubris:DoWhile"],"picked":"Machine Learning","floor":13.0},{"not_picked":["Rainbow","All For One","hubris:SpecializedCircuitry"],"picked":"Electrodynamics","floor":16.0},{"not_picked":["Barrage","Sunder","Compile Driver"],"picked":"Aggregate","floor":18.0},{"not_picked":["BootSequence","hubris:Ukulele+1","Cold Snap"],"picked":"Heatsinks","floor":20.0},{"not_picked":["Streamline","Lockon","Stack"],"picked":"FTL","floor":22.0},{"not_picked":["Electrodynamics","All For One","Multi-Cast"],"picked":"Buffer","floor":23.0},{"not_picked":["infinitespire:Oblivion","infinitespire:FinalStrike"],"picked":"infinitespire:UltimateForm","floor":25.0},{"not_picked":["Multi-Cast","All For One","Reboot"],"picked":"Machine Learning","floor":25.0},{"not_picked":["Rainbow","All For One","Multi-Cast","Electrodynamics"],"picked":"SKIP","floor":27.0},{"not_picked":["Buffer","Creative AI","hubris:DoWhile"],"picked":"Thunder Strike","floor":29.0},{"not_picked":["hubris:DoWhile","Multi-Cast","Amplify"],"picked":"Machine Learning","floor":31.0},{"not_picked":["Sweeping Beam","Streamline","BootSequence"],"picked":"Rebound+1","floor":35.0},{"not_picked":["Stack","Steam","Blizzard+1"],"picked":"Scrape+1","floor":36.0},{"not_picked":["Biased Cognition","Thunder Strike","Electrodynamics","Fission"],"picked":"SKIP","floor":40.0},{"not_picked":["infinitespire:FinalStrike","infinitespire:SealOfDarkness+"],"picked":"infinitespire:Fortify","floor":41.0},{"not_picked":["Meteor Strike","Core Surge","hubris:Prefetch"],"picked":"Echo Form","floor":41.0},{"not_picked":["Fission","Core Surge","Multi-Cast","Reboot"],"picked":"SKIP","floor":42.0},{"not_picked":["Fission","Core Surge","Multi-Cast","Reboot"],"picked":"SKIP","floor":42.0},{"not_picked":["Biased Cognition+1","hubris:SpecializedCircuitry+1","Core Surge"],"picked":"Creative AI+1","floor":46.0},{"not_picked":["Consume","Loop+1","Sweeping Beam+1"],"picked":"Defragment+1","floor":47.0},{"not_picked":["hubris:SpecializedCircuitry+1","hubris:Prefetch","Fission","Amplify"],"picked":"SKIP","floor":48.0},{"not_picked":["hubris:SpecializedCircuitry+1","hubris:Prefetch","Fission","Amplify"],"picked":"SKIP","floor":48.0},{"not_picked":["Electrodynamics+1","All For One","Reboot"],"picked":"Buffer+1","floor":51.0},{"not_picked":["Go for the Eyes","Conserve Battery","Barrage","Stack"],"picked":"SKIP","floor":53.0},{"not_picked":["infinitespire:TheBestDefense","infinitespire:Punishment"],"picked":"infinitespire:UltimateForm","floor":54.0},{"not_picked":["Fission","Hyperbeam","Reboot"],"picked":"Echo Form+1","floor":55.0},{"not_picked":["hubris:Prefetch","Seek","All For One"],"picked":"Creative AI+1","floor":57.0},{"not_picked":["All For One","Electrodynamics+1","Thunder Strike","hubris:SpecializedCircuitry+1"],"picked":"SKIP","floor":58.0},{"not_picked":["Stack","Barrage","Cold Snap"],"picked":"Fission","floor":60.0},{"not_picked":["Cold Snap","Barrage","Go for the Eyes","Coolheaded"],"picked":"SKIP","floor":62.0},{"not_picked":["hubris:Prefetch","Multi-Cast","Rainbow"],"picked":"Creative AI+1","floor":63.0},{"not_picked":["Core Surge","Electrodynamics+1","hubris:Prefetch","Hyperbeam"],"picked":"SKIP","floor":65.0},{"not_picked":["Genetic Algorithm","Barrage","Hologram"],"picked":"Heatsinks+1","floor":66.0},{"not_picked":["Rainbow","Amplify","hubris:DoWhile"],"picked":"Creative AI+1","floor":68.0},{"not_picked":["Ball Lightning","Rebound","Beam Cell","BootSequence"],"picked":"SKIP","floor":70},{"not_picked":["Ball Lightning","Hologram","Buffer+1","PathToVictory"],"picked":"Tempest","floor":73},{"not_picked":["Core Surge","Seek","Rainbow","Blasphemy"],"picked":"Echo Form+1","floor":74},{"not_picked":["Rainbow+1","Echo Form+1","All For One","Seek+1"],"picked":"MasterReality","floor":75},{"not_picked":["hubris:DoWhile+1","Biased Cognition+1","All For One","Rainbow+1"],"picked":"DeusExMachina","floor":76},{"not_picked":["Rainbow+1","Seek+1","Multi-Cast+1","Reboot+1"],"picked":"Wish","floor":77},{"not_picked":["Fission+1","Biased Cognition+1","All For One","hubris:SpecializedCircuitry+1","LessonLearned"],"picked":"SKIP","floor":79},{"not_picked":["Multi-Cast+1","hubris:Prefetch+1","Biased Cognition+1","Seek+1","Vault"],"picked":"Singing Bowl","floor":80},{"not_picked":["Thunder Strike","Meteor Strike","hubris:SpecializedCircuitry+1","Judgement"],"picked":"Echo Form+1","floor":81},{"not_picked":["Biased Cognition+1","Electrodynamics+1","hubris:DoWhile+1","LessonLearned+1"],"picked":"Echo Form+1","floor":83},{"not_picked":["hubris:SpecializedCircuitry+1","Multi-Cast+1","All For One+1","Vault"],"picked":"Echo Form+1","floor":85},{"not_picked":["Steam+1","Scrape+1","Sunder+1","Go for the Eyes+1","PathToVictory"],"picked":"Singing Bowl","floor":87},{"not_picked":["Rebound+1","Steam Power+1","Hologram+1","Tantrum"],"picked":"Gash+1","floor":87},{"not_picked":["InnerPeace+1","Immolate+1","Deadly Poison+1","Slice+1","JustLucky"],"picked":"Singing Bowl","floor":89},{"not_picked":["Prostrate+1","True Grit+1","WreathOfFlame+1","SashWhip"],"picked":"Self Repair+1","floor":89},{"not_picked":["Machine Learning+1","Limit Break+1","Hyperbeam+1","ConjureBlade"],"picked":"Devotion+1","floor":91},{"not_picked":["Exhume+1","Master of Strategy+1","Judgement+1","Vault"],"picked":"DeusExMachina+1","floor":92},{"not_picked":["Mayhem+1","Machine Learning+1","Feed+1","Wish"],"picked":"Apotheosis+1","floor":96},{"not_picked":["Metamorphosis+1","HandOfGreed+1","Fiend Fire+1","Fission+1","Wish"],"picked":"Singing Bowl","floor":97},{"not_picked":["Perfected Strike+1","Indignation+1","Wireheading+1","Ball Lightning+1","EmptyBody"],"picked":"Singing Bowl","floor":98},{"not_picked":["Gash+1","Rampage+1","Cleave+1","Crescendo"],"picked":"Loop+1","floor":98},{"not_picked":["Magnetism+1","Chrysalis+1","Berserk+1","Scrawl"],"picked":"Mayhem+1","floor":99},{"not_picked":["Core Surge+1","Amplify+1","Corruption+1","LessonLearned"],"picked":"Panache+1","floor":102},{"not_picked":["Night Terror+1","Secret Weapon+1","MasterReality+1","Amplify+1","ConjureBlade"],"picked":"Singing Bowl","floor":103},{"not_picked":["Reaper+1","Brutality+1","Electrodynamics+1","Violence+1"],"picked":"DevaForm","floor":107},{"not_picked":["Thunder Strike+1","The Bomb+1","Night Terror+1","Core Surge+1"],"picked":"Devotion","floor":108}],"player_experience":144190,"relics_obtained":[{"floor":4.0,"key":"DataDisk"},{"floor":6.0,"key":"StoneCalendar"},{"floor":7.0,"key":"hubris:BottledRain"},{"floor":8.0,"key":"Thread and Needle"},{"floor":9.0,"key":"Oddly Smooth Stone"},{"floor":10.0,"key":"Question Card"},{"floor":13.0,"key":"hubris:OldNail"},{"floor":23.0,"key":"Whetstone"},{"floor":26.0,"key":"Letter Opener"},{"floor":27.0,"key":"Gremlin Horn"},{"floor":29.0,"key":"Meat on the Bone"},{"floor":31.0,"key":"Tiny Chest"},{"floor":34.0,"key":"Happy Flower"},{"floor":34.0,"key":"Darkstone Periapt"},{"floor":34.0,"key":"Bird Faced Urn"},{"floor":36.0,"key":"Turnip"},{"floor":39.0,"key":"Potion Belt"},{"floor":40.0,"key":"Gambling Chip"},{"floor":41.0,"key":"The Courier"},{"floor":42.0,"key":"Frozen Egg 2"},{"floor":43.0,"key":"hubris:SlimyHat"},{"floor":46.0,"key":"infinitespire:Freezer"},{"floor":48.0,"key":"hubris:FunFungus"},{"floor":55.0,"key":"Akabeko"},{"floor":56.0,"key":"hubris:RGBLights"},{"floor":57.0,"key":"PreservedInsect"},{"floor":58.0,"key":"Symbiotic Virus"},{"floor":61.0,"key":"InkBottle"},{"floor":63.0,"key":"Smiling Mask"},{"floor":64.0,"key":"infinitespire:SolderingIron"},{"floor":65.0,"key":"CeramicFish"},{"floor":72,"key":"hubris:DisguiseKit"},{"floor":74,"key":"Pantograph"},{"floor":75,"key":"Toxic Egg 2"},{"floor":76,"key":"hubris:SphereOfDissonance"},{"floor":77,"key":"Emotion Chip"},{"floor":78,"key":"Mummified Hand"},{"floor":79,"key":"infinitespire:EmpoweringShard"},{"floor":80,"key":"Singing Bowl"},{"floor":81,"key":"Prayer Wheel"},{"floor":82,"key":"infinitespire:Eraser"},{"floor":83,"key":"Molten Egg 2"},{"floor":90,"key":"Matryoshka"},{"floor":91,"key":"hubris:SoftwareUpdate"},{"floor":92,"key":"infinitespire:PuzzleCube"},{"floor":94,"key":"hubris:Potato"},{"floor":94,"key":"hubris:ToyBattleship"},{"floor":95,"key":"Pear"},{"floor":95,"key":"Omamori"},{"floor":96,"key":"Nunchaku"},{"floor":97,"key":"Ginger"},{"floor":99,"key":"Bronze Scales"},{"floor":107,"key":"Lizard Tail"}],"event_choices":[{"cards_removed":["Hologram"],"damage_healed":0.0,"max_hp_gain":0.0,"max_hp_loss":0.0,"gold_gain":0.0,"event_name":"Beggar","player_choice":"Gave Gold","floor":19.0,"gold_loss":75.0,"damage_taken":0.0},{"damage_healed":0.0,"max_hp_gain":0.0,"max_hp_loss":0.0,"gold_gain":0.0,"event_name":"Mysterious Sphere","player_choice":"Fight","floor":36.0,"gold_loss":0.0,"damage_taken":0.0},{"damage_healed":0.0,"max_hp_gain":0.0,"max_hp_loss":0.0,"gold_gain":0.0,"event_name":"Wheel of Change","player_choice":"Damaged","floor":54.0,"gold_loss":0.0,"damage_taken":10.0},{"damage_healed":0,"gold_gain":0,"player_choice":"Read","damage_taken":0,"max_hp_gain":0,"max_hp_loss":0,"event_name":"The Library","floor":71,"gold_loss":0,"cards_obtained":["Evolve"]}],"is_beta":false,"boss_relics":[{"not_picked":["Tiny House","SlaversCollar"],"picked":"Nuclear Battery"},{"not_picked":["Runic Pyramid","hubris:Stopwatch"],"picked":"Calling Bell"},{"not_picked":["Empty Cage","hubris:BlackHole"],"picked":"hubris:Backtick"},{"not_picked":["Runic Pyramid","Snecko Eye"],"picked":"hubris:ScarierMask"},{"not_picked":["Velvet Choker","hubris:Stopwatch"],"picked":"Runic Dome"},{"not_picked":["Busted Crown","Empty Cage"],"picked":"FrozenCore"}],"items_purged_floors":[24,37,88,106],"is_endless":true,"potions_floor_spawned":[1,3,7,8,10,16,20,23,27,33,41,42,47,48,51,53,55,60,62,68,75,76,79,81,91,92,102,103,107],"ascension_level":20}}