{"host":"3zmssa4s99zhxek5","time":1611392942,"event":{"mods":["AchievementEnabler","BaseMod","Minty Spire (QoL Compilation)","Permanent Neow","Relic Stats"],"gold_per_floor":[113,38,50,63,77,77,105,115,186,218,29,29,42,69,69,145,145,160,195,110,160,52,52,83,83,109,109,123,156,170,184,184,257,257,267,317,334,129,142,142,142,142,167,167,167,180,402,25,25,25,25,25],"floor_reached":51,"language":"KOR","playtime":2670,"items_purged":["Defend_G","Strike_G","Strike_G","Strike_G"],"score":1431,"play_id":"66f168c4-d9c5-416f-907c-a4ff240d0036","local_time":"20210123180902","is_ascension_mode":true,"campfire_choices":[{"data":"Underhanded Strike","floor":6,"key":"SMITH"},{"floor":12,"key":"REST"},{"data":"1","floor":15,"key":"LIFT"},{"data":"2","floor":23,"key":"LIFT"},{"data":"3","floor":25,"key":"LIFT"},{"data":"Concentrate","floor":32,"key":"SMITH"},{"data":"Prepared","floor":40,"key":"SMITH"},{"data":"Concentrate","floor":42,"key":"SMITH"},{"data":"Prepared","floor":44,"key":"SMITH"},{"data":"Tools of the Trade","floor":49,"key":"SMITH"}],"circlet_count":0,"master_deck":["AscendersBane","Strike_G+1","Defend_G","Defend_G","Defend_G","Defend_G","Survivor","Neutralize","Backflip","Prepared+1","Underhanded Strike+1","Terror","Poisoned Stab+1","Dagger Throw","Reflex","Adrenaline","Dagger Spray","Prepared+1","Tools of the Trade+1","Backflip+1","Acrobatics","Tactician+1","Endless Agony+1","Concentrate+1","Glass Knife","Concentrate+1","Acrobatics","Acrobatics","Underhanded Strike","Reflex","Panache","Purity"],"relics":["HoveringKite","Vajra","Mummified Hand","Girya","Whetstone","Coffee Dripper","Red Mask","HornCleat","Ornamental Fan","Happy Flower","Anchor","Runic Pyramid","Juzu Bracelet","Membership Card","Kunai"],"acts_visited":["Exordium","TheCity","TheBeyond"],"potions_floor_usage":[10,18,19,29,51,51,51],"damage_taken":[{"damage":1,"enemies":"Cultist","floor":1,"turns":4},{"damage":0,"enemies":"Small Slimes","floor":3,"turns":4},{"damage":0,"enemies":"2 Louse","floor":4,"turns":3},{"damage":10,"enemies":"Red Slaver","floor":5,"turns":3},{"damage":7,"enemies":"Lagavulin","floor":7,"turns":7},{"damage":16,"enemies":"Exordium Wildlife","floor":8,"turns":4},{"damage":17,"enemies":"3 Sentries","floor":10,"turns":7},{"damage":3,"enemies":"Exordium Thugs","floor":13,"turns":5},{"damage":0,"enemies":"Gremlin Nob","floor":14,"turns":3},{"damage":20,"enemies":"Slime Boss","floor":16,"turns":9},{"damage":8,"enemies":"2 Thieves","floor":18,"turns":3},{"damage":0,"enemies":"Masked Bandits","floor":19,"turns":3},{"damage":4,"enemies":"Gremlin Leader","floor":24,"turns":5},{"damage":0,"enemies":"Chosen","floor":28,"turns":3},{"damage":6,"enemies":"Book of Stabbing","floor":29,"turns":3},{"damage":0,"enemies":"3 Cultists","floor":30,"turns":3},{"damage":0,"enemies":"Chosen and Byrds","floor":31,"turns":4},{"damage":2,"enemies":"Automaton","floor":33,"turns":6},{"damage":0,"enemies":"Orb Walker","floor":35,"turns":3},{"damage":0,"enemies":"3 Shapes","floor":37,"turns":2},{"damage":0,"enemies":"Jaw Worm Horde","floor":39,"turns":3},{"damage":0,"enemies":"3 Darklings","floor":46,"turns":2},{"damage":10,"enemies":"Donu and Deca","floor":50,"turns":4},{"damage":47,"enemies":"Time Eater","floor":51,"turns":6}],"seed_played":"-8987375940048341759","potions_obtained":[{"floor":4,"key":"EssenceOfSteel"},{"floor":5,"key":"Regen Potion"},{"floor":14,"key":"Regen Potion"},{"floor":24,"key":"Strength Potion"},{"floor":30,"key":"LiquidBronze"},{"floor":35,"key":"EntropicBrew"}],"is_trial":false,"path_per_floor":["M","$","M","M","M","R","E","M","T","E","$","R","M","E","R","B",null,"M","?","?","?","$","R","E","R","T","?","M","E","M","M","R","B",null,"M","?","M","$","M","R","?","R","T","R","?","M","?","$","R","B","B"],"character_chosen":"THE_SILENT","items_purchased":["Adrenaline","SteroidPotion","FearPotion","Acrobatics","Underhanded Strike","Membership Card","Kunai"],"campfire_rested":1,"item_purchase_floors":[11,22,22,38,38,48,48],"current_hp_per_floor":[58,58,58,58,48,48,41,25,25,23,23,42,39,39,39,19,54,46,55,55,55,55,55,51,51,51,51,51,45,45,45,45,43,60,60,60,60,60,60,60,50,50,50,50,50,50,50,50,50,40,0,0],"gold":25,"neow_bonus":"BOSS_RELIC","is_daily":false,"chose_seed":false,"campfire_upgraded":6,"win_rate":0.0,"timestamp":1611392942,"path_taken":["M","$","M","?","M","R","E","M","T","E","?","R","M","E","R","BOSS","M","?","?","?","$","R","E","R","T","?","M","E","M","?","R","BOSS","M","?","M","?","?","R","?","R","T","R","?","M","?","$","R","BOSS","BOSS"],"items_purchased_type":["Card","Potion","Potion","Card","Card","Relic","Relic"],"build_version":"2020-12-22","purchased_purges":4,"victory":false,"max_hp_per_floor":[66,66,66,66,66,66,66,66,66,66,66,66,66,66,66,66,66,66,66,66,66,66,66,66,66,66,66,66,66,66,66,66,66,66,66,66,66,66,66,66,66,66,66,66,66,66,66,66,66,66,66,66],"relic_stats":{"Happy Flower":[13],"counters":[24,99],"Mummified Hand":[15],"Ornamental Fan":[144],"HoveringKite":[72],"Juzu Bracelet":1,"Whetstone":["Poisoned Stab","Strike_G"],"Kunai":[15],"obtain_stats":[{"Girya":10,"Happy Flower":26,"HoveringKite":0,"Vajra":7,"Juzu Bracelet":43,"Whetstone":14,"Anchor":29,"HornCleat":20,"Mummified Hand":9,"Ornamental Fan":24,"Coffee Dripper":17,"Red Mask":19,"Membership Card":48,"Kunai":48,"Ring of the Snake":0,"Runic Pyramid":34},{"Girya":7,"Happy Flower":13,"HoveringKite":0,"Vajra":5,"Juzu Bracelet":21,"Whetstone":9,"Anchor":15,"HornCleat":12,"Mummified Hand":6,"Ornamental Fan":13,"Coffee Dripper":10,"Red Mask":12,"Membership Card":22,"Kunai":22,"Ring of the Snake":0,"Runic Pyramid":18},{"Girya":32,"Happy Flower":60,"HoveringKite":0,"Vajra":21,"Juzu Bracelet":87,"Whetstone":40,"Anchor":66,"HornCleat":55,"Mummified Hand":25,"Ornamental Fan":60,"Coffee Dripper":49,"Red Mask":55,"Membership Card":89,"Kunai":89,"Ring of the Snake":0,"Runic Pyramid":79}]},"card_choices":[{"not_picked":["Dodge and Roll","Flechettes"],"picked":"Backflip","floor":1},{"not_picked":["Footwork","Caltrops"],"picked":"Prepared","floor":3},{"not_picked":["Blade Dance","Dash"],"picked":"Underhanded Strike","floor":4},{"not_picked":["Quick Slash","Backstab"],"picked":"Terror","floor":5},{"not_picked":["Accuracy","Setup"],"picked":"Poisoned Stab","floor":7},{"not_picked":["Deflect","Outmaneuver"],"picked":"Dagger Throw","floor":8},{"not_picked":["Deadly Poison","Outmaneuver"],"picked":"Reflex","floor":10},{"not_picked":["Deadly Poison","Infinite Blades"],"picked":"Dagger Spray","floor":13},{"not_picked":["Noxious Fumes","Dagger Spray"],"picked":"Prepared","floor":14},{"not_picked":["Bullet Time","A Thousand Cuts"],"picked":"Tools of the Trade","floor":16},{"not_picked":["Dagger Spray","Quick Slash"],"picked":"Backflip+1","floor":18},{"not_picked":["Accuracy","Finisher"],"picked":"Acrobatics","floor":19},{"not_picked":["Deflect","Slice"],"picked":"Tactician","floor":24},{"not_picked":["Dash","Endless Agony+1","Heel Hook"],"picked":"SKIP","floor":28},{"not_picked":["Dash","Heel Hook"],"picked":"Endless Agony+1","floor":28},{"not_picked":["Choke","Cloak And Dagger","Bane"],"picked":"SKIP","floor":29},{"not_picked":["Dodge and Roll+1","Riddle With Holes"],"picked":"Concentrate","floor":30},{"not_picked":["Terror","Backstab","Endless Agony"],"picked":"SKIP","floor":31},{"not_picked":["Doppelganger","Phantasmal Killer"],"picked":"Glass Knife","floor":33},{"not_picked":["Blade Dance","PiercingWail+1"],"picked":"Concentrate","floor":35},{"not_picked":["Outmaneuver","Deflect"],"picked":"Acrobatics","floor":37},{"not_picked":["Backflip+1","Underhanded Strike+1"],"picked":"Reflex","floor":39},{"not_picked":["Swift Strike","Deep Breath"],"picked":"Panache","floor":41},{"not_picked":["Dramatic Entrance","Magnetism"],"picked":"Purity","floor":41},{"not_picked":["Terror","Backstab+1","Bane+1"],"picked":"SKIP","floor":46}],"player_experience":1575386,"relics_obtained":[{"floor":7,"key":"Vajra"},{"floor":9,"key":"Mummified Hand"},{"floor":10,"key":"Girya"},{"floor":14,"key":"Whetstone"},{"floor":19,"key":"Red Mask"},{"floor":24,"key":"Ornamental Fan"},{"floor":26,"key":"Happy Flower"},{"floor":29,"key":"Anchor"},{"floor":43,"key":"Juzu Bracelet"}],"event_choices":[{"damage_healed":0,"gold_gain":0,"player_choice":"Fought Bandits","damage_taken":0,"max_hp_gain":0,"max_hp_loss":0,"event_name":"Masked Bandits","floor":19,"gold_loss":0},{"damage_healed":0,"gold_gain":0,"player_choice":"Obtained Relic","damage_taken":0,"relics_obtained":["HornCleat"],"max_hp_gain":0,"max_hp_loss":0,"event_name":"Addict","floor":20,"gold_loss":85},{"damage_healed":0,"gold_gain":50,"player_choice":"Stole From Cult","damage_taken":0,"max_hp_gain":0,"max_hp_loss":0,"event_name":"Nest","floor":21,"gold_loss":0},{"damage_healed":0,"gold_gain":0,"player_choice":"Forge","damage_taken":0,"max_hp_gain":0,"max_hp_loss":0,"event_name":"Accursed Blacksmith","floor":27,"gold_loss":0,"cards_upgraded":["Tactician"]},{"damage_healed":0,"gold_gain":50,"player_choice":"Pray","damage_taken":0,"max_hp_gain":0,"max_hp_loss":0,"event_name":"Golden Shrine","floor":36,"gold_loss":0},{"damage_healed":0,"gold_gain":0,"player_choice":"Memory 3","damage_taken":10,"max_hp_gain":0,"max_hp_loss":0,"event_name":"SensoryStone","floor":41,"gold_loss":0},{"cards_removed":["Strike_G"],"damage_healed":0,"gold_gain":0,"player_choice":"Purged","damage_taken":0,"max_hp_gain":0,"max_hp_loss":0,"event_name":"Purifier","floor":45,"gold_loss":0},{"damage_healed":0,"gold_gain":222,"player_choice":"Wore Mask","damage_taken":0,"max_hp_gain":0,"max_hp_loss":0,"event_name":"Tomb of Lord Red Mask","floor":47,"gold_loss":0}],"is_beta":false,"boss_relics":[{"not_picked":["Runic Dome","Cursed Key"],"picked":"Coffee Dripper"},{"not_picked":["Empty Cage","Snecko Eye"],"picked":"Runic Pyramid"}],"items_purged_floors":[2,11,38,48],"is_endless":false,"potions_floor_spawned":[4,5,7,14,16,24,28,30,33,35,46],"killed_by":"Time Eater","ascension_level":20}}