{"host":"bq8ii4ghyb2mkf8g","time":1611390915,"event":{"mods":["BaseMod","Colored Map","Minty Spire (QoL Compilation)","Quick Restart","Replay The Spire","StSLib"],"gold_per_floor":[117,117,42,53,72,99,112,112,138,151,168,199,199,212,212,313,313,329,329,344,361,361,361,392,392,439,459,478,509,534,559,559,663,663,663],"floor_reached":34,"language":"ZHS","playtime":2246,"items_purged":["Strike_G"],"score":918,"play_id":"e143e78e-b9ff-402b-b57c-c45235b8795a","local_time":"20210123163515","is_ascension_mode":true,"campfire_choices":[{"data":"ReplayTheSpireMod:The Works","floor":8,"key":"SMITH"},{"data":"Acrobatics","floor":13,"key":"SMITH"},{"data":"Acrobatics","floor":15,"key":"SMITH"},{"data":"Escape Plan","floor":23,"key":"SMITH"},{"data":"Caltrops","floor":25,"key":"SMITH"},{"data":"Reflex","floor":32,"key":"SMITH"}],"circlet_count":0,"master_deck":["AscendersBane","Survivor","Neutralize","Venomology+1","Leg Sweep+1","Replay:Bag of Tricks+1","ReplayTheSpireMod:The Works+1","Blade Dance","Escape Plan+1","Acrobatics+1","Acrobatics+1","Caltrops+1","Toxin Wave","Backflip","Reflex+1","Wraith Form v2","Blade Dance","ReplayTheSpireMod:Exploit Weakness","Tools of the Trade"],"relics":["Astrolabe","Blood Vial","Replay:Wax Seal","Tiny Chest","Letter Opener","Philosopher\u0027s Stone","HornCleat","ReplayTheSpireMod:Lightbulb","Singing Bowl","Smiling Mask","Thread and Needle","Pandora\u0027s Box"],"acts_visited":["Exordium","TheCity","TheBeyond"],"potions_floor_usage":[5,6,6,7,7,10,11,12,12,14,14,16,18,20,21,21,24,27,29,33,33],"damage_taken":[{"damage":0,"enemies":"Jaw Worm","floor":1,"turns":3},{"damage":0,"enemies":"Small Slimes","floor":4,"turns":3},{"damage":0,"enemies":"Cultist","floor":5,"turns":3},{"damage":11,"enemies":"Lagavulin","floor":6,"turns":4},{"damage":0,"enemies":"Looter","floor":7,"turns":2},{"damage":6,"enemies":"Exordium Wildlife","floor":10,"turns":3},{"damage":1,"enemies":"Red Slaver","floor":11,"turns":3},{"damage":7,"enemies":"3 Sentries","floor":12,"turns":7},{"damage":10,"enemies":"Exordium Thugs","floor":14,"turns":4},{"damage":0,"enemies":"The Guardian","floor":16,"turns":7},{"damage":0,"enemies":"Chosen","floor":18,"turns":2},{"damage":0,"enemies":"Shell Parasite","floor":20,"turns":2},{"damage":0,"enemies":"3 Cultists","floor":21,"turns":4},{"damage":10,"enemies":"Slavers","floor":24,"turns":3},{"damage":0,"enemies":"Snake Plant","floor":27,"turns":2},{"damage":0,"enemies":"Centurion and Healer","floor":28,"turns":2},{"damage":0,"enemies":"Replay:Snechameleon","floor":29,"turns":4},{"damage":1,"enemies":"Slavers","floor":31,"turns":2},{"damage":0,"enemies":"Champ","floor":33,"turns":5}],"seed_played":"-8924296153508993227","potions_obtained":[{"floor":1,"key":"Fire Potion"},{"floor":6,"key":"Poison Potion"},{"floor":10,"key":"PowerPotion"},{"floor":12,"key":"Weak Potion"},{"floor":18,"key":"EssenceOfSteel"},{"floor":20,"key":"SteroidPotion"},{"floor":31,"key":"BlessingOfTheForge"},{"floor":33,"key":"LifebloodPotion"}],"is_trial":false,"path_per_floor":["M","?","$","M","M","E","M","R","T","M","M","E","R","M","R","B",null,"M","?","M","M","?","R","E","R","T","M","M","E","T","E","R","B",null],"character_chosen":"THE_SILENT","items_purchased":[],"campfire_rested":0,"item_purchase_floors":[],"current_hp_per_floor":[63,56,56,58,60,51,53,53,53,49,50,45,45,37,37,39,62,64,64,66,70,70,70,60,60,60,62,64,70,70,69,69,72,72,72],"gold":663,"neow_bonus":"BOSS_RELIC","is_daily":false,"chose_seed":false,"campfire_upgraded":6,"win_rate":0.0,"timestamp":1611390915,"path_taken":["M","?","$","M","M","E","M","R","T","M","M","E","R","M","R","BOSS","M","?","?","M","?","R","E","R","T","M","M","E","?","E","R","BOSS"],"items_purchased_type":[],"build_version":"2020-12-22","purchased_purges":1,"victory":false,"max_hp_per_floor":[70,70,70,70,70,70,70,70,70,70,70,70,70,70,70,70,70,70,70,70,70,70,70,70,70,70,70,70,70,70,70,70,72,72,72],"card_choices":[{"not_picked":["Dagger Throw","ReplayTheSpireMod:Tripwire"],"picked":"ReplayTheSpireMod:The Works","floor":1},{"not_picked":["Fluid Movement","Setup"],"picked":"Blade Dance","floor":4},{"not_picked":["Sucker Punch","Deflect","Blade Dance"],"picked":"SKIP","floor":5},{"not_picked":["Sucker Punch","Deflect","Blade Dance"],"picked":"SKIP","floor":5},{"not_picked":["Sucker Punch","Deflect","Blade Dance"],"picked":"SKIP","floor":5},{"not_picked":["Underhanded Strike","Doppelganger"],"picked":"Escape Plan","floor":6},{"not_picked":["Crippling Poison","Dagger Spray","Terror"],"picked":"SKIP","floor":7},{"not_picked":["Dodge and Roll","Skewer"],"picked":"Acrobatics","floor":10},{"not_picked":["ReplayTheSpireMod:Scrap Shanks","Blade Dance"],"picked":"Acrobatics","floor":11},{"not_picked":["Predator","Doppelganger","Blur"],"picked":"SKIP","floor":12},{"not_picked":["Deflect","Riddle With Holes","Quick Slash"],"picked":"SKIP","floor":14},{"not_picked":["Setup","Poisoned Stab","ReplayTheSpireMod:Tripwire"],"picked":"SKIP","floor":18},{"not_picked":["Flying Knee+1","Dodge and Roll","Riddle With Holes"],"picked":"SKIP","floor":20},{"not_picked":["Endless Agony","Sneak Up","Blade Dance"],"picked":"SKIP","floor":21},{"not_picked":["Grand Finale","Bullet Time","Dagger Throw"],"picked":"SKIP","floor":24},{"not_picked":["Terror","Cloak And Dagger","Dagger Throw"],"picked":"SKIP","floor":27},{"not_picked":["Fluid Movement","Dodge and Roll","Terror"],"picked":"SKIP","floor":28},{"not_picked":["Blur","Bouncing Flask"],"picked":"Backflip","floor":29},{"not_picked":["Backflip","Dagger Throw"],"picked":"Reflex","floor":31},{"not_picked":["Bullet Time","Unload","ReplayTheSpireMod:From All Sides"],"picked":"Singing Bowl","floor":33}],"player_experience":124101,"relics_obtained":[{"floor":6,"key":"Replay:Wax Seal"},{"floor":9,"key":"Tiny Chest"},{"floor":12,"key":"Letter Opener"},{"floor":24,"key":"ReplayTheSpireMod:Lightbulb"},{"floor":29,"key":"Singing Bowl"},{"floor":30,"key":"Smiling Mask"},{"floor":31,"key":"Thread and Needle"}],"event_choices":[{"damage_healed":0,"gold_gain":0,"player_choice":"Success","damage_taken":7,"relics_obtained":["Blood Vial"],"max_hp_gain":0,"max_hp_loss":0,"event_name":"Scrap Ooze","floor":2,"gold_loss":0},{"damage_healed":0,"gold_gain":0,"player_choice":"Gave Potion","damage_taken":0,"relics_obtained":["HornCleat"],"max_hp_gain":0,"max_hp_loss":0,"event_name":"WeMeetAgain","floor":19,"gold_loss":0},{"damage_healed":0,"gold_gain":0,"cards_transformed":["Defend_G","Strike_G"],"player_choice":"Became Test Subject","damage_taken":0,"max_hp_gain":0,"max_hp_loss":0,"event_name":"Drug Dealer","floor":22,"gold_loss":0,"cards_obtained":["Caltrops","Toxin Wave"]}],"is_beta":false,"boss_relics":[{"not_picked":["Replay:Drink Me","Fusion Hammer"],"picked":"Philosopher\u0027s Stone"},{"not_picked":["SacredBark","Busted Crown"],"picked":"Pandora\u0027s Box"}],"items_purged_floors":[3],"is_endless":false,"potions_floor_spawned":[1,5,6,10,12,18,20,31,33],"ascension_level":12}}