{"host":"ldsuendt1u5dwthu","time":1611403418,"event":{"mods":["Act Like it!","BaseMod","Marisa£®ÏF”Í°°ƒß¿Ì…≥£©","Minty Spire (QoL Compilation)","Shop Mod","StSLib","The Animator"],"gold_per_floor":[112,124,124,124,124,164,114,157,203,234,291,94,211,229,229,403,403,474,521,521,611,681,688,688],"floor_reached":23,"language":"ZHS","playtime":1391,"items_purged":["Strike_MRS"],"score":261,"play_id":"ad2d9e7c-2a14-4e41-8b72-583f54b1caf4","local_time":"20210123200338","is_ascension_mode":false,"campfire_choices":[{"floor":15.0,"key":"REST"}],"circlet_count":0,"master_deck":["Strike_MRS","Defend_MRS","Defend_MRS","Defend_MRS","Defend_MRS","MasterSpark","UpSweep","Acceleration","MilkyWay","FinalSpark","Robbery","WitchOfGreed+1","SuperPerseids","CasketOfStar+1","OrrerysSun+1","EarthLightRay+1"],"relics":["MiniHakkero","NeowsBlessing","Lantern","Golden Idol","Frozen Egg 2","Oddly Smooth Stone","MawBank","Shuriken","The Courier","Empty Cage"],"acts_visited":["Exordium","TheCity"],"potions_floor_usage":[22,23],"damage_taken":[{"damage":0.0,"enemies":"Jaw Worm","floor":1.0,"turns":1.0},{"damage":0.0,"enemies":"Small Slimes","floor":2.0,"turns":2.0},{"damage":0.0,"enemies":"3 Sentries","floor":6.0,"turns":1.0},{"damage":26.0,"enemies":"Lagavulin","floor":8.0,"turns":7.0},{"damage":0.0,"enemies":"2 Louse","floor":10.0,"turns":3.0},{"damage":21.0,"enemies":"3 Sentries","floor":11.0,"turns":8.0},{"damage":6.0,"enemies":"3 Sentries","floor":13.0,"turns":7.0},{"damage":0.0,"enemies":"Lots of Slimes","floor":14.0,"turns":1.0},{"damage":28.0,"enemies":"Hexaghost","floor":16.0,"turns":9.0},{"damage":18.0,"enemies":"2 Thieves","floor":18.0,"turns":4.0},{"damage":18.0,"enemies":"Shell Parasite","floor":19.0,"turns":4.0},{"damage":4.0,"enemies":"Snecko","floor":21.0,"turns":4.0},{"damage":18,"enemies":"Snake Plant","floor":22,"turns":4},{"damage":19,"enemies":"Slavers","floor":23,"turns":1}],"seed_played":"-8568239750471793139","potions_obtained":[{"floor":2.0,"key":"SpeedPotion"},{"floor":6.0,"key":"Regen Potion"},{"floor":11.0,"key":"SpeedPotion"},{"floor":13.0,"key":"GamblersBrew"},{"floor":13.0,"key":"Explosive Potion"},{"floor":19.0,"key":"Fire Potion"},{"floor":19.0,"key":"FearPotion"},{"floor":21.0,"key":"LiquidMemories"}],"is_trial":false,"path_per_floor":["M","M","?","?","?","E","?","E","T","M","E","$","?","M","R","B",null,"M","M","?","M","M","E"],"character_chosen":"MARISA","items_purchased":["WitchOfGreed+1","SuperPerseids"],"campfire_rested":1,"item_purchase_floors":[12,12],"current_hp_per_floor":[75,75,75,75,57,57,57,45,45,45,24,24,18,18,40,12,75,57,39,39,35,17,0,0],"gold":688,"neow_bonus":"THREE_ENEMY_KILL","is_daily":false,"chose_seed":false,"campfire_upgraded":0,"win_rate":0.0,"timestamp":1611403418,"path_taken":["M","M","?","?","?","E","?","E","T","M","E","$","?","M","R","BOSS","M","M","?","?","M","E"],"items_purchased_type":["Card","Card"],"build_version":"2020-12-22","purchased_purges":1,"victory":false,"max_hp_per_floor":[75,75,75,75,75,75,75,75,75,75,75,75,75,75,75,75,75,75,75,75,75,75,75,75],"card_choices":[{"not_picked":["GalacticHalo","BlazeAway"],"picked":"Acceleration","floor":1.0},{"not_picked":["GravityBeat","AsteroidBelt"],"picked":"MilkyWay","floor":2.0},{"not_picked":["OpenUniverse","NonDirectionalLaser"],"picked":"FinalSpark","floor":6.0},{"not_picked":["GasGiant","MeteoricShower","AlicesGift"],"picked":"SKIP","floor":8.0},{"not_picked":["DC","NonDirectionalLaser"],"picked":"Robbery","floor":10.0},{"not_picked":["WitchLeyline","SporeBomb","AsteroidBelt"],"picked":"SKIP","floor":11.0},{"not_picked":["6A","AsteroidBelt"],"picked":"FairyDestructionRay","floor":13.0},{"not_picked":["DragonMeteor","Occultation","FairyDestructionRay"],"picked":"SKIP","floor":14.0},{"not_picked":["UltimateShortwave","BlazingStar"],"picked":"CasketOfStar+1","floor":16.0},{"not_picked":["GrandCross","Acceleration","ChargeUpSpray"],"picked":"SKIP","floor":18.0},{"not_picked":["RefractionSpark","DarkMatter"],"picked":"OrrerysSun+1","floor":19.0},{"not_picked":["WitchLeyline","SporeBomb","UnstableBomb"],"picked":"SKIP","floor":21.0},{"not_picked":["LuminesStrike","6A+1"],"picked":"EarthLightRay+1","floor":22}],"player_experience":143450,"relics_obtained":[{"floor":6.0,"key":"Frozen Egg 2"},{"floor":8.0,"key":"Oddly Smooth Stone"},{"floor":9.0,"key":"MawBank"},{"floor":11.0,"key":"Shuriken"},{"floor":13.0,"key":"The Courier"}],"event_choices":[{"damage_healed":0.0,"max_hp_gain":0.0,"max_hp_loss":0.0,"gold_gain":0.0,"event_name":"Big Fish","player_choice":"Box","floor":3.0,"gold_loss":0.0,"damage_taken":0.0,"relics_obtained":["Lantern"],"cards_obtained":["Regret"]},{"damage_healed":0.0,"max_hp_gain":0.0,"max_hp_loss":0.0,"gold_gain":0.0,"event_name":"Shining Light","player_choice":"Ignored","floor":4.0,"gold_loss":0.0,"damage_taken":0.0},{"damage_healed":0.0,"max_hp_gain":0.0,"max_hp_loss":0.0,"gold_gain":0.0,"event_name":"Golden Idol","player_choice":"Take Damage","floor":5.0,"gold_loss":0.0,"damage_taken":18.0,"relics_obtained":["Golden Idol"]},{"cards_removed":["Regret"],"damage_healed":0.0,"max_hp_gain":0.0,"max_hp_loss":0.0,"gold_gain":0.0,"event_name":"The Cleric","player_choice":"Card Removal","floor":7.0,"gold_loss":50.0,"damage_taken":0.0},{"damage_healed":0.0,"max_hp_gain":0.0,"max_hp_loss":0.0,"gold_gain":30.0,"event_name":"Dead Adventurer","player_choice":"Searched \u00272\u0027 times","floor":13.0,"gold_loss":0.0,"damage_taken":0.0},{"cards_removed":["Strike_MRS"],"damage_healed":0.0,"max_hp_gain":0.0,"max_hp_loss":0.0,"gold_gain":0.0,"event_name":"Wheel of Change","player_choice":"Card Removal","floor":20.0,"gold_loss":0.0,"damage_taken":0.0}],"is_beta":false,"boss_relics":[{"not_picked":["Ectoplasm","Coffee Dripper"],"picked":"Empty Cage"}],"items_purged_floors":[12],"is_endless":false,"potions_floor_spawned":[2,6,11,13,19],"killed_by":"Slavers","ascension_level":0}}