{"host":"b1dzdo8uo7e6jx8g","time":1611418134,"event":{"mods":["AchievementEnabler","BaseMod","BetterRewards","Colored Map","Highlight Path","Minty Spire (QoL Compilation)","StSLib"],"gold_per_floor":[117,135,135,310,58,91,91,91,91,91,101,115,115,130,130,231,231,247,75,0,0,0,0,13,13,36,36,51,51,76,124,124,253,253,307,316,344,344,344],"floor_reached":38,"language":"ENG","playtime":1065,"items_purged":["Defend_P","Doubt"],"score":567,"play_id":"b5e9263d-4ca2-4cf9-aa58-cc0a78bbcdbc","local_time":"20210123170854","is_ascension_mode":false,"campfire_choices":[{"floor":8,"key":"REST"},{"floor":13,"key":"REST"},{"floor":15,"key":"REST"},{"data":"Ghostly","floor":23,"key":"SMITH"},{"data":"Ghostly","floor":25,"key":"SMITH"},{"data":"Ghostly","floor":27,"key":"SMITH"},{"floor":29,"key":"REST"},{"floor":32,"key":"REST"}],"circlet_count":0,"master_deck":["Strike_P","Strike_P","Strike_P","Defend_P","Defend_P","Defend_P","Eruption","Vigilance","BattleHymn","Conclude","SashWhip","FearNoEvil","DevaForm","JustLucky","Devotion","Prostrate","HandOfGreed","Ghostly+1","Ghostly+1","Ghostly+1","Ghostly","Ghostly","Consecrate","Prostrate","Worship","Blasphemy","Consecrate+1","JustLucky+1","Ghostly+1","Prostrate+1"],"relics":["HolyWater","Damaru","Ginger","Bronze Scales","Kunai","Prayer Wheel","MutagenicStrength","Vajra","CeramicFish","Cursed Key"],"acts_visited":["Exordium","TheCity","TheBeyond"],"potions_floor_usage":[30],"damage_taken":[{"damage":3,"enemies":"Small Slimes","floor":1,"turns":3},{"damage":8,"enemies":"Jaw Worm","floor":2,"turns":4},{"damage":36,"enemies":"3 Sentries","floor":6,"turns":3},{"damage":0,"enemies":"Cultist","floor":11,"turns":2},{"damage":0,"enemies":"3 Louse","floor":12,"turns":2},{"damage":11,"enemies":"Red Slaver","floor":14,"turns":2},{"damage":45,"enemies":"Slime Boss","floor":16,"turns":10},{"damage":2,"enemies":"Spheric Guardian","floor":18,"turns":3},{"damage":4,"enemies":"Shell Parasite","floor":24,"turns":5},{"damage":13,"enemies":"Centurion and Healer","floor":28,"turns":4},{"damage":2,"enemies":"Slavers","floor":30,"turns":5},{"damage":8,"enemies":"Snecko","floor":31,"turns":4},{"damage":25,"enemies":"Collector","floor":33,"turns":7},{"damage":6,"enemies":"3 Shapes","floor":35,"turns":2},{"damage":0,"enemies":"3 Darklings","floor":37,"turns":4},{"damage":33,"enemies":"Maw","floor":38,"turns":6}],"seed_played":"7916363814784895730","potions_obtained":[{"floor":1,"key":"Energy Potion"},{"floor":2,"key":"Dexterity Potion"},{"floor":28,"key":"BlessingOfTheForge"},{"floor":33,"key":"SpeedPotion"}],"is_trial":false,"path_per_floor":["M","M","?","?","$","E","$","R","T","$","M","M","R","M","R","B",null,"M","$","?","?","?","R","M","R","T","R","M","R","E","M","R","B",null,"M","?","M","M"],"character_chosen":"WATCHER","items_purchased":["Damaru","BattleHymn","Bronze Scales","HandOfGreed"],"campfire_rested":5,"item_purchase_floors":[0,0,5,19],"current_hp_per_floor":[61,53,50,50,50,14,14,35,35,35,35,35,56,45,66,21,72,70,70,70,36,36,36,32,32,32,32,19,29,27,19,29,4,36,30,30,30,0,0],"gold":344,"neow_bonus":"","is_daily":false,"chose_seed":false,"campfire_upgraded":3,"win_rate":0.0,"timestamp":1611418134,"path_taken":["M","M","?","?","$","E","?","R","T","$","M","?","R","M","R","BOSS","M","$","?","?","?","R","?","R","T","R","M","R","E","M","R","BOSS","M","?","?","M"],"items_purchased_type":["Relic","Card","Relic","Card"],"build_version":"2020-12-22","purchased_purges":2,"victory":false,"max_hp_per_floor":[72,72,72,72,72,72,72,72,72,72,72,72,72,72,72,72,72,72,72,72,36,36,36,36,36,36,36,36,36,36,36,36,36,36,36,36,36,36,36],"card_choices":[{"not_picked":["SandsOfTime","WreathOfFlame"],"picked":"Conclude","floor":1},{"not_picked":["Wireheading","ThirdEye"],"picked":"SashWhip","floor":2},{"not_picked":["JustLucky","Wallop"],"picked":"FearNoEvil","floor":6},{"not_picked":["FlyingSleeves","SandsOfTime","Meditate"],"picked":"SKIP","floor":11},{"not_picked":["Wireheading","Fasting2","FlyingSleeves"],"picked":"SKIP","floor":11},{"not_picked":["SashWhip","Wireheading"],"picked":"DevaForm","floor":12},{"not_picked":["FlyingSleeves","CrushJoints"],"picked":"JustLucky","floor":12},{"not_picked":["FollowUp","Wireheading","Collect"],"picked":"SKIP","floor":14},{"not_picked":["JustLucky","CrushJoints","BowlingBash"],"picked":"SKIP","floor":14},{"not_picked":["DeusExMachina","Vault"],"picked":"Devotion","floor":16},{"not_picked":["CarveReality","BowlingBash"],"picked":"Prostrate","floor":18},{"not_picked":["WaveOfTheHand","CrushJoints","Weave"],"picked":"SKIP","floor":18},{"not_picked":["FollowUp","ClearTheMind+1"],"picked":"Consecrate","floor":24},{"not_picked":["ReachHeaven","Vengeance+1","Tantrum"],"picked":"SKIP","floor":24},{"not_picked":["PathToVictory","SashWhip"],"picked":"Prostrate","floor":28},{"not_picked":["EmptyBody+1","WaveOfTheHand","BowlingBash"],"picked":"SKIP","floor":28},{"not_picked":["Vengeance+1","Indignation","ForeignInfluence"],"picked":"SKIP","floor":30},{"not_picked":["WheelKick","FlurryOfBlows"],"picked":"Worship","floor":31},{"not_picked":["ThirdEye","Wireheading","EmptyBody"],"picked":"SKIP","floor":31},{"not_picked":["ConjureBlade","SpiritShield"],"picked":"Blasphemy","floor":33},{"not_picked":["ClearTheMind+1","MentalFortress+1"],"picked":"Consecrate+1","floor":35},{"not_picked":["ClearTheMind","Evaluate"],"picked":"JustLucky+1","floor":35},{"not_picked":["Conclude+1","WreathOfFlame+1"],"picked":"Prostrate+1","floor":37},{"not_picked":["Evaluate","ForeignInfluence+1","EmptyMind"],"picked":"SKIP","floor":37}],"player_experience":224625,"relics_obtained":[{"floor":6,"key":"Kunai"},{"floor":9,"key":"Prayer Wheel"},{"floor":26,"key":"Vajra"},{"floor":30,"key":"CeramicFish"}],"event_choices":[{"damage_healed":0,"gold_gain":0,"player_choice":"Success","damage_taken":3,"relics_obtained":["Ginger"],"max_hp_gain":0,"max_hp_loss":0,"event_name":"Scrap Ooze","floor":3,"gold_loss":0},{"damage_healed":0,"gold_gain":175,"player_choice":"AGREE","damage_taken":0,"max_hp_gain":0,"max_hp_loss":0,"event_name":"Liars Game","floor":4,"gold_loss":0,"cards_obtained":["Doubt"]},{"cards_removed":["Strike_P"],"damage_healed":0,"gold_gain":0,"player_choice":"Gave Gold","damage_taken":0,"max_hp_gain":0,"max_hp_loss":0,"event_name":"Beggar","floor":20,"gold_loss":75},{"damage_healed":0,"gold_gain":0,"player_choice":"Became a Ghost","damage_taken":0,"max_hp_gain":0,"max_hp_loss":36,"event_name":"Ghosts","floor":21,"gold_loss":0,"cards_obtained":["Ghostly","Ghostly","Ghostly","Ghostly","Ghostly"]},{"damage_healed":0,"gold_gain":0,"player_choice":"Inject Mutagens","damage_taken":0,"relics_obtained":["MutagenicStrength"],"max_hp_gain":0,"max_hp_loss":0,"event_name":"Drug Dealer","floor":22,"gold_loss":0},{"damage_healed":0,"gold_gain":0,"player_choice":"Copied","damage_taken":0,"max_hp_gain":0,"max_hp_loss":0,"event_name":"Duplicator","floor":36,"gold_loss":0,"cards_obtained":["Ghostly"]}],"is_beta":false,"boss_relics":[{"not_picked":["Runic Dome","Fusion Hammer"],"picked":"HolyWater"},{"not_picked":["Busted Crown","Runic Pyramid"],"picked":"Cursed Key"}],"items_purged_floors":[0,5],"is_endless":false,"potions_floor_spawned":[1,2,28,33],"killed_by":"Maw","ascension_level":0}}