{"host":"jpzdg3po3tjxdjri","time":1611407730,"event":{"mods":["BaseMod","Better Third Choice","Colored Map","Colored Powertips","Minty Spire (QoL Compilation)","StSLib"],"gold_per_floor":[111,128,31,43,43,75,25,25,25,25,25,41,41,55,55,151,151,170,184,9,26,0,0,0,0,69,88,115,135,148,163,163,163,163],"floor_reached":33,"language":"ENG","playtime":1155,"items_purged":["Decay","Strike_P"],"score":390,"play_id":"6db89a93-e165-49f8-b8ae-f2bf1c3d5ba9","local_time":"20210123131530","is_ascension_mode":true,"campfire_choices":[{"floor":8,"key":"REST"},{"data":"Judgement","floor":10,"key":"SMITH"},{"data":"Sanctity","floor":13,"key":"SMITH"},{"data":"Eruption","floor":15,"key":"SMITH"},{"floor":23,"key":"REST"},{"data":"Alpha","floor":25,"key":"SMITH"},{"floor":32,"key":"REST"}],"circlet_count":0,"master_deck":["Strike_P","Strike_P+1","Defend_P","Defend_P","Defend_P","Defend_P","Eruption+1","Vigilance","TalkToTheHand+1","Meditate","PathToVictory+1","FlurryOfBlows","Judgement+1","Sanctity+1","MentalFortress+1","Alpha+1","Swivel","CutThroughFate","FearNoEvil","CutThroughFate","J.A.X.","DeceiveReality+1","CarveReality","PathToVictory+1"],"relics":["HolyWater","Lizard Tail","Orichalcum","Frozen Egg 2","Singing Bowl","Toxic Egg 2"],"acts_visited":["Exordium","TheCity"],"potions_floor_usage":[21,33],"damage_taken":[{"damage":1,"enemies":"Jaw Worm","floor":1,"turns":3},{"damage":6,"enemies":"2 Louse","floor":2,"turns":5},{"damage":0,"enemies":"Cultist","floor":4,"turns":4},{"damage":20,"enemies":"Lagavulin","floor":6,"turns":5},{"damage":0,"enemies":"Large Slime","floor":12,"turns":3},{"damage":0,"enemies":"2 Fungi Beasts","floor":14,"turns":2},{"damage":34,"enemies":"Hexaghost","floor":16,"turns":10},{"damage":6,"enemies":"Chosen","floor":18,"turns":4},{"damage":0,"enemies":"Spheric Guardian","floor":19,"turns":2},{"damage":20,"enemies":"3 Cultists","floor":21,"turns":5},{"damage":6,"enemies":"Sentry and Sphere","floor":27,"turns":4},{"damage":37,"enemies":"Gremlin Leader","floor":28,"turns":4},{"damage":4,"enemies":"Shelled Parasite and Fungi","floor":29,"turns":5},{"damage":14,"enemies":"Chosen and Byrds","floor":30,"turns":7},{"damage":18,"enemies":"Centurion and Healer","floor":31,"turns":5},{"damage":57,"enemies":"Champ","floor":33,"turns":8}],"seed_played":"-5180757476099309356","potions_obtained":[{"floor":2,"key":"Fire Potion"},{"floor":6,"key":"Ambrosia"},{"floor":16,"key":"AttackPotion"},{"floor":21,"key":"LiquidBronze"}],"is_trial":false,"path_per_floor":["M","M","$","M","?","E","?","R","T","R","?","M","R","M","R","B",null,"M","M","$","M","?","R","?","R","T","M","E","M","M","M","R","B"],"character_chosen":"WATCHER","items_purchased":["PathToVictory","FearNoEvil"],"campfire_rested":3,"item_purchase_floors":[3,20],"current_hp_per_floor":[64,58,58,58,44,24,24,45,45,45,45,45,45,45,45,11,57,51,51,51,31,31,52,52,52,52,46,9,5,31,15,37,0,0],"gold":163,"neow_bonus":"ONE_RARE_RELIC","is_daily":false,"chose_seed":false,"campfire_upgraded":4,"win_rate":0.0,"timestamp":1611407730,"path_taken":["M","M","$","M","?","E","?","R","T","R","?","M","R","M","R","BOSS","M","M","$","?","?","R","?","R","T","M","E","M","M","M","R","BOSS"],"items_purchased_type":["Card","Card"],"build_version":"2020-12-22","purchased_purges":2,"victory":false,"max_hp_per_floor":[72,72,72,72,72,72,72,72,72,72,72,72,72,72,72,72,72,72,72,72,72,72,72,72,72,72,72,72,72,74,76,76,76,76],"card_choices":[{"not_picked":["Wireheading","BowlingBash"],"picked":"TalkToTheHand","floor":1},{"not_picked":["Halt","Prostrate"],"picked":"Meditate","floor":2},{"not_picked":["Meditate","FlyingSleeves"],"picked":"FlurryOfBlows","floor":4},{"not_picked":["Meditate","CrushJoints"],"picked":"Judgement","floor":6},{"not_picked":["FlyingSleeves","Worship"],"picked":"Sanctity","floor":12},{"not_picked":["FollowUp","FlurryOfBlows"],"picked":"MentalFortress+1","floor":14},{"not_picked":["Scrawl","MasterReality+1"],"picked":"Alpha","floor":16},{"not_picked":["InnerPeace","Meditate"],"picked":"Swivel","floor":18},{"not_picked":["WreathOfFlame+1","Crescendo"],"picked":"CutThroughFate","floor":19},{"not_picked":["BowlingBash","Crescendo+1"],"picked":"CutThroughFate","floor":21},{"not_picked":["Perseverance+1","SignatureMove"],"picked":"DeceiveReality+1","floor":27},{"not_picked":["InnerPeace+1","Sanctity+1"],"picked":"CarveReality","floor":28},{"not_picked":["SpiritShield+1","Sanctity+1"],"picked":"PathToVictory+1","floor":29},{"not_picked":["FlyingSleeves","ThirdEye+1","Vengeance+1"],"picked":"Singing Bowl","floor":30},{"not_picked":["Study+1","CrushJoints","ReachHeaven"],"picked":"Singing Bowl","floor":31}],"player_experience":851073,"relics_obtained":[{"floor":6,"key":"Orichalcum"},{"floor":9,"key":"Frozen Egg 2"},{"floor":26,"key":"Singing Bowl"},{"floor":28,"key":"Toxic Egg 2"}],"event_choices":[{"damage_healed":58,"gold_gain":0,"player_choice":"Upgrade","damage_taken":14,"max_hp_gain":0,"max_hp_loss":72,"event_name":"betterThird:BetterShining","floor":5,"gold_loss":0,"cards_upgraded":["Strike_P","PathToVictory"]},{"cards_removed":["Strike_P"],"damage_healed":0,"gold_gain":0,"player_choice":"Card Removal","damage_taken":0,"max_hp_gain":0,"max_hp_loss":0,"event_name":"The Cleric","floor":7,"gold_loss":50},{"damage_healed":0,"gold_gain":0,"player_choice":"Upgraded","damage_taken":0,"max_hp_gain":0,"max_hp_loss":0,"event_name":"Upgrade Shrine","floor":11,"gold_loss":0,"cards_upgraded":["TalkToTheHand"]},{"damage_healed":0,"gold_gain":0,"player_choice":"Paid Fearfully","damage_taken":0,"max_hp_gain":0,"max_hp_loss":0,"event_name":"Masked Bandits","floor":22,"gold_loss":26},{"damage_healed":0,"gold_gain":0,"player_choice":"Obtain J.A.X.","damage_taken":0,"max_hp_gain":0,"max_hp_loss":0,"event_name":"Drug Dealer","floor":24,"gold_loss":0,"cards_obtained":["J.A.X."]}],"is_beta":false,"boss_relics":[{"not_picked":["Busted Crown","Runic Dome"],"picked":"HolyWater"}],"items_purged_floors":[3,20],"is_endless":false,"potions_floor_spawned":[2,6,16,18,21,30],"killed_by":"Champ","ascension_level":9}}