{"host":"3l94tha3a4jgu0q4","time":1611439268,"event":{"mods":["2.2 Compatiblity","AchievementEnabler","BaseMod","Colored Map","Colored Powertips","Highlight Path","Minty Spire (QoL Compilation)","Permanent Neow","StSLib","SuperFastMode","The IronCluck","slay the spire mod where everything is the same but ironclad has a cowboy hat"],"gold_per_floor":[115,115,115,29,40,66,77,77,77,117,145,145,186,61,61,147,147,169,192,16,25,25,25],"floor_reached":22,"language":"ENG","playtime":562,"items_purged":["Strike_P","Strike_P"],"score":456,"play_id":"3d07d58f-9cb0-4078-acd7-99ba9ccdf4c5","local_time":"20210123140108","is_ascension_mode":true,"campfire_choices":[{"data":"TalkToTheHand","floor":8,"key":"SMITH"},{"data":"Brilliance","floor":12,"key":"SMITH"},{"floor":15,"key":"REST"}],"circlet_count":0,"master_deck":["AscendersBane","Strike_P","Strike_P","Defend_P","Defend_P","Defend_P","Defend_P","Eruption+1","Vigilance","FlurryOfBlows","TalkToTheHand+1","Crescendo","Brilliance+1","FlurryOfBlows","Parasite","Halt","EmptyMind","FlurryOfBlows","FlurryOfBlows","Devotion","Consecrate","InnerPeace","Wallop","Study"],"relics":["Cursed Key","StrikeDummy","PreservedInsect","CeramicFish","Pantograph","Coffee Dripper"],"acts_visited":["Exordium","TheCity"],"potions_floor_usage":[6,11,13,16,22],"damage_taken":[{"damage":6,"enemies":"2 Louse","floor":1,"turns":4},{"damage":4,"enemies":"Jaw Worm","floor":5,"turns":3},{"damage":17,"enemies":"3 Sentries","floor":6,"turns":6},{"damage":0,"enemies":"Cultist","floor":7,"turns":2},{"damage":0,"enemies":"Gremlin Nob","floor":10,"turns":2},{"damage":5,"enemies":"Exordium Thugs","floor":11,"turns":3},{"damage":13,"enemies":"Lagavulin","floor":13,"turns":5},{"damage":39,"enemies":"Hexaghost","floor":16,"turns":8},{"damage":30,"enemies":"Shell Parasite","floor":18,"turns":3},{"damage":0,"enemies":"Chosen","floor":19,"turns":3},{"damage":24,"enemies":"Shelled Parasite and Fungi","floor":22,"turns":2}],"seed_played":"-8874111531340872687","potions_obtained":[{"floor":1,"key":"BlessingOfTheForge"},{"floor":7,"key":"Block Potion"},{"floor":10,"key":"BottledMiracle"},{"floor":11,"key":"LiquidBronze"},{"floor":13,"key":"Weak Potion"}],"is_trial":false,"path_per_floor":["M","?","?","$","M","E","M","R","T","E","M","R","E","$","R","B",null,"M","M","$","?","M"],"character_chosen":"WATCHER","items_purchased":["TalkToTheHand","FlurryOfBlows","Wallop"],"campfire_rested":1,"item_purchase_floors":[4,14,20],"current_hp_per_floor":[55,44,44,44,40,23,23,23,23,23,18,18,5,5,25,11,54,24,24,24,24,0,0],"gold":25,"neow_bonus":"BOSS_RELIC","is_daily":false,"chose_seed":false,"campfire_upgraded":2,"win_rate":0.0,"timestamp":1611439268,"path_taken":["M","?","?","?","M","E","M","R","T","E","?","R","E","$","R","BOSS","M","?","$","?","?"],"items_purchased_type":["Card","Card","Card"],"build_version":"2020-12-22","purchased_purges":2,"victory":false,"max_hp_per_floor":[68,68,68,68,68,68,68,68,68,68,68,68,68,68,68,68,68,68,68,68,68,68,68],"card_choices":[{"not_picked":["InnerPeace","Worship"],"picked":"FlurryOfBlows","floor":1},{"not_picked":["Study","Sanctity"],"picked":"Crescendo","floor":5},{"not_picked":["CrushJoints","ThirdEye"],"picked":"Brilliance","floor":6},{"not_picked":["Conclude","CrushJoints"],"picked":"FlurryOfBlows","floor":7},{"not_picked":["Prostrate","ConjureBlade"],"picked":"Halt","floor":10},{"not_picked":["Meditate","Study"],"picked":"EmptyMind","floor":11},{"not_picked":["FollowUp","SashWhip"],"picked":"FlurryOfBlows","floor":13},{"not_picked":["Wish","DevaForm"],"picked":"Devotion","floor":16},{"not_picked":["Sanctity","JustLucky"],"picked":"Consecrate","floor":18},{"not_picked":["SashWhip","Halt"],"picked":"InnerPeace","floor":19}],"player_experience":1952812,"relics_obtained":[{"floor":6,"key":"PreservedInsect"},{"floor":10,"key":"CeramicFish"},{"floor":13,"key":"Pantograph"}],"event_choices":[{"damage_healed":0,"gold_gain":0,"player_choice":"Success","damage_taken":11,"relics_obtained":["StrikeDummy"],"max_hp_gain":0,"max_hp_loss":0,"event_name":"Scrap Ooze","floor":2,"gold_loss":0},{"damage_healed":0,"gold_gain":0,"player_choice":"Grow","damage_taken":0,"max_hp_gain":0,"max_hp_loss":0,"event_name":"Living Wall","floor":3,"gold_loss":0,"cards_upgraded":["Eruption"]},{"damage_healed":0,"gold_gain":0,"player_choice":"1 cards matched","damage_taken":0,"max_hp_gain":0,"max_hp_loss":0,"event_name":"Match and Keep!","floor":21,"gold_loss":0,"cards_obtained":["Study"]}],"is_beta":false,"boss_relics":[{"not_picked":["Ectoplasm","SacredBark"],"picked":"Coffee Dripper"}],"items_purged_floors":[14,20],"is_endless":false,"potions_floor_spawned":[1,7,10,11,13],"killed_by":"Shelled Parasite and Fungi","ascension_level":18}}