{"host":"52y3gsbc2ynoze7d","time":1611392604,"event":{"mods":["BaseMod","Colored Powertips","Downfall","Googly Eyes","Minty Spire (QoL Compilation)","Replay The Spire","StSLib"],"gold_per_floor":[99,112,187,199,210,227,227,245,245,245,301,317,332,347,362,460,460,460,460,460],"floor_reached":18,"language":"ENG","playtime":2411,"items_purged":[],"score":158,"play_id":"c4be3bb2-0dba-4e51-a0b9-99c9998d3dd7","local_time":"20210123010324","is_ascension_mode":false,"campfire_choices":[{"data":"Slimebound:CorrosiveSpit","floor":1.0,"key":"SMITH"}],"circlet_count":0,"master_deck":["Slimebound:Strike_Slimebound","Slimebound:Tackle","Slimebound:Defend_Slimebound","Slimebound:Defend_Slimebound","Slimebound:Defend_Slimebound","Slimebound:Defend_Slimebound","Slimebound:Split","Slimebound:CorrosiveSpit+1","Slimebound:HauntingLick","Slimebound:Repurpose","Slimebound:SlimeBarrage","Slimebound:GoopSpray","Slimebound:SplitAcid","Slimebound:ItLooksTasty","Slimebound:LeechingTouch","Slimebound:LivingWall","Slimebound:SelfFormingGoo","Slimebound:Schlurp"],"relics":["Slimebound:AbsorbEndCombat","Question Card","Pen Nib","Cursed Key"],"acts_visited":["Exordium","TheCity"],"potions_floor_usage":[],"damage_taken":[{"damage":1.0,"enemies":"Jaw Worm","floor":2.0,"turns":3.0},{"damage":3.0,"enemies":"Small Slimes","floor":4.0,"turns":2.0},{"damage":3.0,"enemies":"2 Louse","floor":5.0,"turns":2.0},{"damage":15.0,"enemies":"Exordium Thugs","floor":6.0,"turns":4.0},{"damage":13.0,"enemies":"Lots of Slimes","floor":8.0,"turns":5.0},{"damage":25.0,"enemies":"Lagavulin Event","floor":11.0,"turns":4.0},{"damage":6.0,"enemies":"Large Slime","floor":12.0,"turns":5.0},{"damage":7.0,"enemies":"2 Fungi Beasts","floor":13.0,"turns":3.0},{"damage":6.0,"enemies":"Blue Slaver","floor":14.0,"turns":3.0},{"damage":13.0,"enemies":"Lots of Slimes","floor":15.0,"turns":2.0},{"damage":17.0,"enemies":"DF_ARCHETYPE_STREAMLINE","floor":16.0,"turns":12.0}],"seed_played":"-1733774061275394616","potions_obtained":[{"floor":2.0,"key":"SpeedPotion"},{"floor":6.0,"key":"Slimebound:ThreeZeroPotion"},{"floor":11.0,"key":"BlessingOfTheForge"},{"floor":16.0,"key":"PowerPotion"}],"is_trial":false,"path_per_floor":["R","M","?","M","M","M","T","M","?","?","?","M","M","M","M","B",null,"R"],"character_chosen":"SLIMEBOUND","items_purchased":[],"campfire_rested":0,"item_purchase_floors":[],"current_hp_per_floor":[71,71,71,70,70,59,59,54,54,54,35,31,26,24,15,6,71,71,71,71],"gold":460,"neow_bonus":"TEN_PERCENT_HP_BONUS","is_daily":false,"chose_seed":false,"campfire_upgraded":1,"win_rate":0.0,"timestamp":1611392604,"path_taken":["R","M","?","M","M","M","T","M","?","?","?","?","M","?","M","BOSS","R"],"items_purchased_type":[],"build_version":"2020-12-22","purchased_purges":0,"victory":false,"max_hp_per_floor":[71,71,71,71,71,71,71,71,71,71,71,71,71,71,71,71,71,71,71,71],"card_choices":[{"not_picked":["Slimebound:ProtectTheBoss","Slimebound:SlimeBrawl"],"picked":"Slimebound:HauntingLick","floor":2.0},{"not_picked":["Slimebound:HauntingLick","Slimebound:FinishingTackle"],"picked":"Slimebound:Repurpose","floor":4.0},{"not_picked":["Slimebound:LeadByExample","Slimebound:HauntingLick"],"picked":"Slimebound:SlimeBarrage","floor":5.0},{"not_picked":["Slimebound:SamplingLick","Slimebound:SplitMire"],"picked":"Slimebound:GoopSpray","floor":6.0},{"not_picked":["Slimebound:Schlurp","Slimebound:SamplingLick","Slimebound:SlimeSpikes"],"picked":"Slimebound:SplitAcid","floor":8.0},{"not_picked":["Slimebound:LeadByExample","Slimebound:SplitBruiser","Slimebound:HauntingLick"],"picked":"Slimebound:ItLooksTasty","floor":11.0},{"not_picked":["Slimebound:Prepare","Slimebound:ProtectTheBoss","Slimebound:DisruptingSlam"],"picked":"Slimebound:LeechingTouch","floor":12.0},{"not_picked":["Slimebound:PressTheAttack","Slimebound:FormOfPuddle","Slimebound:SamplingLick"],"picked":"Slimebound:LivingWall","floor":13.0},{"not_picked":["Slimebound:FlameTackle","Slimebound:SamplingLick","Slimebound:LeechEnergy"],"picked":"Slimebound:SelfFormingGoo","floor":14.0},{"not_picked":["Slimebound:DisruptingSlam","Slimebound:LivingWall","Slimebound:LeechingTouch"],"picked":"Slimebound:Schlurp","floor":15.0}],"player_experience":206478,"relics_obtained":[{"floor":7.0,"key":"Question Card"},{"floor":11.0,"key":"Pen Nib"}],"event_choices":[{"cards_removed":["Slimebound:Strike_Slimebound"],"damage_healed":0.0,"max_hp_gain":0.0,"max_hp_loss":0.0,"gold_gain":0.0,"event_name":"The Cleric","player_choice":"Card Removal","floor":9.0,"gold_loss":0.0,"damage_taken":0.0}],"is_beta":false,"boss_relics":[{"not_picked":["Runic Pyramid","SacredBark"],"picked":"Cursed Key"}],"items_purged_floors":[],"is_endless":false,"potions_floor_spawned":[2,6,11,15,16],"ascension_level":0}}