{"host":"sw6p9u0oh417cx03","time":1611370764,"event":{"mods":["AchievementEnabler","Act Like it!","BaseMod","CapriCore","DeckTracker","Highlight Path","Minty Spire (QoL Compilation)","Quick Restart","StSLib"],"gold_per_floor":[116,7,7,7,18,44,44,63,134,168,184,207,207,207],"floor_reached":13,"language":"ZHS","playtime":462,"items_purged":["Strike_R"],"score":207,"play_id":"40754d85-1097-4173-b189-219850824751","local_time":"20210123105924","is_ascension_mode":true,"campfire_choices":[{"data":"True Grit","floor":7.0,"key":"SMITH"}],"circlet_count":0,"master_deck":["AscendersBane","Strike_R","Strike_R","Strike_R","Strike_R","Defend_R","Defend_R","Defend_R","Defend_R","Bash","True Grit+1","Second Wind","Bloodletting","Wild Strike","Pommel Strike","Burning Pact"],"relics":["Burning Blood","NeowsBlessing","Pen Nib","Blue Candle","Frozen Egg 2","Odd Mushroom"],"acts_visited":["Exordium"],"potions_floor_usage":[10,12],"damage_taken":[{"damage":0.0,"enemies":"Small Slimes","floor":1.0,"turns":1.0},{"damage":0.0,"enemies":"Cultist","floor":5.0,"turns":1.0},{"damage":0.0,"enemies":"3 Sentries","floor":6.0,"turns":2.0},{"damage":0.0,"enemies":"2 Louse","floor":8.0,"turns":4.0},{"damage":39,"enemies":"Gremlin Nob","floor":10,"turns":6},{"damage":36,"enemies":"Large Slime","floor":11,"turns":10},{"damage":24,"enemies":"The Mushroom Lair","floor":12,"turns":5},{"damage":14,"enemies":"Lagavulin","floor":13,"turns":6}],"seed_played":"8367009924760272632","potions_obtained":[{"floor":4.0,"key":"PowerPotion"},{"floor":4.0,"key":"PowerPotion"},{"floor":5.0,"key":"FairyPotion"},{"floor":11,"key":"Fire Potion"}],"is_trial":false,"path_per_floor":["M","$","?","?","M","E","R","M","T","E","M","?","E"],"character_chosen":"IRONCLAD","items_purchased":["Second Wind"],"campfire_rested":0,"item_purchase_floors":[2],"current_hp_per_floor":[74,74,74,74,75,75,75,75,75,42,12,28,14,14],"gold":207,"neow_bonus":"THREE_ENEMY_KILL","is_daily":false,"chose_seed":false,"campfire_upgraded":1,"win_rate":0.0,"timestamp":1611370764,"path_taken":["M","$","?","?","M","E","R","M","T","E","?","?","E"],"items_purchased_type":["Card"],"build_version":"2020-12-22","purchased_purges":1,"victory":false,"max_hp_per_floor":[75,75,75,75,75,75,75,75,75,75,75,75,75,75],"card_choices":[{"not_picked":["Thunderclap","Heavy Blade"],"picked":"True Grit","floor":1.0},{"not_picked":["Inflame","Metallicize"],"picked":"Bloodletting","floor":5.0},{"not_picked":["Anger","Flex","True Grit"],"picked":"SKIP","floor":6.0},{"not_picked":["Havoc","Cleave","True Grit"],"picked":"SKIP","floor":8.0},{"not_picked":["Armaments","Twin Strike"],"picked":"Wild Strike","floor":10},{"not_picked":["Demon Form+1","Iron Wave"],"picked":"Pommel Strike","floor":11},{"not_picked":["Flex","Perfected Strike"],"picked":"Burning Pact","floor":12}],"player_experience":324483,"relics_obtained":[{"floor":6.0,"key":"Pen Nib"},{"floor":9.0,"key":"Blue Candle"},{"floor":10,"key":"Frozen Egg 2"},{"floor":12,"key":"Odd Mushroom"}],"event_choices":[{"damage_healed":0.0,"max_hp_gain":0.0,"max_hp_loss":0.0,"gold_gain":0.0,"event_name":"Liars Game","player_choice":"Ignored","floor":3.0,"gold_loss":0.0,"damage_taken":0.0},{"damage_healed":0.0,"max_hp_gain":0.0,"max_hp_loss":0.0,"gold_gain":0.0,"event_name":"Lab","player_choice":"Got Potions","floor":4.0,"gold_loss":0.0,"damage_taken":0.0},{"damage_healed":0,"gold_gain":0,"player_choice":"Fought Mushrooms","damage_taken":0,"max_hp_gain":0,"max_hp_loss":0,"event_name":"Mushrooms","floor":12,"gold_loss":0}],"is_beta":false,"boss_relics":[],"items_purged_floors":[2],"is_endless":false,"potions_floor_spawned":[5,8,11],"killed_by":"Lagavulin","ascension_level":15}}