{"host":"ttx8tv95o5vka1nm","time":1611368621,"event":{"mods":["AchievementEnabler","BaseMod","Colored Map","Infinite Spire","Minty Spire (QoL Compilation)","Replay The Spire","Shop Mod","StSLib","The Jungle"],"gold_per_floor":[119,119,10,10,20,51,51,79,79,79,79,79,96,109,109,205,205,252,252,252,266,283,345,345,372,372,372,372],"floor_reached":27,"language":"ENG","playtime":2152,"items_purged":["Defend_P"],"score":369,"play_id":"76b6b9f3-e8cd-4953-9b0b-c2b89ac05d86","local_time":"20210123122341","is_ascension_mode":true,"campfire_choices":[{"data":"BattleHymn","floor":7,"key":"SMITH"},{"data":"TalkToTheHand","floor":10,"key":"SMITH"},{"data":"Vigilance","floor":12,"key":"SMITH"},{"data":"CutThroughFate","floor":15,"key":"SMITH"},{"data":"Strike_P","floor":24,"key":"PURGE"}],"circlet_count":0,"master_deck":["Strike_P","Strike_P+1","Defend_P+1","Defend_P","Eruption+1","Vigilance+1","Consecrate","TalkToTheHand+1","EmptyMind","CutThroughFate+1","BattleHymn+1","EmptyFist","Crescendo+1","Wish+1","EmptyBody+1","DeceiveReality+1","ClearTheMind+1","Protect+1"],"relics":["PureWater","Eternal Feather","Replay:WaspNest","infinitespire:BottledMercury","Toxic Egg 2","infinitespire:Cupcake","Peace Pipe","Juzu Bracelet","Garlic","infinitespire:Satchel"],"acts_visited":["Exordium","TheCity"],"potions_floor_usage":[25],"damage_taken":[{"damage":0,"enemies":"Cultist","floor":1,"turns":3},{"damage":0,"enemies":"2 Louse","floor":5,"turns":2},{"damage":1,"enemies":"Replay:BlueRogue","floor":6,"turns":4},{"damage":0,"enemies":"Lagavulin","floor":8,"turns":4},{"damage":1,"enemies":"Jaw Worm","floor":13,"turns":2},{"damage":0,"enemies":"Looter","floor":14,"turns":2},{"damage":5,"enemies":"The Guardian","floor":16,"turns":9},{"damage":6,"enemies":"3 Byrds","floor":18,"turns":3},{"damage":0,"enemies":"Spheric Guardian","floor":21,"turns":2},{"damage":0,"enemies":"Chosen and Byrds","floor":22,"turns":4},{"damage":21,"enemies":"Slavers","floor":23,"turns":6},{"damage":41,"enemies":"Nightmare","floor":25,"turns":13},{"damage":14,"enemies":"Slavers","floor":27,"turns":1}],"seed_played":"-7570717202163436653","potions_obtained":[{"floor":1,"key":"DuplicationPotion"},{"floor":5,"key":"SteroidPotion"},{"floor":8,"key":"Milkshake"}],"is_trial":false,"path_per_floor":["M","?","$","?","M","E","R","E","T","R","T","R","M","M","R","B",null,"M","?","AVR","M","M","E","R","NM","T","E"],"character_chosen":"WATCHER","items_purchased":["TalkToTheHand","EmptyMind"],"campfire_rested":0,"item_purchase_floors":[3,3],"current_hp_per_floor":[65,52,52,52,52,51,57,57,57,63,63,65,64,64,65,60,64,58,58,58,58,58,37,46,5,5,0,0],"gold":372,"neow_bonus":"REMOVE_TWO","is_daily":false,"chose_seed":false,"campfire_upgraded":4,"win_rate":0.0,"timestamp":1611368621,"path_taken":["M","?","$","?","M","E","R","E","T","R","?","R","M","M","R","BOSS","M","?","AVR","M","M","E","R","NM","T","E"],"items_purchased_type":["Card","Card"],"build_version":"2020-12-22","purchased_purges":1,"victory":false,"max_hp_per_floor":[65,65,65,65,65,65,65,65,65,65,65,65,65,65,65,65,65,65,65,65,65,65,65,65,65,65,65,65],"card_choices":[{"not_picked":["JustLucky","Replay:BluntJabs"],"picked":"Consecrate","floor":1},{"not_picked":["Replay:Vibes","Fasting2"],"picked":"CutThroughFate","floor":5},{"not_picked":["Study","JustLucky"],"picked":"BattleHymn","floor":6},{"not_picked":["JustLucky","Replay:Cycle"],"picked":"EmptyFist","floor":8},{"not_picked":["Indignation+1","BowlingBash"],"picked":"Crescendo+1","floor":13},{"not_picked":["Crescendo+1","Replay:BluntJabs","Replay:AtTheReady+1"],"picked":"SKIP","floor":14},{"not_picked":["Omniscience+1","Blasphemy+1"],"picked":"Wish+1","floor":16},{"not_picked":["Prostrate+1","Evaluate+1"],"picked":"EmptyBody+1","floor":18},{"not_picked":["BowlingBash","Study+1"],"picked":"DeceiveReality+1","floor":21},{"not_picked":["Replay:BluntJabs","PathToVictory+1"],"picked":"ClearTheMind+1","floor":22},{"not_picked":["Blasphemy+1","Prostrate+1","FlyingSleeves"],"picked":"SKIP","floor":23},{"not_picked":["Evaluate+1","Halt+1"],"picked":"Protect+1","floor":25}],"player_experience":689615,"relics_obtained":[{"floor":6,"key":"Eternal Feather"},{"floor":8,"key":"Replay:WaspNest"},{"floor":9,"key":"infinitespire:BottledMercury"},{"floor":11,"key":"Toxic Egg 2"},{"floor":23,"key":"Juzu Bracelet"},{"floor":25,"key":"Garlic"},{"floor":26,"key":"infinitespire:Satchel"}],"event_choices":[{"damage_healed":0,"gold_gain":0,"player_choice":"Entered Light","damage_taken":13,"max_hp_gain":0,"max_hp_loss":0,"event_name":"Shining Light","floor":2,"gold_loss":0,"cards_upgraded":["Defend_P","Strike_P"]},{"damage_healed":0,"gold_gain":0,"player_choice":"Grow","damage_taken":0,"max_hp_gain":0,"max_hp_loss":0,"event_name":"Living Wall","floor":4,"gold_loss":0,"cards_upgraded":["Eruption"]},{"damage_healed":0,"gold_gain":0,"player_choice":"Got Potions","damage_taken":0,"max_hp_gain":0,"max_hp_loss":0,"event_name":"Lab","floor":19,"gold_loss":0}],"is_beta":false,"boss_relics":[{"not_picked":["Calling Bell","Honey Jar"],"picked":"infinitespire:Cupcake"}],"items_purged_floors":[20],"is_endless":true,"potions_floor_spawned":[1,5,8,13,18,21],"killed_by":"Slavers","ascension_level":6}}