{"host":"fmwbmnqnrup981we","time":1611365872,"event":{"mods":["AchievementEnabler","Act Like it!","Alarm Clock","Arknights The Spire","Aspiration","BaseMod","Better Altar","Better Match","Better Note","Better Sensory Stone","Better Skull","Better Synergies","Better Third Choice","Better Vampires","BetterRewards","Block Reminder","Curses Come First","Custom Start","DeckTracker","Displayed Cursed Tome","Downfall","Duelist Mod","Elementarium","Energized Spire","Evolution","Fox Events","Gold Saver","Good Game Mod","GungeonMod","HexUI Lib","HornydragonMod","Infinite Spire","Kratos Character Expansion","Marked Mod","Minty Spire (QoL Compilation)","Permanent Neow","Pikachu Mod","Poor People Problems","Potionbrewer","Quick Restart","Relic Stats","Reorder Act Four","SIMod","Shop Mod","Small Relic Pack","StS++","StSLib","The Bug Knight","The Death Knight","The Forsaken","The Marked","The Necromancer","The Runesmith","The Servant 0.9.4","The Wild Card","TheHero","TheVacant","TheVelvet","Transform Curses","Uncapped","Unceasing Turn Reminder","Waifu the Spire","Yuri Mod","everything is the same but u backflip on backflip"],"gold_per_floor":[2304,2304,2304,2318,2288,2319,2319,2337,2337,2363,2363,2383,1810,1810,1810,1906,1906,1919,1919,1942,1852,964,993,1010,1037,1037,1037,1072,1072,142,229,229,354,354,389,389,459,477,564,564,593,593,644,662,266,347,430,441,441,441,441,10,10,58,78,78],"floor_reached":55,"language":"ENG","playtime":1887,"items_purged":["Defend_P"],"score":1166,"play_id":"60ca7211-7f1d-4c24-899f-0dbe4e7dee48","local_time":"20210123013752","is_ascension_mode":true,"campfire_choices":[{"floor":7,"key":"RECALL"},{"data":"Dramatic Entrance","floor":27,"key":"SMITH"},{"data":"DevaForm","floor":32,"key":"SMITH"},{"floor":40,"key":"REST"},{"data":"MasterReality","floor":42,"key":"SMITH"},{"floor":49,"key":"REST"},{"data":"Eruption","floor":53,"key":"SMITH"}],"circlet_count":0,"master_deck":["EmptyFist","EmptyFist","EmptyFist","EmptyFist","Eruption+1","Vigilance+1","Brilliance","Dramatic Entrance+1","FlurryOfBlows","Weave","FlurryOfBlows","Dark Shackles+1","MasterReality+1","MarkedMod:OneThousandNeedles+1","FlurryOfBlows","MarkedMod:GracefulMovements","CrushJoints","Violence+1","Halt+1","Crescendo+1","DevaForm+1","infinitespire:NeuralNetwork+1","Violence+1","Dramatic Entrance","FollowUp","Alpha+1","FollowUp+1","FollowUp+1","ForeignInfluence+1","DeusExMachina+1","Consecrate","JustLucky","Prostrate+1","Impatience+1"],"relics":["PureWater","EVO:Axolotl","REME:ComplimentaryCards","Pyrelight","Bag of Marbles","FossilizedHelix","Toxic Egg 2","aspiration:ArtOfWarUpgrade","Toolbox","Pantograph","SacredBark","Matryoshka","Lantern","potionbrewer:Keyblade","PreservedInsect","infinitespire:Beetle Shell","potionbrewer:ToyAutogyro","Ancient Tea Set","HollowMod:StagPassRelic","DemoMod:GreenGuonStone","relicPack:KazumaCape","infinitespire:WardingShard","Du-Vu Doll","potionbrewer:SalesContract","infinitespire:Cupcake","infinitespire:PuzzleCube","Nunchaku","potionbrewer:Torch","Strange Spoon","HornCleat","DemoMod:VorpalBullet","Strawberry"],"acts_visited":["Exordium","TheCity","TheBeyond","TheEnding"],"potions_floor_usage":[16,16,41],"damage_taken":[{"damage":0,"enemies":"2 Louse","floor":1,"turns":2},{"damage":0,"enemies":"Jaw Worm","floor":4,"turns":2},{"damage":0,"enemies":"Gremlin Nob","floor":6,"turns":2},{"damage":0,"enemies":"Cultist","floor":8,"turns":2},{"damage":0,"enemies":"HollowMod:MossKnight","floor":10,"turns":4},{"damage":0,"enemies":"Looter","floor":12,"turns":1},{"damage":0,"enemies":"The Guardian","floor":16,"turns":5},{"damage":0,"enemies":"Chosen","floor":18,"turns":3},{"damage":0,"enemies":"Slavers","floor":23,"turns":1},{"damage":0,"enemies":"Spheric Guardian","floor":24,"turns":3},{"damage":0,"enemies":"theDuelist:KaibaA2","floor":25,"turns":1},{"damage":0,"enemies":"Book of Stabbing","floor":28,"turns":1},{"damage":0,"enemies":"Snake Plant","floor":31,"turns":1},{"damage":0,"enemies":"Automaton","floor":33,"turns":6},{"damage":6,"enemies":"3 Shapes","floor":35,"turns":1},{"damage":0,"enemies":"Orb Walker","floor":37,"turns":2},{"damage":0,"enemies":"Maw","floor":38,"turns":3},{"damage":9,"enemies":"4 Shapes","floor":39,"turns":2},{"damage":10,"enemies":"Nemesis","floor":41,"turns":3},{"damage":0,"enemies":"Spire Growth","floor":44,"turns":2},{"damage":54,"enemies":"HollowMod:SlobberingHusk","floor":46,"turns":4},{"damage":0,"enemies":"Transient","floor":47,"turns":5},{"damage":0,"enemies":"Jaw Worm Horde","floor":48,"turns":1},{"damage":10,"enemies":"Donu and Deca","floor":50,"turns":4},{"damage":0,"enemies":"Shield and Spear","floor":54,"turns":2},{"damage":88,"enemies":"The Heart","floor":55,"turns":5}],"seed_played":"6310830168575109713","potions_obtained":[{"floor":1,"key":"DeathKnight:RimePotion"},{"floor":5,"key":"BottledMiracle"},{"floor":5,"key":"DeathKnight:RimePotion"},{"floor":6,"key":"Dexterity Potion"},{"floor":12,"key":"potionbrewer:DiscountPotion"},{"floor":18,"key":"Energy Potion"},{"floor":28,"key":"hexamod:SoulburnPotion"}],"is_trial":false,"path_per_floor":["M","?","?","M","?","E","R","M","T","E","R","M","$","?","R","B",null,"M","?","T","?","$","E","M","E","T","R","E","AVR","$","M","R","B",null,"M","?","M","M","M","R","E","R","T","M","$","M","M","M","R","B",null,"$","R","E","B"],"character_chosen":"WATCHER","items_purchased":["Dark Shackles+1","Toolbox","Pantograph","Matryoshka","Lantern","potionbrewer:Keyblade","FlurryOfBlows","MarkedMod:GracefulMovements","CrushJoints","Violence+1","Violence+1","Dramatic Entrance","infinitespire:WardingShard","Du-Vu Doll","potionbrewer:SalesContract","Strange Spoon","HornCleat","DemoMod:VorpalBullet","Prostrate+1","Impatience+1"],"campfire_rested":2,"item_purchase_floors":[13,13,13,22,22,22,22,22,22,22,30,30,30,30,30,45,45,52,52,52],"current_hp_per_floor":[72,72,72,72,72,72,72,72,72,72,72,72,72,72,72,72,72,72,72,72,72,72,72,72,72,72,72,72,72,72,72,72,72,72,66,66,66,66,57,72,62,62,62,62,62,14,14,14,35,50,72,72,72,79,0,0],"gold":78,"neow_bonus":"RANDOM_COLORLESS","is_daily":false,"chose_seed":false,"campfire_upgraded":4,"win_rate":0.0,"timestamp":1611365872,"path_taken":["M","?","?","?","?","E","R","M","T","E","R","?","?","?","R","BOSS","M","?","?","?","$","E","M","E","T","R","E","AVR","?","M","R","BOSS","M","?","M","M","M","R","E","R","T","M","?","M","M","M","R","BOSS","$","R","E","BOSS"],"items_purchased_type":["Card","Relic","Relic","Relic","Relic","Relic","Card","Card","Card","Card","Card","Card","Relic","Relic","Relic","Relic","Relic","Relic","Card","Card"],"build_version":"2020-12-22","purchased_purges":1,"victory":false,"max_hp_per_floor":[72,72,72,72,72,72,72,72,72,72,72,72,72,72,72,72,72,72,72,72,72,72,72,72,72,72,72,72,72,72,72,72,72,72,72,72,72,72,72,72,72,72,72,72,72,72,72,72,72,72,72,72,72,79,79,79],"relic_stats":{"Strange Spoon":[36],"Nunchaku":[14],"counters":[26,68],"Pantograph":25,"PreservedInsect":183,"obtain_stats":[{"DemoMod:GreenGuonStone":29,"Lantern":22,"SacredBark":17,"potionbrewer:SalesContract":30,"DemoMod:GlassGuonStoneRelic":1,"EVO:Axolotl":0,"Ancient Tea Set":26,"HollowMod:StagPassRelic":28,"Nunchaku":43,"Matryoshka":22,"HornCleat":45,"Pantograph":13,"Strawberry":54,"Toolbox":13,"aspiration:ArtOfWarUpgrade":15,"Toxic Egg 2":9,"Pyrelight":2,"PreservedInsect":23,"infinitespire:Beetle Shell":25,"potionbrewer:ToyAutogyro":26,"Du-Vu Doll":30,"potionbrewer:Torch":43,"Strange Spoon":45,"REME:ComplimentaryCards":0,"relicPack:KazumaCape":29,"infinitespire:WardingShard":30,"Bag of Marbles":3,"Art of War":10,"PureWater":0,"potionbrewer:Keyblade":22,"FossilizedHelix":6,"infinitespire:PuzzleCube":41,"DemoMod:VorpalBullet":52,"infinitespire:Cupcake":34},{"DemoMod:GreenGuonStone":12,"Lantern":8,"SacredBark":7,"potionbrewer:SalesContract":12,"DemoMod:GlassGuonStoneRelic":1,"EVO:Axolotl":0,"Ancient Tea Set":11,"HollowMod:StagPassRelic":12,"Nunchaku":19,"Matryoshka":8,"HornCleat":20,"Pantograph":6,"Strawberry":25,"Toolbox":6,"aspiration:ArtOfWarUpgrade":6,"Toxic Egg 2":4,"Pyrelight":1,"PreservedInsect":9,"infinitespire:Beetle Shell":11,"potionbrewer:ToyAutogyro":11,"Du-Vu Doll":12,"potionbrewer:Torch":19,"Strange Spoon":20,"REME:ComplimentaryCards":0,"relicPack:KazumaCape":12,"infinitespire:WardingShard":12,"Bag of Marbles":1,"Art of War":5,"PureWater":0,"potionbrewer:Keyblade":8,"FossilizedHelix":3,"infinitespire:PuzzleCube":19,"DemoMod:VorpalBullet":24,"infinitespire:Cupcake":14},{"DemoMod:GreenGuonStone":27,"Lantern":21,"SacredBark":18,"potionbrewer:SalesContract":27,"DemoMod:GlassGuonStoneRelic":2,"EVO:Axolotl":0,"Ancient Tea Set":26,"HollowMod:StagPassRelic":27,"Nunchaku":45,"Matryoshka":21,"HornCleat":47,"Pantograph":13,"Strawberry":63,"Toolbox":13,"aspiration:ArtOfWarUpgrade":13,"Toxic Egg 2":8,"Pyrelight":2,"PreservedInsect":22,"infinitespire:Beetle Shell":26,"potionbrewer:ToyAutogyro":26,"Du-Vu Doll":27,"potionbrewer:Torch":45,"Strange Spoon":47,"REME:ComplimentaryCards":0,"relicPack:KazumaCape":27,"infinitespire:WardingShard":27,"Bag of Marbles":2,"Art of War":12,"PureWater":0,"potionbrewer:Keyblade":21,"FossilizedHelix":6,"infinitespire:PuzzleCube":45,"DemoMod:VorpalBullet":61,"infinitespire:Cupcake":34}]},"card_choices":[{"not_picked":["Panacea","Deep Breath"],"picked":"Dramatic Entrance","floor":0},{"not_picked":["PathToVictory","CutThroughFate","EmptyMind"],"picked":"SKIP","floor":1},{"not_picked":["SashWhip","InnerPeace","Brilliance"],"picked":"SKIP","floor":4},{"not_picked":["Swivel","StSpp:Renounce"],"picked":"FlurryOfBlows","floor":6},{"not_picked":["Conclude","Evaluate"],"picked":"Weave","floor":8},{"not_picked":["Weave","FollowUp"],"picked":"FlurryOfBlows","floor":10},{"not_picked":["Adaptation","MarkedMod:GentlePulse+1","Vengeance+1"],"picked":"SKIP","floor":12},{"not_picked":["Vault+1","MarkedMod:SlowDance+1"],"picked":"MasterReality","floor":16},{"not_picked":["MarkedMod:Acupuncture","StSpp:Renounce+1","Evaluate+1"],"picked":"SKIP","floor":18},{"not_picked":["DeceiveReality+1","CarveReality","Worship+1"],"picked":"SKIP","floor":23},{"not_picked":["InnerPeace+1","MarkedMod:GracefulMovements+1"],"picked":"Halt+1","floor":24},{"not_picked":["EmptyBody+1","ReachHeaven"],"picked":"Crescendo+1","floor":25},{"not_picked":["Adaptation","MarkedMod:GentlePulse+1"],"picked":"DevaForm","floor":28},{"not_picked":["Halt+1","MentalFortress"],"picked":"FollowUp","floor":31},{"not_picked":["StSpp:Patience+1","MasterReality"],"picked":"Alpha+1","floor":33},{"not_picked":["CutThroughFate","ForeignInfluence+1"],"picked":"FollowUp+1","floor":35},{"not_picked":["Protect+1","StSpp:LatentStrike","MarkedMod:FirstStrike+1"],"picked":"SKIP","floor":37},{"not_picked":["InnerPeace+1","MarkedMod:GentlePulse+1"],"picked":"FollowUp+1","floor":38},{"not_picked":["MarkedMod:Acupuncture+1","CutThroughFate+1","Tantrum+1"],"picked":"SKIP","floor":39},{"not_picked":["Indignation+1","Tantrum+1"],"picked":"ForeignInfluence+1","floor":41},{"not_picked":["CarveReality+1","StSpp:LatentStrike+1"],"picked":"DeusExMachina+1","floor":44},{"not_picked":["ClearTheMind+1","ThirdEye+1"],"picked":"Consecrate","floor":46},{"not_picked":["MarkedMod:OneThousandNeedles+1","Fasting2+1","Halt+1"],"picked":"SKIP","floor":47},{"not_picked":["WreathOfFlame+1","ThirdEye+1"],"picked":"JustLucky","floor":48},{"not_picked":["CrushJoints","Indignation+1","DeceiveReality+1"],"picked":"SKIP","floor":54}],"player_experience":469173,"relics_obtained":[{"floor":3,"key":"Bag of Marbles"},{"floor":6,"key":"FossilizedHelix"},{"floor":9,"key":"Toxic Egg 2"},{"floor":10,"key":"Art of War"},{"floor":23,"key":"PreservedInsect"},{"floor":25,"key":"infinitespire:Beetle Shell"},{"floor":26,"key":"potionbrewer:ToyAutogyro"},{"floor":26,"key":"Ancient Tea Set"},{"floor":28,"key":"HollowMod:StagPassRelic"},{"floor":41,"key":"infinitespire:PuzzleCube"},{"floor":43,"key":"Nunchaku"},{"floor":43,"key":"potionbrewer:Torch"},{"floor":54,"key":"Strawberry"}],"event_choices":[{"damage_healed":0,"gold_gain":0,"player_choice":"Bought 2 Potions","damage_taken":0,"max_hp_gain":0,"max_hp_loss":0,"event_name":"The Woman in Blue","floor":5,"gold_loss":0},{"cards_removed":["Defend_P"],"damage_healed":0,"gold_gain":0,"player_choice":"Purged","damage_taken":0,"max_hp_gain":0,"max_hp_loss":0,"event_name":"Purifier","floor":14,"gold_loss":0},{"damage_healed":0,"gold_gain":0,"cards_transformed":["Defend_P"],"player_choice":"Transformed","damage_taken":0,"max_hp_gain":0,"max_hp_loss":0,"event_name":"Transmorgrifier","floor":19,"gold_loss":0,"cards_obtained":["MarkedMod:OneThousandNeedles"]},{"cards_removed":["ThirdEye"],"damage_healed":0,"gold_gain":0,"player_choice":"Upgrade and Remove","damage_taken":0,"max_hp_gain":0,"max_hp_loss":0,"event_name":"Designer","floor":21,"gold_loss":90,"cards_upgraded":["Vigilance"]},{"damage_healed":0,"gold_gain":0,"player_choice":"Upgraded","damage_taken":0,"max_hp_gain":0,"max_hp_loss":0,"event_name":"Upgrade Shrine","floor":36,"gold_loss":0,"cards_upgraded":["infinitespire:NeuralNetwork"]}],"is_beta":false,"boss_relics":[{"not_picked":["VioletLotus","StSpp:CrystalBall"],"picked":"SacredBark"},{"not_picked":["Runesmith:UraniumAnvil","Empty Cage"],"picked":"infinitespire:Cupcake"}],"items_purged_floors":[13],"is_endless":false,"potions_floor_spawned":[1,6,12,18,28,31,33,35,39,46,47,54],"killed_by":"The Heart","ascension_level":1}}