{"host":"awrw1gk2acwismlg","time":1611391806,"event":{"mods":["100% Spire Juice","ATMod(°¢èªMod)","BaseMod","Bestiary","Hero for Fun","KinomotoSakuraMod(Ä¾Ö®±¾Ó£)","Marisa£¨ìFÓê¡¡Ä§ÀíÉ³£©","Minty Spire (QoL Compilation)","Remilia£¨ÀÙÃ×ÀòÑÇ£©","Robot Space Explorer","Small Relic Pack","StSLib","The Dragon Tamer","Wide Potions","Yakumo Yukari mod","Youmu£¨»êÆÇÑýÃÎ£©","¡¾ÒÅÎï¿¨ÅÆ¡¿REMEMod","óô»ðÖ¸ÄÏ"],"gold_per_floor":[119,119,44,62,62,94,94,94,140,168,188,188,201,376,84,182,182,201,215,20,20,39,39,58,69,69,85,96,25,25,123,123,227,227,439,439,650,1293,1293,986,986,986],"floor_reached":41,"language":"ZHS","playtime":2779,"items_purged":["Strike_G","Regret","Normality"],"score":578,"play_id":"39d8b08c-5ce6-41dd-a4c0-f5578dd7e47d","local_time":"20210123165006","is_ascension_mode":false,"campfire_choices":[{"data":"AT_FamilyPortrait","floor":7,"key":"SMITH"},{"data":"Bouncing Flask","floor":12,"key":"SMITH"},{"data":"Deadly Poison","floor":23,"key":"SMITH"},{"floor":32,"key":"REST"}],"circlet_count":0,"master_deck":["Strike_G","Strike_G","Strike_G","Defend_G","Defend_G","Defend_G","Defend_G","Defend_G","Survivor","Neutralize","AT_FamilyPortrait+1","Deadly Poison+1","Deadly Poison","Bouncing Flask+1","Doubt","Apotheosis+1","REME_CopyPotion","Bouncing Flask","Crippling Poison","Tools of the Trade","relicPack:TruthCard","Regret","Parasite","Normality","AT_ArcaneSupremacy+1","Decay","REME_BodyOfCthun"],"relics":["Ring of the Serpent","AT_ATBox","REME_ComplimentaryCards","NeowsBlessing","Vajra","PreservedInsect","HornCleat","Blood Vial","InkBottle","AT_ArchangelStaff","Tingsha","relicPack:AllForOne","REME_DemonsWealth","Orrery"],"acts_visited":["Exordium","TheCity","TheBeyond"],"potions_floor_usage":[16,16,18,27,28,33],"damage_taken":[{"damage":0,"enemies":"Small Slimes","floor":1,"turns":1},{"damage":0,"enemies":"Cultist","floor":4,"turns":1},{"damage":0,"enemies":"3 Sentries","floor":6,"turns":1},{"damage":13,"enemies":"Lagavulin","floor":10,"turns":6},{"damage":5,"enemies":"Jaw Worm","floor":11,"turns":4},{"damage":19,"enemies":"3 Louse","floor":13,"turns":3},{"damage":19,"enemies":"Slime Boss","floor":16,"turns":13},{"damage":10,"enemies":"2 Thieves","floor":18,"turns":3},{"damage":0,"enemies":"Spheric Guardian","floor":19,"turns":3},{"damage":31,"enemies":"Cultist and Chosen","floor":22,"turns":7},{"damage":23,"enemies":"Sentry and Sphere","floor":24,"turns":5},{"damage":8,"enemies":"Centurion and Healer","floor":25,"turns":6},{"damage":0,"enemies":"Chosen and Byrds","floor":27,"turns":6},{"damage":0,"enemies":"Snake Plant","floor":28,"turns":3},{"damage":1,"enemies":"Snecko","floor":31,"turns":4},{"damage":34,"enemies":"Champ","floor":33,"turns":14},{"damage":25,"enemies":"3 Darklings","floor":35,"turns":8},{"damage":13,"enemies":"Orb Walker","floor":37,"turns":4},{"damage":41,"enemies":"Transient","floor":41,"turns":3}],"seed_played":"-6602292891393056069","potions_obtained":[{"floor":6,"key":"SteroidPotion"},{"floor":10,"key":"GamblersBrew"},{"floor":16,"key":"Fire Potion"},{"floor":22,"key":"EssenceOfSteel"},{"floor":27,"key":"EssenceOfSteel"},{"floor":31,"key":"SpeedPotion"},{"floor":35,"key":"EssenceOfSteel"}],"is_trial":false,"path_per_floor":["M","?","$","M","$","E","R","?","T","E","M","R","M","?","R","B",null,"M","M","$","?","M","R","M","M","T","M","M","$","?","M","R","B",null,"M","?","M","$","?","R","M"],"character_chosen":"THE_SILENT","items_purchased":["Apotheosis","AT_ArchangelStaff","Block Potion","Crippling Poison","Orrery","REME_BodyOfCthun"],"campfire_rested":1,"item_purchase_floors":[15,20,20,29,38,40],"current_hp_per_floor":[70,70,70,70,70,70,70,70,70,57,54,54,37,37,37,20,70,60,62,62,62,33,33,12,6,6,8,10,10,10,11,32,8,70,45,45,34,34,34,34,0,0],"gold":986,"neow_bonus":"THREE_ENEMY_KILL","is_daily":false,"chose_seed":false,"campfire_upgraded":3,"win_rate":0.0,"timestamp":1611391806,"path_taken":["M","?","$","?","$","E","R","?","T","E","M","R","M","?","R","BOSS","M","M","$","?","M","R","M","M","T","M","?","?","?","M","R","BOSS","M","?","M","$","?","R","?"],"items_purchased_type":["Card","Relic","Potion","Card","Relic","Card"],"build_version":"2020-12-22","purchased_purges":3,"victory":false,"max_hp_per_floor":[70,70,70,70,70,70,70,70,70,70,70,70,70,70,70,70,70,70,70,70,70,70,70,70,70,70,70,70,70,70,70,70,70,70,70,70,70,70,70,70,70,70],"card_choices":[{"not_picked":["Sucker Punch","Poisoned Stab"],"picked":"Deadly Poison","floor":1},{"not_picked":["PiercingWail","Underhanded Strike","Deflect"],"picked":"SKIP","floor":4},{"not_picked":["REME_GrazeFinale","Footwork"],"picked":"Deadly Poison","floor":6},{"not_picked":["Blade Dance","Terror"],"picked":"Bouncing Flask","floor":10},{"not_picked":["REME_ShadowStrike","Dagger Throw","Dagger Spray"],"picked":"SKIP","floor":11},{"not_picked":["Terror","Dagger Throw","All Out Attack"],"picked":"SKIP","floor":13},{"not_picked":["Malaise","Die Die Die"],"picked":"REME_CopyPotion","floor":16},{"not_picked":["Expertise","Sucker Punch","Dagger Throw"],"picked":"SKIP","floor":18},{"not_picked":["Sucker Punch","Slice+1","Blade Dance"],"picked":"SKIP","floor":19},{"not_picked":["Backflip","Underhanded Strike","Outmaneuver"],"picked":"SKIP","floor":22},{"not_picked":["Acrobatics","AT_Desolate","AT_WindFlip+1"],"picked":"SKIP","floor":24},{"not_picked":["Infinite Blades","Backstab","Prepared"],"picked":"SKIP","floor":25},{"not_picked":["Sucker Punch","AT_WindFlip","Predator"],"picked":"SKIP","floor":27},{"not_picked":["Deadly Poison","Prepared"],"picked":"Bouncing Flask","floor":28},{"not_picked":["Deflect","Tools of the Trade","Caltrops"],"picked":"SKIP","floor":31},{"not_picked":["AT_KingSlayer","Glass Knife"],"picked":"Tools of the Trade","floor":33},{"not_picked":["Underhanded Strike","Sucker Punch+1","AT_Desolate+1"],"picked":"relicPack:TruthCard","floor":35},{"not_picked":["PiercingWail+1","Backflip+1","Prepared"],"picked":"Regret","floor":37},{"not_picked":["AT_ThistleTea","Endless Agony","Quick Slash"],"picked":"Parasite","floor":38},{"not_picked":["Tactician+1","Flying Knee+1","Blade Dance+1"],"picked":"Normality","floor":38},{"not_picked":["AT_ShadowStep","Quick Slash","Malaise"],"picked":"Normality","floor":38},{"not_picked":["Sucker Punch+1","Blur","Injury"],"picked":"AT_ArcaneSupremacy","floor":38},{"not_picked":["Deflect+1","All Out Attack+1","PiercingWail+1"],"picked":"Decay","floor":38}],"player_experience":23144,"relics_obtained":[{"floor":6,"key":"PreservedInsect"},{"floor":9,"key":"Blood Vial"},{"floor":10,"key":"InkBottle"},{"floor":26,"key":"Tingsha"}],"event_choices":[{"cards_removed":["REME_BuildACard"],"damage_healed":0,"gold_gain":0,"player_choice":"Gave Card","damage_taken":0,"relics_obtained":["Vajra"],"max_hp_gain":0,"max_hp_loss":0,"event_name":"WeMeetAgain","floor":2,"gold_loss":0},{"damage_healed":0,"gold_gain":0,"player_choice":"Box","damage_taken":0,"relics_obtained":["HornCleat"],"max_hp_gain":0,"max_hp_loss":0,"event_name":"Big Fish","floor":8,"gold_loss":0,"cards_obtained":["Regret"]},{"damage_healed":0,"gold_gain":175,"player_choice":"AGREE","damage_taken":0,"max_hp_gain":0,"max_hp_loss":0,"event_name":"Liars Game","floor":14,"gold_loss":0,"cards_obtained":["Doubt"]},{"damage_healed":0,"gold_gain":0,"player_choice":"Upgraded","damage_taken":0,"max_hp_gain":0,"max_hp_loss":0,"event_name":"Upgrade Shrine","floor":21,"gold_loss":0,"cards_upgraded":["Apotheosis"]},{"cards_removed":["Strike_G"],"damage_healed":0,"gold_gain":0,"player_choice":"Removed Attack","damage_taken":0,"max_hp_gain":0,"max_hp_loss":0,"event_name":"Falling","floor":36,"gold_loss":0},{"damage_healed":0,"gold_gain":0,"player_choice":"Upgraded","damage_taken":0,"max_hp_gain":0,"max_hp_loss":0,"event_name":"Upgrade Shrine","floor":39,"gold_loss":0,"cards_upgraded":["AT_ArcaneSupremacy"]}],"is_beta":false,"boss_relics":[{"not_picked":["Cursed Key","relicPack:KazumaCape"],"picked":"Ring of the Serpent"},{"not_picked":["Busted Crown","Philosopher\u0027s Stone"],"picked":"REME_DemonsWealth"}],"items_purged_floors":[3,15,40],"is_endless":false,"potions_floor_spawned":[6,10,16,22,27,31,33,35],"killed_by":"Transient","ascension_level":0}}