{"host":"mvdjuqyd6fncs8p9","time":1611362315,"event":{"mods":["2.2 Compatiblity","AchievementEnabler","BaseMod","Better Third Choice","Custom Start","Hubris","Infinite Spire","Minty Spire (QoL Compilation)","Permanent Neow","Quick Restart","Rare Cards Sparkle","Replay The Spire","StSLib"],"gold_per_floor":[118,134,229,304,323,323,348,368,368,400,15,15,31,31,31,31,31],"floor_reached":16,"language":"ENG","playtime":646,"items_purged":["Strike_R"],"score":110,"play_id":"fb76c8dc-b830-4296-b456-3007eccf050f","local_time":"20210122183835","is_ascension_mode":false,"campfire_choices":[{"data":"Bash","floor":6,"key":"SMITH"},{"floor":12,"key":"REST"},{"data":"Flex","floor":12,"key":"SMITH"},{"floor":15,"key":"REST"},{"data":"Uppercut","floor":15,"key":"SMITH"}],"circlet_count":0,"master_deck":["Strike_R","Strike_R","Strike_R","Strike_R","Defend_R","Defend_R","Defend_R","Defend_R","Bash+1","Body Slam","Uppercut+1","Bloodletting","Flex+1"],"relics":["Burning Blood","NeowsBlessing","infinitespire:Magic Flask","Mirror","Membership Card","infinitespire:Broken Mirror","Bag of Preparation"],"acts_visited":["Exordium"],"potions_floor_usage":[7,16],"damage_taken":[{"damage":0,"enemies":"Small Slimes","floor":1,"turns":1},{"damage":0,"enemies":"Jaw Worm","floor":2,"turns":1},{"damage":0,"enemies":"Cultist","floor":5,"turns":1},{"damage":24,"enemies":"Gremlin Nob","floor":7,"turns":4},{"damage":23,"enemies":"3 Louse","floor":8,"turns":3},{"damage":26,"enemies":"Replay:BlueRogue","floor":10,"turns":5},{"damage":4,"enemies":"Lots of Slimes","floor":13,"turns":3},{"damage":80,"enemies":"Slime Boss","floor":16,"turns":11}],"seed_played":"5109938937977738019","potions_obtained":[{"floor":2,"key":"Weak Potion"},{"floor":10,"key":"Dexterity Potion"}],"is_trial":false,"path_per_floor":["M","M","?","?","M","R","E","M","T","E","$","R","M","$","R","B"],"character_chosen":"IRONCLAD","items_purchased":["Membership Card","infinitespire:Broken Mirror","Bag of Preparation"],"campfire_rested":2,"item_purchase_floors":[11,11,11],"current_hp_per_floor":[80,80,80,69,75,75,57,40,40,20,20,44,46,46,70,0,0],"gold":31,"neow_bonus":"THREE_ENEMY_KILL","is_daily":false,"chose_seed":false,"campfire_upgraded":3,"win_rate":0.0,"timestamp":1611362315,"path_taken":["M","M","?","?","?","R","E","M","T","E","$","R","M","$","R","BOSS"],"items_purchased_type":["Relic","Relic","Relic"],"build_version":"2020-12-22","purchased_purges":1,"victory":false,"max_hp_per_floor":[80,80,80,80,80,80,80,80,80,80,80,80,80,80,80,80,80],"card_choices":[{"not_picked":["ReplayTheSpireMod:Strike From Hell","Sever Soul"],"picked":"Body Slam","floor":1},{"not_picked":["Anger","Dual Wield"],"picked":"Uppercut","floor":2},{"not_picked":["ReplayTheSpireMod:Muscle Training","Hemokinesis"],"picked":"Bloodletting","floor":3},{"not_picked":["Carnage","Fire Breathing"],"picked":"Flex","floor":5},{"not_picked":["Sentinel","Cleave","ReplayTheSpireMod:Strike From Hell"],"picked":"SKIP","floor":7},{"not_picked":["Replay:Undeath\u0027s Touch","Havoc","Seeing Red"],"picked":"SKIP","floor":8},{"not_picked":["hubris:StunningStrike","Shockwave","Seeing Red"],"picked":"SKIP","floor":10},{"not_picked":["Heavy Blade","Warcry","Blood for Blood"],"picked":"SKIP","floor":13}],"player_experience":249454,"relics_obtained":[{"floor":9,"key":"infinitespire:Magic Flask"},{"floor":10,"key":"Mirror"}],"event_choices":[{"damage_healed":0,"gold_gain":75,"player_choice":"Gold","damage_taken":11,"max_hp_gain":0,"max_hp_loss":0,"event_name":"betterThird:BetterGoop","floor":4,"gold_loss":0}],"is_beta":false,"boss_relics":[],"items_purged_floors":[11],"is_endless":false,"potions_floor_spawned":[2,10],"killed_by":"Slime Boss","ascension_level":0}}