{"host":"ci7ivtocgfxh0ueo","time":1611369338,"event":{"mods":["BaseMod","GifTheSpireLib","Minty Spire (QoL Compilation)","StSLib"],"gold_per_floor":[118,118,132,142,292,320,190,190,190,19,19,19,39,54,54,133,133,149,125,125,0,0,0,0,14,14,14,14],"floor_reached":27,"language":"ZHT","playtime":658,"items_purged":["Pain"],"score":401,"play_id":"9f253cae-0e7b-4ad6-8e01-80bcbbe785ca","local_time":"20210123103538","is_ascension_mode":true,"campfire_choices":[{"floor":12,"key":"REST"},{"data":"Armaments","floor":15,"key":"SMITH"},{"floor":23,"key":"REST"}],"circlet_count":0,"master_deck":["AscendersBane","Strike_R+1","Strike_R+1","Strike_R+1","Strike_R+1","Strike_R+1","Defend_R+1","Defend_R+1","Defend_R+1","Defend_R+1","Bash","Armaments","Armaments+1","Shockwave","Fiend Fire+1","Reaper+1","Power Through","Reaper+1","Exhume"],"relics":["Burning Blood","NeowsBlessing","WarpedTongs","Blue Candle","Molten Egg 2","Membership Card","Letter Opener","Empty Cage","InkBottle"],"acts_visited":["Exordium","TheCity"],"potions_floor_usage":[13,14,16,16,19,25,25],"damage_taken":[{"damage":0,"enemies":"Jaw Worm","floor":1,"turns":1},{"damage":0,"enemies":"Cultist","floor":3,"turns":1},{"damage":0,"enemies":"Small Slimes","floor":4,"turns":1},{"damage":63,"enemies":"Lagavulin","floor":6,"turns":9},{"damage":2,"enemies":"2 Fungi Beasts","floor":13,"turns":5},{"damage":11,"enemies":"3 Louse","floor":14,"turns":4},{"damage":56,"enemies":"The Guardian","floor":16,"turns":13},{"damage":50,"enemies":"Shell Parasite","floor":18,"turns":10},{"damage":16,"enemies":"2 Thieves","floor":19,"turns":4},{"damage":46,"enemies":"3 Cultists","floor":25,"turns":8},{"damage":45,"enemies":"Book of Stabbing","floor":27,"turns":4}],"seed_played":"-3176810630941772502","potions_obtained":[{"floor":1,"key":"BloodPotion"},{"floor":13,"key":"AttackPotion"},{"floor":14,"key":"Regen Potion"},{"floor":16,"key":"LiquidBronze"},{"floor":18,"key":"SteroidPotion"},{"floor":19,"key":"Regen Potion"}],"is_trial":false,"path_per_floor":["M","?","M","M","?","E","$","?","T","$","?","R","M","M","R","B",null,"M","M","?","?","$","R","?","M","T","E"],"character_chosen":"IRONCLAD","items_purchased":["SkillPotion","Membership Card"],"campfire_rested":2,"item_purchase_floors":[7,10],"current_hp_per_floor":[74,74,75,75,75,18,18,18,18,18,18,40,44,54,54,19,61,20,10,10,10,10,32,32,38,38,0,0],"gold":14,"neow_bonus":"THREE_ENEMY_KILL","is_daily":false,"chose_seed":false,"campfire_upgraded":1,"win_rate":0.0,"timestamp":1611369338,"path_taken":["M","?","?","M","?","E","$","?","T","$","?","R","M","M","R","BOSS","M","?","?","?","$","R","?","M","T","E"],"items_purchased_type":["Potion","Relic"],"build_version":"2020-12-22","purchased_purges":1,"victory":false,"max_hp_per_floor":[75,75,75,75,75,75,75,75,75,75,75,75,75,75,75,75,75,75,75,75,75,75,75,75,75,75,75,75],"card_choices":[{"not_picked":["Pummel","Havoc"],"picked":"Armaments","floor":1},{"not_picked":["Intimidate","Flex"],"picked":"Metallicize","floor":3},{"not_picked":["Perfected Strike","Headbutt"],"picked":"Armaments","floor":4},{"not_picked":["Twin Strike","Heavy Blade"],"picked":"Shockwave","floor":6},{"not_picked":["Headbutt+1","Clash+1"],"picked":"Fiend Fire+1","floor":13},{"not_picked":["Thunderclap+1","Rampage+1"],"picked":"Armaments","floor":14},{"not_picked":["Limit Break","Barricade"],"picked":"Reaper+1","floor":16},{"not_picked":["Cleave+1","True Grit"],"picked":"Power Through","floor":18},{"not_picked":["Iron Wave+1","Shrug It Off","True Grit+1"],"picked":"SKIP","floor":19},{"not_picked":["Headbutt+1","Havoc"],"picked":"Exhume","floor":25}],"player_experience":1348766,"relics_obtained":[{"floor":6,"key":"Blue Candle"},{"floor":9,"key":"Molten Egg 2"},{"floor":26,"key":"InkBottle"}],"event_choices":[{"damage_healed":0,"gold_gain":0,"player_choice":"Rummage","damage_taken":0,"relics_obtained":["WarpedTongs"],"max_hp_gain":0,"max_hp_loss":0,"event_name":"Accursed Blacksmith","floor":2,"gold_loss":0,"cards_obtained":["Pain"]},{"damage_healed":0,"gold_gain":150,"player_choice":"AGREE","damage_taken":0,"max_hp_gain":0,"max_hp_loss":0,"event_name":"Liars Game","floor":5,"gold_loss":0,"cards_obtained":["Doubt"]},{"damage_healed":0,"gold_gain":0,"player_choice":"Ignored","damage_taken":0,"max_hp_gain":0,"max_hp_loss":0,"event_name":"Golden Wing","floor":8,"gold_loss":0},{"cards_removed":["Metallicize"],"damage_healed":0,"gold_gain":0,"player_choice":"Gave Card","damage_taken":0,"relics_obtained":["Letter Opener"],"max_hp_gain":0,"max_hp_loss":0,"event_name":"WeMeetAgain","floor":11,"gold_loss":0},{"damage_healed":0,"gold_gain":0,"player_choice":"Simplicity","damage_taken":0,"max_hp_gain":0,"max_hp_loss":0,"event_name":"Back to Basics","floor":20,"gold_loss":0,"cards_upgraded":["Strike_R","Strike_R","Strike_R","Strike_R","Strike_R","Defend_R","Defend_R","Defend_R","Defend_R"]},{"damage_healed":0,"gold_gain":0,"player_choice":"Paid Fearfully","damage_taken":0,"max_hp_gain":0,"max_hp_loss":0,"event_name":"Masked Bandits","floor":21,"gold_loss":125},{"damage_healed":0,"gold_gain":0,"player_choice":"Copied","damage_taken":0,"max_hp_gain":0,"max_hp_loss":0,"event_name":"Duplicator","floor":24,"gold_loss":0,"cards_obtained":["Reaper"]}],"is_beta":false,"boss_relics":[{"not_picked":["Ectoplasm","Cursed Key"],"picked":"Empty Cage"}],"items_purged_floors":[7],"is_endless":false,"potions_floor_spawned":[1,13,14,16,18,19],"killed_by":"Book of Stabbing","ascension_level":18}}