{"host":"ttx8tv95o5vka1nm","time":1611370865,"event":{"mods":["AchievementEnabler","BaseMod","Colored Map","Infinite Spire","Minty Spire (QoL Compilation)","Replay The Spire","Shop Mod","StSLib","The Jungle"],"gold_per_floor":[110,110,110,110,35,62,72,72,72,92,126,126,126,126,126,224,224,242,256,256,270,289,322,322,336,389,417,342,342,376,395,395,496,496,511,523,573,7,56,56,56],"floor_reached":40,"language":"ENG","playtime":2211,"items_purged":["Strike_P","Defend_P+1"],"score":783,"play_id":"717f3baa-33b0-43a5-a695-2130cb4e6ae4","local_time":"20210123130105","is_ascension_mode":true,"campfire_choices":[{"data":"Eruption","floor":8,"key":"SMITH"},{"data":"infinitespire:Gouge","floor":12,"key":"SMITH"},{"floor":15,"key":"REST"},{"data":"Vault","floor":24,"key":"SMITH"},{"data":"WindmillStrike","floor":29,"key":"SMITH"},{"data":"Perseverance","floor":32,"key":"SMITH"}],"circlet_count":0,"master_deck":["Defend_P+1","Defend_P+1","Eruption+1","Vigilance+1","WindmillStrike+1","infinitespire:Gouge+1","Perseverance+1","Consecrate+1","Vault+1","Tantrum+1","CrushJoints","EmptyBody","SashWhip","JustLucky+1","FollowUp","Vengeance+1","LessonLearned","SandsOfTime+1","DevaForm","EmptyFist"],"relics":["Iron Core","NeowsBlessing","infinitespire:Cubic Diamond","ReplayTheSpireMod:Lightbulb","Replay:Bottled Eggs","PreservedInsect","infinitespire:Cupcake","Akabeko","ReplayFunnel","Bag of Preparation","Mercury Hourglass","Ginger","MerchantsRug","Bottled Tornado","PrismaticShard","infinitespire:Magic Flask"],"acts_visited":["Exordium","TheCity","TheBeyond"],"potions_floor_usage":[23,30,31,36,38],"damage_taken":[{"damage":0,"enemies":"Small Slimes","floor":1,"turns":1},{"damage":0,"enemies":"3 Sentries","floor":6,"turns":1},{"damage":0,"enemies":"Jaw Worm","floor":7,"turns":1},{"damage":0,"enemies":"2 Louse","floor":10,"turns":2},{"damage":3,"enemies":"Lagavulin","floor":11,"turns":4},{"damage":0,"enemies":"The Guardian","floor":16,"turns":9},{"damage":4,"enemies":"Shell Parasite","floor":18,"turns":3},{"damage":0,"enemies":"Chosen","floor":19,"turns":3},{"damage":0,"enemies":"Snecko","floor":21,"turns":4},{"damage":1,"enemies":"Shelled Parasite and Fungi","floor":22,"turns":5},{"damage":0,"enemies":"Nightmare","floor":23,"turns":5},{"damage":0,"enemies":"Cultist and Chosen","floor":25,"turns":4},{"damage":0,"enemies":"Slavers","floor":27,"turns":3},{"damage":0,"enemies":"Gremlin Leader","floor":30,"turns":2},{"damage":0,"enemies":"Snecko","floor":31,"turns":2},{"damage":10,"enemies":"Collector","floor":33,"turns":6},{"damage":23,"enemies":"3 Shapes","floor":35,"turns":3},{"damage":5,"enemies":"3 Darklings","floor":36,"turns":3},{"damage":0,"enemies":"Mind Bloom Boss Battle","floor":37,"turns":3},{"damage":51,"enemies":"2 Orb Walkers","floor":39,"turns":3},{"damage":25,"enemies":"Reptomancer","floor":40,"turns":2}],"seed_played":"-3729707998364107043","potions_obtained":[{"floor":10,"key":"Doom Potion"},{"floor":16,"key":"BottledMiracle"},{"floor":19,"key":"Swift Potion"},{"floor":23,"key":"EntropicBrew"},{"floor":25,"key":"Ambrosia"},{"floor":31,"key":"Swift Potion"},{"floor":35,"key":"SpeedPotion"}],"is_trial":false,"path_per_floor":["M","?","?","?","$","E","M","R","T","M","E","R","?","?","R","B",null,"M","M","?","M","M","NM","R","M","T","E","?","R","E","M","R","B",null,"M","M","?","$","?","E"],"character_chosen":"WATCHER","items_purchased":["MerchantsRug","Bottled Tornado","PrismaticShard"],"campfire_rested":1,"item_purchase_floors":[38,38,38],"current_hp_per_floor":[65,65,47,33,33,33,33,33,33,33,30,30,30,30,51,51,67,63,63,63,63,62,62,62,62,62,62,62,62,62,62,62,52,67,44,39,39,39,21,0,0],"gold":56,"neow_bonus":"THREE_ENEMY_KILL","is_daily":false,"chose_seed":false,"campfire_upgraded":5,"win_rate":0.0,"timestamp":1611370865,"path_taken":["M","?","?","?","$","E","M","R","T","?","E","R","?","?","R","BOSS","M","M","?","M","M","NM","R","M","T","E","?","R","E","M","R","BOSS","M","M","?","$","?","E"],"items_purchased_type":["Relic","Relic","Relic"],"build_version":"2020-12-22","purchased_purges":2,"victory":false,"max_hp_per_floor":[72,72,72,72,72,72,72,72,72,72,72,72,72,72,72,72,72,72,72,72,72,72,72,72,72,72,72,72,72,72,72,72,72,72,72,72,72,72,72,72,72],"card_choices":[{"not_picked":["Consecrate","ThirdEye"],"picked":"WindmillStrike","floor":1},{"not_picked":["infinitespire:Fortify","infinitespire:NeuralNetwork"],"picked":"infinitespire:Gouge","floor":3},{"not_picked":["FollowUp","Wireheading"],"picked":"Perseverance","floor":6},{"not_picked":["JustLucky","Evolve","CarveReality"],"picked":"SKIP","floor":7},{"not_picked":["Study","Warcry","Mirror Shield"],"picked":"SKIP","floor":10},{"not_picked":["Crescendo","Steam Power"],"picked":"Consecrate","floor":11},{"not_picked":["Reaper","DeusExMachina"],"picked":"Vault","floor":16},{"not_picked":["Halt+1","BowlingBash+1"],"picked":"Tantrum+1","floor":18},{"not_picked":["Protect","Fasting2"],"picked":"CrushJoints","floor":19},{"not_picked":["PathToVictory","Pray+1","Protect+1"],"picked":"SKIP","floor":21},{"not_picked":["SashWhip","FlyingSleeves"],"picked":"EmptyBody","floor":22},{"not_picked":["Swivel","LikeWater","EmptyBody"],"picked":"SKIP","floor":23},{"not_picked":["CrushJoints+1","Nirvana"],"picked":"SashWhip","floor":25},{"not_picked":["ClearTheMind","BowlingBash"],"picked":"JustLucky+1","floor":27},{"not_picked":["Omniscience","ClearTheMind"],"picked":"FollowUp","floor":30},{"not_picked":["Conclude","Replay:Anticipation"],"picked":"Vengeance","floor":31},{"not_picked":["SpiritShield","MasterReality"],"picked":"LessonLearned","floor":33},{"not_picked":["PathToVictory","ClearTheMind+1"],"picked":"SandsOfTime+1","floor":35},{"not_picked":["PathToVictory+1","Prostrate","JustLucky+1"],"picked":"SKIP","floor":36},{"not_picked":["ThirdEye","Prostrate+1"],"picked":"DevaForm","floor":37},{"not_picked":["Protect","Force Field+1"],"picked":"EmptyFist","floor":39}],"player_experience":691767,"relics_obtained":[{"floor":6,"key":"ReplayTheSpireMod:Lightbulb"},{"floor":9,"key":"Replay:Bottled Eggs"},{"floor":11,"key":"PreservedInsect"},{"floor":23,"key":"Akabeko"},{"floor":26,"key":"ReplayFunnel"},{"floor":27,"key":"Bag of Preparation"},{"floor":30,"key":"Mercury Hourglass"},{"floor":37,"key":"Ginger"},{"floor":39,"key":"infinitespire:Magic Flask"}],"event_choices":[{"damage_healed":0,"gold_gain":0,"player_choice":"Entered Light","damage_taken":14,"max_hp_gain":0,"max_hp_loss":0,"event_name":"Shining Light","floor":4,"gold_loss":0,"cards_upgraded":["Vigilance","Strike_P"]},{"cards_removed":["Strike_P"],"damage_healed":0,"gold_gain":0,"player_choice":"Gave Gold","damage_taken":0,"max_hp_gain":0,"max_hp_loss":0,"event_name":"Beggar","floor":28,"gold_loss":75},{"damage_healed":0,"gold_gain":0,"player_choice":"Fight","damage_taken":0,"max_hp_gain":0,"max_hp_loss":0,"event_name":"MindBloom","floor":37,"gold_loss":0},{"damage_healed":0,"gold_gain":0,"player_choice":"Fight","damage_taken":0,"max_hp_gain":0,"max_hp_loss":0,"event_name":"Mysterious Sphere","floor":39,"gold_loss":0}],"is_beta":false,"boss_relics":[{"not_picked":["Cursed Key","Sozu"],"picked":"infinitespire:Cupcake"},{"not_picked":["Ring of Chaos","Velvet Choker"],"picked":"Empty Cage"}],"items_purged_floors":[5,38],"is_endless":true,"potions_floor_spawned":[10,16,19,23,25,27,31,35],"killed_by":"Reptomancer","ascension_level":6}}