{"host":"t7mx8yfj1no5p62f","time":1611424462,"event":{"mods":["BaseMod","Bestiary","Colored Map","Colored Powertips","Minty Spire (QoL Compilation)","Relic Stats","StSLib","ojb\u0027s Info Mod"],"gold_per_floor":[20,39,53,72,172,202,202,202,225,225,243,263,278,289,289,361,361,361,51,51,51,51,51,51,51,51,51,51,51,51,51,51,51,51],"floor_reached":33,"language":"ENG","playtime":1662,"items_purged":["Strike_R"],"score":644,"play_id":"1ca82fc4-e164-4c77-8e53-f821898937d8","local_time":"20210123125422","is_ascension_mode":true,"campfire_choices":[{"data":"Carnage","floor":7.0,"key":"SMITH"},{"data":"Power Through","floor":10,"key":"SMITH"},{"floor":15,"key":"REST"},{"data":"True Grit","floor":24,"key":"SMITH"},{"data":"Ghostly","floor":32,"key":"SMITH"}],"circlet_count":0,"master_deck":["AscendersBane","Strike_R","Strike_R","Strike_R","Strike_R","Defend_R","Defend_R","Defend_R","Defend_R","Bash","Disarm","Perfected Strike","Power Through+1","Cleave","Carnage+1","Rampage","Pommel Strike","Feed","Fire Breathing+1","Evolve","Ghostly Armor","Ghostly+1","Ghostly","Ghostly","Headbutt+1","True Grit+1","Barricade","Entrench+1","Armaments+1"],"relics":["Burning Blood","Calipers","PreservedInsect","Smiling Mask","Ectoplasm","Orichalcum","Centennial Puzzle","Anchor","Omamori"],"acts_visited":["TheCity"],"potions_floor_usage":[12,14,16,23,23,23,28,28,33,33],"damage_taken":[{"damage":1.0,"enemies":"Cultist","floor":1.0,"turns":3.0},{"damage":2.0,"enemies":"Small Slimes","floor":2.0,"turns":4.0},{"damage":2.0,"enemies":"Jaw Worm","floor":3.0,"turns":6.0},{"damage":16.0,"enemies":"Large Slime","floor":4.0,"turns":8.0},{"damage":18.0,"enemies":"Lots of Slimes","floor":5.0,"turns":9.0},{"damage":48.0,"enemies":"Gremlin Nob","floor":6.0,"turns":5.0},{"damage":4,"enemies":"2 Fungi Beasts","floor":11,"turns":3},{"damage":3,"enemies":"Large Slime","floor":12,"turns":4},{"damage":9,"enemies":"Exordium Wildlife","floor":13,"turns":5},{"damage":3,"enemies":"Blue Slaver","floor":14,"turns":3},{"damage":18,"enemies":"The Guardian","floor":16,"turns":12},{"damage":22,"enemies":"3 Byrds","floor":18,"turns":7},{"damage":8,"enemies":"Spheric Guardian","floor":21,"turns":7},{"damage":1,"enemies":"Chosen and Byrds","floor":22,"turns":5},{"damage":27,"enemies":"Slavers","floor":23,"turns":6},{"damage":7,"enemies":"Shelled Parasite and Fungi","floor":27,"turns":9},{"damage":0,"enemies":"Book of Stabbing","floor":28,"turns":5},{"damage":0,"enemies":"Snecko","floor":29,"turns":6},{"damage":0,"enemies":"Snake Plant","floor":30,"turns":7},{"damage":20,"enemies":"Shelled Parasite and Fungi","floor":31,"turns":10},{"damage":35,"enemies":"Automaton","floor":33,"turns":12}],"seed_played":"616735907723820369","potions_obtained":[{"floor":1.0,"key":"ColorlessPotion"},{"floor":4.0,"key":"SpeedPotion"},{"floor":6.0,"key":"EssenceOfSteel"},{"floor":12,"key":"DuplicationPotion"},{"floor":13,"key":"CultistPotion"},{"floor":18,"key":"LiquidMemories"},{"floor":27,"key":"DistilledChaos"},{"floor":28,"key":"Swift Potion"},{"floor":31,"key":"DistilledChaos"}],"is_trial":false,"path_per_floor":["M","M","M","M","M","E","R","?","T","R","M","M","M","M","R","B",null,"M","$","?","M","M","E","R","T","T","M","E","M","M","M","R","B"],"character_chosen":"IRONCLAD","items_purchased":["Evolve","Ghostly Armor","EntropicBrew"],"campfire_rested":1,"item_purchase_floors":[19,19,19],"current_hp_per_floor":[73,75,75,65,53,11,11,11,11,11,13,16,13,16,38,26,63,50,50,39,37,39,18,18,18,18,17,23,32,38,24,24,0,0],"gold":51,"neow_bonus":"ONE_RARE_RELIC","is_daily":false,"chose_seed":false,"campfire_upgraded":4,"win_rate":0.0,"timestamp":1611424462,"path_taken":["M","M","?","M","M","E","R","?","T","R","M","M","?","M","R","BOSS","M","$","?","M","M","E","R","?","T","M","E","M","M","M","R","BOSS"],"items_purchased_type":["Card","Card","Potion"],"build_version":"2020-12-22","purchased_purges":1,"victory":false,"max_hp_per_floor":[75,75,75,75,75,75,75,75,75,75,75,75,75,75,75,75,75,78,78,39,39,39,39,39,39,39,39,39,42,42,42,42,42,42],"relic_stats":{"Centennial Puzzle":[9],"counters":[21,136],"PreservedInsect":84,"Ectoplasm":210,"Orichalcum":[18],"Smiling Mask":25,"obtain_stats":[{"Centennial Puzzle":25,"Anchor":26,"Calipers":0,"PreservedInsect":6,"Ectoplasm":17,"Omamori":28,"Orichalcum":23,"Smiling Mask":9,"Burning Blood":0},{"Centennial Puzzle":15,"Anchor":15,"Calipers":0,"PreservedInsect":6,"Ectoplasm":11,"Omamori":17,"Orichalcum":15,"Smiling Mask":6,"Burning Blood":0},{"Centennial Puzzle":87,"Anchor":87,"Calipers":0,"PreservedInsect":35,"Ectoplasm":62,"Omamori":101,"Orichalcum":87,"Smiling Mask":35,"Burning Blood":0}],"Burning Blood":111},"card_choices":[{"not_picked":["Dual Wield","Clothesline"],"picked":"Disarm","floor":1.0},{"not_picked":["Thunderclap","Clash"],"picked":"Perfected Strike","floor":2.0},{"not_picked":["Second Wind","Headbutt"],"picked":"Power Through","floor":3.0},{"not_picked":["Wild Strike","Pummel","Dual Wield"],"picked":"SKIP","floor":4.0},{"not_picked":["Dark Embrace","Thunderclap"],"picked":"Cleave","floor":5.0},{"not_picked":["Flex","Heavy Blade"],"picked":"Carnage","floor":6.0},{"not_picked":["Seeing Red","Whirlwind"],"picked":"Rampage","floor":11},{"not_picked":["Cleave","Infernal Blade","Bloodletting"],"picked":"SKIP","floor":12},{"not_picked":["Corruption","Perfected Strike","Thunderclap"],"picked":"SKIP","floor":13},{"not_picked":["Wild Strike","Havoc"],"picked":"Pommel Strike","floor":14},{"not_picked":["Exhume","Juggernaut"],"picked":"Feed","floor":16},{"not_picked":["Warcry","Thunderclap"],"picked":"Fire Breathing+1","floor":18},{"not_picked":["Armaments","Warcry"],"picked":"Headbutt+1","floor":21},{"not_picked":["Seeing Red","Twin Strike","Evolve"],"picked":"SKIP","floor":22},{"not_picked":["Wild Strike","Perfected Strike"],"picked":"True Grit","floor":23},{"not_picked":["Carnage","Hemokinesis"],"picked":"Barricade","floor":27},{"not_picked":["Clothesline","Fire Breathing","Wild Strike"],"picked":"SKIP","floor":28},{"not_picked":["Shrug It Off","Heavy Blade"],"picked":"Entrench+1","floor":29},{"not_picked":["Anger","Flex"],"picked":"Armaments+1","floor":30},{"not_picked":["Armaments","Rampage","Perfected Strike"],"picked":"SKIP","floor":31}],"player_experience":1830898,"relics_obtained":[{"floor":6.0,"key":"PreservedInsect"},{"floor":9,"key":"Smiling Mask"},{"floor":23,"key":"Orichalcum"},{"floor":25,"key":"Centennial Puzzle"},{"floor":26,"key":"Anchor"},{"floor":28,"key":"Omamori"}],"event_choices":[{"damage_healed":0,"gold_gain":0,"player_choice":"Leave","damage_taken":0,"max_hp_gain":0,"max_hp_loss":0,"event_name":"FaceTrader","floor":8,"gold_loss":0},{"damage_healed":0,"gold_gain":0,"player_choice":"Became a Ghost","damage_taken":0,"max_hp_gain":0,"max_hp_loss":39,"event_name":"Ghosts","floor":20,"gold_loss":0,"cards_obtained":["Ghostly","Ghostly","Ghostly"]}],"is_beta":false,"boss_relics":[{"not_picked":["Tiny House","Fusion Hammer"],"picked":"Ectoplasm"}],"items_purged_floors":[19],"is_endless":false,"potions_floor_spawned":[1,4,6,12,13,18,21,27,28,31],"killed_by":"Automaton","ascension_level":20}}