{"host":"v0n6ky7dmveherv3","time":1611376344,"event":{"mods":["BaseMod","Better Third Choice","Downfall","Minty Spire (QoL Compilation)","StSLib"],"gold_per_floor":[99,119,119,130,48,76,76,91,107,126,146,175,175,275,295,295,295,295],"floor_reached":16,"language":"ENG","playtime":1137,"items_purged":[],"score":139,"play_id":"f4be327e-5be9-4929-8124-944e9c925585","local_time":"20210122213224","is_ascension_mode":false,"campfire_choices":[{"data":"bronze:Replicate","floor":1.0,"key":"SMITH"},{"data":"bronze:Branch","floor":13,"key":"SMITH"}],"circlet_count":0,"master_deck":["bronze:Strike","bronze:Defend","bronze:Replicate+1","bronze:Goto","bronze:Terminator+1","bronze:ForLoop+1","bronze:BurnOut+1","bronze:Repair","bronze:CutThrough","bronze:Frontload","downfall:Icky","bronze:HyperBeam","bronze:Constructor","bronze:CutThrough","bronze:ChosenStrike","bronze:ForceShield","bronze:Branch+1","bronze:ForceShield"],"relics":["Astrolabe","Pantograph","Meat on the Bone","Strawberry"],"acts_visited":["Exordium"],"potions_floor_usage":[],"damage_taken":[{"damage":3.0,"enemies":"Jaw Worm","floor":2.0,"turns":3.0},{"damage":1.0,"enemies":"Cultist","floor":4.0,"turns":3.0},{"damage":0.0,"enemies":"downfall:FleeingMerchant","floor":5.0,"turns":4.0},{"damage":22.0,"enemies":"3 Sentries","floor":6.0,"turns":6.0},{"damage":0.0,"enemies":"Small Slimes","floor":8.0,"turns":3.0},{"damage":8.0,"enemies":"Exordium Thugs","floor":9.0,"turns":4.0},{"damage":0.0,"enemies":"Gremlin Gang","floor":10.0,"turns":3.0},{"damage":0.0,"enemies":"3 Louse","floor":11.0,"turns":3.0},{"damage":0.0,"enemies":"Gremlin Nob","floor":12.0,"turns":3.0},{"damage":1,"enemies":"Large Slime","floor":15,"turns":6},{"damage":85,"enemies":"SI_SHIV_ARCHETYPE","floor":16,"turns":13}],"seed_played":"-3855443729458344792","potions_obtained":[{"floor":2.0,"key":"AttackPotion"},{"floor":4.0,"key":"Swift Potion"},{"floor":9.0,"key":"bronze:FreeFunctionsPotion"},{"floor":15,"key":"Dexterity Potion"}],"is_trial":false,"path_per_floor":["R","M","?","M","$","E","T","M","M","M","M","E","R","?","M","B"],"character_chosen":"THE_AUTOMATON","items_purchased":["bronze:ChosenStrike"],"campfire_rested":0,"item_purchase_floors":[5],"current_hp_per_floor":[70,67,67,66,70,55,55,62,61,68,68,75,75,75,77,0,0,0],"gold":295,"neow_bonus":"BOSS_RELIC","is_daily":false,"chose_seed":false,"campfire_upgraded":2,"win_rate":0.0,"timestamp":1611376344,"path_taken":["R","M","?","?","$","E","T","M","M","M","M","E","R","?","M","BOSS"],"items_purchased_type":["Card"],"build_version":"2020-12-22","purchased_purges":0,"victory":false,"max_hp_per_floor":[70,70,70,70,70,70,70,70,70,70,70,77,77,77,77,77,77,77],"card_choices":[{"not_picked":["bronze:Branch","bronze:BitShift"],"picked":"bronze:Repair","floor":2.0},{"not_picked":["bronze:WhirlingStrike","bronze:OilSpill"],"picked":"bronze:Constructor","floor":4.0},{"not_picked":["bronze:Allocate","bronze:Flail"],"picked":"bronze:CutThrough","floor":5.0},{"not_picked":["bronze:DelayedGuard","bronze:OilSpill"],"picked":"bronze:ForceShield","floor":6.0},{"not_picked":["bronze:Overheat","bronze:CutThrough"],"picked":"bronze:Branch","floor":8.0},{"not_picked":["bronze:Iterate","bronze:ItsAFeature","bronze:BugBarrage"],"picked":"SKIP","floor":9.0},{"not_picked":["bronze:Shield","bronze:BuggyMess","bronze:FollowUp"],"picked":"SKIP","floor":10.0},{"not_picked":["bronze:Overheat","bronze:DelayedSlice","bronze:WhirlingStrike"],"picked":"SKIP","floor":11.0},{"not_picked":["bronze:Overheat","bronze:DelayedSlice","bronze:WhirlingStrike"],"picked":"SKIP","floor":11.0},{"not_picked":["bronze:CloningBeam","bronze:BuggyMess","bronze:Boost"],"picked":"SKIP","floor":12},{"not_picked":["bronze:Overload","bronze:MaxOutput"],"picked":"bronze:ForceShield","floor":15}],"player_experience":117732,"relics_obtained":[{"floor":6.0,"key":"Pantograph"},{"floor":7.0,"key":"Meat on the Bone"},{"floor":12,"key":"Strawberry"}],"event_choices":[{"damage_healed":0,"gold_gain":100,"player_choice":"Gold","damage_taken":0,"max_hp_gain":0,"max_hp_loss":0,"event_name":"Wheel of Change","floor":14,"gold_loss":0}],"is_beta":false,"boss_relics":[],"items_purged_floors":[],"is_endless":false,"potions_floor_spawned":[2,4,9,15],"killed_by":"SI_SHIV_ARCHETYPE","ascension_level":0}}