{"host":"fworv1gvvajf3x0f","time":1611404683,"event":{"mods":["AchievementEnabler","Aspiration","BaseMod","Better Match","Better Note","Better Sensory Stone","Better Third Choice","Better Vampires","Better-Laid Plans","BetterRewards","Colored Map","Colored Powertips","Displayed Cursed Tome","Energized Spire","Good Game Mod","Highlight Path","Infinite Spire","Minty Spire (QoL Compilation)","Poor People Problems","Relic Stats","Replay The Spire","Spicy Shops","StSLib"],"gold_per_floor":[114,10,28,47,67,67,80,80,80,100,100,111,111,128,128,128,128],"floor_reached":16,"language":"ZHS","playtime":1037,"items_purged":["Strike_R"],"score":190,"play_id":"cab72d99-98d4-412e-8e34-4601a4f8d184","local_time":"20210123202443","is_ascension_mode":true,"campfire_choices":[{"data":"Apotheosis","floor":6,"key":"SMITH"}],"circlet_count":0,"master_deck":["Strike_R","Strike_R","Strike_R","Strike_R","Defend_R","Defend_R","Defend_R","Bash","Apotheosis+1","ReplayTheSpireMod:Limb From Limb","Flex","Dark Embrace","Replay:AllIn+1","Warcry","Heavy Blade","Battle Trance","Iron Wave+1","True Grit","Headbutt","Exhume","Metallicize"],"relics":["Burning Blood","REME:ComplimentaryCards","Frozen Eye","Centennial Puzzle","Replay:Multitool","aspiration:BabyByrd"],"acts_visited":["Exordium"],"potions_floor_usage":[16,16],"damage_taken":[{"damage":14,"enemies":"Small Slimes","floor":1,"turns":3},{"damage":0,"enemies":"Cultist","floor":3,"turns":2},{"damage":8,"enemies":"2 Louse","floor":4,"turns":2},{"damage":17,"enemies":"Exordium Wildlife","floor":5,"turns":3},{"damage":0,"enemies":"Large Slime","floor":7,"turns":2},{"damage":7,"enemies":"2 Fungi Beasts","floor":10,"turns":4},{"damage":8,"enemies":"Blue Slaver","floor":12,"turns":3},{"damage":6,"enemies":"Looter","floor":14,"turns":2},{"damage":83,"enemies":"The Guardian","floor":16,"turns":5}],"seed_played":"-968533201824999918","potions_obtained":[{"floor":1,"key":"ColorlessPotion"},{"floor":4,"key":"PowerPotion"},{"floor":10,"key":"Doom Potion"}],"is_trial":false,"path_per_floor":["M","$","M","M","M","R","M","?","T","M","?","M","?","M","R_BF","B"],"character_chosen":"IRONCLAD","items_purchased":["Apotheosis","ReplayTheSpireMod:Limb From Limb","Flex","Frozen Eye","Dark Embrace","Centennial Puzzle","Heavy Blade","Battle Trance"],"campfire_rested":0,"item_purchase_floors":[0,0,0,0,0,0,2,2],"current_hp_per_floor":[56,56,62,60,49,49,55,55,55,54,54,52,52,52,76,0,0],"gold":128,"neow_bonus":"","is_daily":false,"chose_seed":false,"campfire_upgraded":1,"win_rate":0.0,"timestamp":1611404683,"path_taken":["M","$","M","M","M","R","M","?","T","?","?","M","?","M","R_BF","BOSS"],"items_purchased_type":["Card","Card","Card","Relic","Card","Relic","Card","Card"],"build_version":"2020-12-22","purchased_purges":1,"victory":false,"max_hp_per_floor":[80,80,80,80,80,80,80,80,80,80,80,80,80,80,80,80,80],"relic_stats":{"Centennial Puzzle":[21],"counters":[138,601],"obtain_stats":[{"Divine Protection":28,"Golden Egg":31,"Calipers":26,"Vampiric Spirits":29,"Vajra":9,"Whetstone":6,"aspiration:RitualStick":19,"Ring of Searing":11,"Lizard Tail":9,"Centennial Puzzle":0,"aspiration:PoetsPen":51,"aspiration:BabyByrd":7,"MealTicket":13,"aspiration:ArtOfWarUpgrade":10,"infinitespire:Golems Mask":7,"Fusion Hammer":17,"HandDrill":0,"Ring of Hypnosis":12,"ReplayTheSpireMod:CursedCoin":10,"Velvet Choker":34,"aspiration:SeaSaltIceCream":26,"infinitespire:Magic Flask":10,"Letter Opener":30,"Akabeko":29,"aspiration:FrozenJewel":47,"Snecko Scales":29,"Shuriken":9,"ReplayTheSpireMod:Ring of Collecting":12,"Bird Faced Urn":0,"Snecko Eye":34,"Molten Egg 2":7,"Pandora\u0027s Box":17,"Simple Rune":43,"Onion Ring":46,"CultistMask":14,"infinitespire:EmpoweringShard":19,"Grinning Jar":0,"Unceasing Top":0,"Pocketwatch":0,"energizedSpire:PogoStick":34,"ReplayFunnel":53,"ReplayTheSpireMod:Ring of Exchange":22,"Snecko Heart":17,"King of Hearts":0,"Incense Burner":36,"Replay:Multitool":9,"Empty Cage":17,"PrismaticShard":27,"Smiling Mask":7,"Burning Blood":0,"ReplayTheSpireMod:EnergyBall":27,"Frozen Eye":0,"Replay:Bandana":10,"energizedSpire:CursedPentagram":17,"Chameleon Ring":23,"Ring of Peace":20,"aspiration:AnachronicSnailShell":46,"Replay:Lucky Slots":24,"WingedGreaves":40,"energizedSpire:HugeHouse":17,"aspiration:FutureDiary":26,"Ring of Panic":11,"infinitespire:Chaos":0,"Ring of the Snake":0,"Gremlin Food":36,"NeowsBlessing":0,"Self Forming Clay":9,"aspiration:FetidBarrel":46,"infinitespire:CursedDice":42,"Guide Book":36,"infinitespire:EmptyRelic":0,"betterThird:NestCultRelic":21,"PreservedInsect":23,"infinitespire:Lucky Rock":20,"Odd Mushroom":8,"Orichalcum":0,"Medical Kit":11,"White Beast Statue":0,"Mercury Hourglass":23,"Strange Spoon":31,"REME:ComplimentaryCards":0,"Ornamental Fan":54,"aspiration:WatcherSkillbook":34,"infinitespire:Satchel":12,"Bag of Marbles":41,"Art of War":7,"Garlic":12,"Membership Card":0,"Bottled Lightning":26,"Champion Belt":42,"ReplayTheSpireMod:Ring of Challenge":26,"PureWater":0,"ReplayTheSpireMod:Lightbulb":36,"Toy Ornithopter":28,"infinitespire:Midas Blood":9},{"Divine Protection":13,"Golden Egg":119,"Calipers":33,"Vampiric Spirits":35,"Vajra":107,"Whetstone":57,"aspiration:RitualStick":62,"Ring of Searing":82,"Lizard Tail":5,"Centennial Puzzle":129,"aspiration:PoetsPen":46,"aspiration:BabyByrd":67,"MealTicket":26,"aspiration:ArtOfWarUpgrade":53,"infinitespire:Golems Mask":81,"Fusion Hammer":112,"HandDrill":64,"Ring of Hypnosis":6,"ReplayTheSpireMod:CursedCoin":23,"Velvet Choker":94,"aspiration:SeaSaltIceCream":12,"infinitespire:Magic Flask":23,"Letter Opener":92,"Akabeko":13,"aspiration:FrozenJewel":44,"Snecko Scales":35,"Shuriken":81,"ReplayTheSpireMod:Ring of Collecting":6,"Bird Faced Urn":53,"Snecko Eye":120,"Molten Egg 2":4,"Pandora\u0027s Box":73,"Simple Rune":124,"Onion Ring":126,"CultistMask":6,"infinitespire:EmpoweringShard":113,"Grinning Jar":18,"Unceasing Top":18,"Pocketwatch":47,"energizedSpire:PogoStick":14,"ReplayFunnel":102,"ReplayTheSpireMod:Ring of Exchange":30,"Snecko Heart":85,"King of Hearts":104,"Incense Burner":39,"Replay:Multitool":134,"Empty Cage":7,"PrismaticShard":12,"Smiling Mask":23,"Burning Blood":0,"ReplayTheSpireMod:EnergyBall":90,"Frozen Eye":129,"Replay:Bandana":23,"energizedSpire:CursedPentagram":28,"Chameleon Ring":31,"Ring of Peace":9,"aspiration:AnachronicSnailShell":126,"Replay:Lucky Slots":77,"WingedGreaves":97,"energizedSpire:HugeHouse":61,"aspiration:FutureDiary":12,"Ring of Panic":82,"infinitespire:Chaos":53,"Ring of the Snake":0,"Gremlin Food":39,"NeowsBlessing":0,"Self Forming Clay":53,"aspiration:FetidBarrel":100,"infinitespire:CursedDice":124,"Guide Book":39,"infinitespire:EmptyRelic":53,"betterThird:NestCultRelic":76,"PreservedInsect":88,"infinitespire:Lucky Rock":9,"Odd Mushroom":68,"Orichalcum":104,"Medical Kit":58,"White Beast Statue":53,"Mercury Hourglass":11,"Strange Spoon":13,"REME:ComplimentaryCards":0,"Ornamental Fan":103,"aspiration:WatcherSkillbook":38,"infinitespire:Satchel":110,"Bag of Marbles":42,"Art of War":53,"Garlic":83,"Membership Card":18,"Bottled Lightning":90,"Champion Belt":98,"ReplayTheSpireMod:Ring of Challenge":12,"PureWater":53,"ReplayTheSpireMod:Lightbulb":95,"Toy Ornithopter":117,"infinitespire:Midas Blood":23},{"Divine Protection":55,"Golden Egg":525,"Calipers":160,"Vampiric Spirits":170,"Vajra":447,"Whetstone":242,"aspiration:RitualStick":272,"Ring of Searing":346,"Lizard Tail":16,"Centennial Puzzle":575,"aspiration:PoetsPen":208,"aspiration:BabyByrd":291,"MealTicket":124,"aspiration:ArtOfWarUpgrade":233,"infinitespire:Golems Mask":344,"Fusion Hammer":482,"HandDrill":280,"Ring of Hypnosis":18,"ReplayTheSpireMod:CursedCoin":112,"Velvet Choker":389,"aspiration:SeaSaltIceCream":49,"infinitespire:Magic Flask":112,"Letter Opener":381,"Akabeko":55,"aspiration:FrozenJewel":199,"Snecko Scales":170,"Shuriken":344,"ReplayTheSpireMod:Ring of Collecting":18,"Bird Faced Urn":233,"Snecko Eye":533,"Molten Egg 2":11,"Pandora\u0027s Box":318,"Simple Rune":551,"Onion Ring":561,"CultistMask":18,"infinitespire:EmpoweringShard":489,"Grinning Jar":95,"Unceasing Top":95,"Pocketwatch":209,"energizedSpire:PogoStick":66,"ReplayFunnel":422,"ReplayTheSpireMod:Ring of Exchange":147,"Snecko Heart":361,"King of Hearts":435,"Incense Burner":184,"Replay:Multitool":587,"Empty Cage":29,"PrismaticShard":49,"Smiling Mask":112,"Burning Blood":0,"ReplayTheSpireMod:EnergyBall":376,"Frozen Eye":575,"Replay:Bandana":112,"energizedSpire:CursedPentagram":138,"Chameleon Ring":153,"Ring of Peace":38,"aspiration:AnachronicSnailShell":561,"Replay:Lucky Slots":332,"WingedGreaves":399,"energizedSpire:HugeHouse":265,"aspiration:FutureDiary":49,"Ring of Panic":346,"infinitespire:Chaos":233,"Ring of the Snake":0,"Gremlin Food":184,"NeowsBlessing":0,"Self Forming Clay":233,"aspiration:FetidBarrel":413,"infinitespire:CursedDice":551,"Guide Book":184,"infinitespire:EmptyRelic":233,"betterThird:NestCultRelic":327,"PreservedInsect":371,"infinitespire:Lucky Rock":38,"Odd Mushroom":295,"Orichalcum":435,"Medical Kit":247,"White Beast Statue":233,"Mercury Hourglass":46,"Strange Spoon":55,"REME:ComplimentaryCards":0,"Ornamental Fan":428,"aspiration:WatcherSkillbook":181,"infinitespire:Satchel":465,"Bag of Marbles":193,"Art of War":233,"Garlic":349,"Membership Card":95,"Bottled Lightning":376,"Champion Belt":403,"ReplayTheSpireMod:Ring of Challenge":49,"PureWater":233,"ReplayTheSpireMod:Lightbulb":391,"Toy Ornithopter":514,"infinitespire:Midas Blood":112}],"Burning Blood":458},"card_choices":[{"not_picked":["Infernal Blade","Wild Strike"],"picked":"Warcry","floor":1},{"not_picked":["Massacre","Anger"],"picked":"Iron Wave","floor":3},{"not_picked":["Combust","Anger","Dropkick"],"picked":"SKIP","floor":4},{"not_picked":["Battle Trance","Heavy Blade"],"picked":"True Grit","floor":5},{"not_picked":["Cleave","Pommel Strike","Searing Blow"],"picked":"SKIP","floor":7},{"not_picked":["Warcry","Life Link"],"picked":"Headbutt","floor":10},{"not_picked":["True Grit","Warcry"],"picked":"Exhume","floor":12},{"not_picked":["Run Through","True Grit"],"picked":"Metallicize","floor":14}],"player_experience":298392,"relics_obtained":[{"floor":9,"key":"Replay:Multitool"}],"event_choices":[{"damage_healed":0,"gold_gain":0,"player_choice":"Upgraded","damage_taken":0,"max_hp_gain":0,"max_hp_loss":0,"event_name":"Upgrade Shrine","floor":8,"gold_loss":0,"cards_upgraded":["Replay:AllIn"]}],"is_beta":false,"boss_relics":[],"items_purged_floors":[0],"is_endless":false,"potions_floor_spawned":[1,4,10],"killed_by":"The Guardian","ascension_level":6}}