{"host":"ci7ivtocgfxh0ueo","time":1611370316,"event":{"mods":["BaseMod","GifTheSpireLib","Minty Spire (QoL Compilation)","StSLib"],"gold_per_floor":[118,132,132,132,97,140,140,140,193,193,226,31,102,125,125,215,215,234,234,234,234,101,136,152,152,232,232,232],"floor_reached":27,"language":"ZHT","playtime":511,"items_purged":[],"score":498,"play_id":"b443c09b-dc59-49c3-988e-a6e88a8856b0","local_time":"20210123105156","is_ascension_mode":true,"campfire_choices":[{"data":"Infernal Blade","floor":7,"key":"SMITH"},{"data":"Blood for Blood","floor":10,"key":"SMITH"},{"floor":15,"key":"REST"},{"floor":25,"key":"REST"}],"circlet_count":0,"master_deck":["AscendersBane","Strike_R+1","Strike_R","Strike_R","Defend_R","Defend_R","Defend_R","Defend_R","Bash+1","Infernal Blade+1","Infernal Blade+1","Blood for Blood+1","Carnage","Inflame","Armaments","Offering","Rampage","Deep Breath","Blood for Blood"],"relics":["Burning Blood","NeowsBlessing","Bloody Idol","Boot","Centennial Puzzle","Whetstone","Omamori","Empty Cage","Shuriken","Sundial"],"acts_visited":["Exordium","TheCity"],"potions_floor_usage":[11,14,15,16,16,18,19,23,23],"damage_taken":[{"damage":0,"enemies":"Jaw Worm","floor":1,"turns":1},{"damage":0,"enemies":"Small Slimes","floor":2,"turns":1},{"damage":0,"enemies":"Lagavulin","floor":6,"turns":1},{"damage":25,"enemies":"3 Sentries","floor":11,"turns":6},{"damage":40,"enemies":"Lagavulin Event","floor":13,"turns":4},{"damage":0,"enemies":"2 Louse","floor":14,"turns":1},{"damage":44,"enemies":"Hexaghost","floor":16,"turns":5},{"damage":12,"enemies":"2 Thieves","floor":18,"turns":3},{"damage":0,"enemies":"Shell Parasite","floor":19,"turns":1},{"damage":62,"enemies":"Gremlin Leader","floor":23,"turns":5},{"damage":12,"enemies":"Cultist and Chosen","floor":24,"turns":3},{"damage":51,"enemies":"Slavers","floor":27,"turns":3}],"seed_played":"-4277316626209300150","potions_obtained":[{"floor":2,"key":"Swift Potion"},{"floor":6,"key":"AttackPotion"},{"floor":11,"key":"Explosive Potion"},{"floor":16,"key":"SkillPotion"},{"floor":18,"key":"SmokeBomb"},{"floor":21,"key":"Fire Potion"},{"floor":21,"key":"AttackPotion"},{"floor":23,"key":"CultistPotion"}],"is_trial":false,"path_per_floor":["M","M","?","?","?","E","R","?","T","R","E","$","?","M","R","B",null,"M","M","?","?","$","E","M","R","T","E"],"character_chosen":"IRONCLAD","items_purchased":["Inflame","EntropicBrew","Deep Breath","Blood for Blood"],"campfire_rested":2,"item_purchase_floors":[12,12,22,22],"current_hp_per_floor":[74,75,80,52,72,78,78,78,78,78,59,59,25,31,55,17,64,58,64,64,64,64,13,12,36,41,0,0],"gold":232,"neow_bonus":"THREE_ENEMY_KILL","is_daily":false,"chose_seed":false,"campfire_upgraded":2,"win_rate":0.0,"timestamp":1611370316,"path_taken":["M","M","?","?","?","E","R","?","T","R","E","?","?","M","R","BOSS","M","M","?","?","$","E","M","R","T","E"],"items_purchased_type":["Card","Potion","Card","Card"],"build_version":"2020-12-22","purchased_purges":0,"victory":false,"max_hp_per_floor":[75,75,80,80,80,80,80,80,80,80,80,80,80,80,80,80,80,80,80,80,80,80,80,80,80,80,80,80],"card_choices":[{"not_picked":["Flex","Ghostly Armor"],"picked":"Infernal Blade","floor":1},{"not_picked":["Thunderclap","Carnage"],"picked":"Infernal Blade","floor":2},{"not_picked":["Dual Wield","Clash"],"picked":"Blood for Blood","floor":6},{"not_picked":["Barricade","Twin Strike"],"picked":"Carnage","floor":11},{"not_picked":["Disarm","Havoc"],"picked":"Armaments","floor":13},{"not_picked":["Clash","Sword Boomerang","Thunderclap"],"picked":"SKIP","floor":14},{"not_picked":["Impervious","Berserk"],"picked":"Offering","floor":16},{"not_picked":["Headbutt","Perfected Strike"],"picked":"Rampage","floor":18},{"not_picked":["Clash","Pummel","Shrug It Off"],"picked":"SKIP","floor":23},{"not_picked":["Power Through","Clash","Iron Wave"],"picked":"SKIP","floor":24}],"player_experience":1349853,"relics_obtained":[{"floor":6,"key":"Boot"},{"floor":9,"key":"Centennial Puzzle"},{"floor":11,"key":"Whetstone"},{"floor":13,"key":"Omamori"},{"floor":23,"key":"Shuriken"},{"floor":26,"key":"Sundial"}],"event_choices":[{"damage_healed":0,"gold_gain":0,"player_choice":"Donut","damage_taken":0,"max_hp_gain":5,"max_hp_loss":0,"event_name":"Big Fish","floor":3,"gold_loss":0},{"damage_healed":0,"gold_gain":0,"player_choice":"Take Damage","damage_taken":28,"relics_obtained":["Golden Idol"],"max_hp_gain":0,"max_hp_loss":0,"event_name":"Golden Idol","floor":4,"gold_loss":0},{"damage_healed":20,"gold_gain":0,"player_choice":"Healed","damage_taken":0,"max_hp_gain":0,"max_hp_loss":0,"event_name":"The Cleric","floor":5,"gold_loss":35},{"damage_healed":0,"gold_gain":0,"player_choice":"Grow","damage_taken":0,"max_hp_gain":0,"max_hp_loss":0,"event_name":"Living Wall","floor":8,"gold_loss":0,"cards_upgraded":["Infernal Blade"]},{"damage_healed":0,"gold_gain":0,"player_choice":"Searched \u00272\u0027 times","damage_taken":0,"max_hp_gain":0,"max_hp_loss":0,"event_name":"Dead Adventurer","floor":13,"gold_loss":0},{"damage_healed":0,"gold_gain":0,"player_choice":"Gave Idol","damage_taken":0,"relics_obtained":["Bloody Idol"],"max_hp_gain":0,"max_hp_loss":0,"event_name":"Forgotten Altar","floor":20,"relics_lost":["Golden Idol"],"gold_loss":0},{"damage_healed":0,"gold_gain":0,"player_choice":"Got Potions","damage_taken":0,"max_hp_gain":0,"max_hp_loss":0,"event_name":"Lab","floor":21,"gold_loss":0}],"is_beta":false,"boss_relics":[{"not_picked":["Runic Cube","Cursed Key"],"picked":"Empty Cage"}],"items_purged_floors":[],"is_endless":false,"potions_floor_spawned":[2,6,11,16,18,23],"killed_by":"Slavers","ascension_level":18}}