{"host":"vucub2jtaeo9vgh1","time":1611415374,"event":{"mods":["BaseMod","BetterRewards","Minty Spire (QoL Compilation)","Quick Restart","Rare Cards Sparkle","Replay The Spire","StSLib"],"gold_per_floor":[115,134,134,150,160,160,170,170,193,193,239,275,314,125,125,231,231,233,233],"floor_reached":18,"language":"ENG","playtime":939,"items_purged":["Strike_P"],"score":297,"play_id":"3b3ec799-8075-4388-8c84-201601cbaaee","local_time":"20210123162254","is_ascension_mode":false,"campfire_choices":[{"data":"Replay:ManipulateFuture","floor":6.0,"key":"SMITH"},{"data":"Replay:Cycle","floor":6.0,"key":"SMITH"},{"data":"SashWhip","floor":8.0,"key":"SMITH"},{"data":"Eruption","floor":8.0,"key":"SMITH"},{"floor":15.0,"key":"REST"}],"circlet_count":0,"master_deck":["Strike_P","Strike_P","Strike_P","Defend_P","Defend_P","Defend_P","Defend_P","Eruption+1","Vigilance+1","Wireheading","Replay:ManipulateFuture+1","ClearTheMind","Replay:Cycle+1","SashWhip+1","SandsOfTime","Halt","Nirvana","Replay:Hum","MentalFortress","Replay:LoomingThreat"],"relics":["PureWater","Replay:Arrowhead","Pocketwatch","ReplayTheSpireMod:TigerMarble","Omamori","Replay:Bandana","Gremlin Horn","Ring of Chaos"],"acts_visited":["Exordium","TheCity"],"potions_floor_usage":[18],"damage_taken":[{"damage":3.0,"enemies":"Small Slimes","floor":1.0,"turns":3.0},{"damage":6.0,"enemies":"Jaw Worm","floor":2.0,"turns":2.0},{"damage":1.0,"enemies":"Cultist","floor":4.0,"turns":3.0},{"damage":0.0,"enemies":"2 Fungi Beasts","floor":5.0,"turns":2.0},{"damage":6.0,"enemies":"Exordium Wildlife","floor":7.0,"turns":6.0},{"damage":0.0,"enemies":"Gremlin Nob","floor":11.0,"turns":2.0},{"damage":0.0,"enemies":"Large Slime","floor":12.0,"turns":4.0},{"damage":1.0,"enemies":"3 Sentries","floor":13.0,"turns":5.0},{"damage":11.0,"enemies":"Fading Forest","floor":16.0,"turns":11.0},{"damage":3,"enemies":"3 Byrds","floor":18,"turns":3}],"seed_played":"8350561486498978893","potions_obtained":[{"floor":4.0,"key":"Block Potion"},{"floor":7.0,"key":"EntropicBrew"},{"floor":11.0,"key":"ColorlessPotion"},{"floor":13.0,"key":"Adrenaline Potion"},{"floor":16.0,"key":"Strength Potion"}],"is_trial":false,"path_per_floor":["M","M","?","M","M","R","M","R","T","?","E","M","E","$","R","B",null,"M"],"character_chosen":"WATCHER","items_purchased":["Wireheading","Replay:ManipulateFuture","ReplayTheSpireMod:TigerMarble","Replay:Hum","MentalFortress"],"campfire_rested":1,"item_purchase_floors":[0,0,0,14,14],"current_hp_per_floor":[37,31,28,27,27,27,21,21,21,21,21,21,20,20,41,40,72,69,69],"gold":233,"neow_bonus":"","is_daily":false,"chose_seed":false,"campfire_upgraded":4,"win_rate":0.0,"timestamp":1611415374,"path_taken":["M","M","?","M","M","R","M","R","T","?","E","?","E","$","R","BOSS","M"],"items_purchased_type":["Card","Card","Relic","Card","Card"],"build_version":"2020-12-22","purchased_purges":1,"victory":false,"max_hp_per_floor":[72,72,72,72,72,72,72,72,72,72,72,72,72,72,72,72,72,72,72],"card_choices":[{"not_picked":["WaveOfTheHand","Replay:BluntJabs"],"picked":"ClearTheMind","floor":1.0},{"not_picked":["Consecrate","FlurryOfBlows"],"picked":"Replay:Cycle","floor":2.0},{"not_picked":["ForeignInfluence","Replay:Vibes","WaveOfTheHand"],"picked":"SKIP","floor":4.0},{"not_picked":["Wallop","Blasphemy","BowlingBash"],"picked":"SKIP","floor":5.0},{"not_picked":["ClearTheMind","Crescendo"],"picked":"SashWhip","floor":7.0},{"not_picked":["Perseverance","EmptyFist"],"picked":"SandsOfTime","floor":11.0},{"not_picked":["Crescendo","Protect"],"picked":"Halt","floor":12.0},{"not_picked":["Replay:BluntJabs","Crescendo"],"picked":"Nirvana","floor":13.0},{"not_picked":["MasterReality","Brilliance"],"picked":"Replay:LoomingThreat","floor":16.0}],"player_experience":290028,"relics_obtained":[{"floor":9.0,"key":"Replay:Bandana"},{"floor":13.0,"key":"Gremlin Horn"}],"event_choices":[{"damage_healed":0.0,"max_hp_gain":0.0,"max_hp_loss":0.0,"gold_gain":0.0,"event_name":"Scrap Ooze","player_choice":"Success","floor":3.0,"gold_loss":0.0,"damage_taken":3.0,"relics_obtained":["Omamori"]},{"damage_healed":0.0,"max_hp_gain":0.0,"max_hp_loss":0.0,"gold_gain":0.0,"event_name":"Accursed Blacksmith","player_choice":"Forge","floor":10.0,"gold_loss":0.0,"damage_taken":0.0,"cards_upgraded":["Vigilance"]}],"is_beta":false,"boss_relics":[{"not_picked":["Kintsugi","Pandora\u0027s Box"],"picked":"Ring of Chaos"}],"items_purged_floors":[14],"is_endless":false,"potions_floor_spawned":[4,7,11,13,16],"killed_by":"3 Byrds","ascension_level":0}}