{"host":"e1pm3b7xpcm97e5w","time":1611422030,"event":{"mods":["BaseMod","Better Skull","Googly Eyes","Minty Spire (QoL Compilation)","Relic Stats","Shop Mod","Spicy Shops","StSLib"],"gold_per_floor":[19,31,31,42,53,53,53,53],"floor_reached":7,"language":"ENG","playtime":256,"items_purged":[],"score":67,"play_id":"7cd3de74-135c-4500-9ced-8ec33ea9ee64","local_time":"20210123121350","is_ascension_mode":true,"campfire_choices":[{"data":"Vault","floor":6,"key":"SMITH"}],"circlet_count":0,"master_deck":["AscendersBane","Strike_P","Strike_P","Strike_P","Strike_P","Defend_P","Defend_P","Defend_P","Defend_P","Eruption","Vigilance","Vault+1","PathToVictory","Halt","InnerPeace","FlurryOfBlows"],"relics":["PureWater"],"acts_visited":["Exordium"],"potions_floor_usage":[],"damage_taken":[{"damage":4,"enemies":"Small Slimes","floor":1,"turns":4},{"damage":0,"enemies":"Cultist","floor":2,"turns":3},{"damage":24,"enemies":"Jaw Worm","floor":4,"turns":3},{"damage":5,"enemies":"Exordium Wildlife","floor":5,"turns":5},{"damage":43,"enemies":"Lagavulin","floor":7,"turns":6}],"seed_played":"-7822585747455824122","potions_obtained":[],"is_trial":false,"path_per_floor":["M","M","?","M","M","R","E"],"character_chosen":"WATCHER","items_purchased":[],"campfire_rested":0,"item_purchase_floors":[],"current_hp_per_floor":[61,61,72,48,43,43,0,0],"gold":53,"neow_bonus":"THREE_RARE_CARDS","is_daily":false,"chose_seed":false,"campfire_upgraded":1,"win_rate":0.0,"timestamp":1611422030,"path_taken":["M","M","?","M","M","R","E"],"items_purchased_type":[],"build_version":"2020-12-22","purchased_purges":0,"victory":false,"max_hp_per_floor":[72,72,72,72,72,72,72,72],"relic_stats":{"counters":[5,21],"obtain_stats":[{"PureWater":0},{"PureWater":0},{"PureWater":0}]},"card_choices":[{"not_picked":["MasterReality","Devotion"],"picked":"Vault","floor":0},{"not_picked":["EmptyBody","Protect"],"picked":"PathToVictory","floor":1},{"not_picked":["Crescendo","WindmillStrike"],"picked":"Halt","floor":2},{"not_picked":["Halt","Meditate"],"picked":"InnerPeace","floor":4},{"not_picked":["InnerPeace","JustLucky"],"picked":"FlurryOfBlows","floor":5}],"player_experience":549305,"relics_obtained":[],"event_choices":[{"damage_healed":11,"gold_gain":0,"player_choice":"Full Heal","damage_taken":0,"max_hp_gain":0,"max_hp_loss":0,"event_name":"Wheel of Change","floor":3,"gold_loss":0}],"is_beta":false,"boss_relics":[],"items_purged_floors":[],"is_endless":false,"potions_floor_spawned":[],"killed_by":"Lagavulin","ascension_level":11}}