{"host":"gobyjzz6xbwq9f9i","time":1611377996,"event":{"mods":["AchievementEnabler","BaseMod","Bestiary","Colored Map","Minty Spire (QoL Compilation)"],"gold_per_floor":[19,19,37,2,19,44,44,77,125,154,164,133,146,169,169,169,169],"floor_reached":16,"language":"ENG","playtime":805,"items_purged":[],"score":183,"play_id":"91c9e6ba-1dae-40fe-a669-2d74a030f9c3","local_time":"20210122205956","is_ascension_mode":true,"campfire_choices":[{"data":"Storm of Steel","floor":7,"key":"SMITH"},{"floor":15,"key":"REST"}],"circlet_count":0,"master_deck":["AscendersBane","Strike_G","Strike_G","Strike_G","Strike_G","Strike_G","Defend_G","Defend_G","Defend_G","Defend_G","Defend_G","Survivor","Neutralize","Storm of Steel+1","Quick Slash+1","Backflip","Well Laid Plans","Choke","Reflex"],"relics":["Ring of the Snake","Singing Bowl","Lantern","Pen Nib","CeramicFish"],"acts_visited":["Exordium"],"potions_floor_usage":[10,16],"damage_taken":[{"damage":0,"enemies":"Small Slimes","floor":1,"turns":4},{"damage":1,"enemies":"Jaw Worm","floor":3,"turns":3},{"damage":0,"enemies":"2 Louse","floor":5,"turns":3},{"damage":36,"enemies":"Lagavulin","floor":6,"turns":9},{"damage":16,"enemies":"Gremlin Nob","floor":8,"turns":4},{"damage":24,"enemies":"3 Sentries","floor":10,"turns":9},{"damage":9,"enemies":"Blue Slaver","floor":11,"turns":3},{"damage":3,"enemies":"Looter","floor":13,"turns":3},{"damage":0,"enemies":"Exordium Wildlife","floor":14,"turns":2},{"damage":30,"enemies":"Hexaghost","floor":16,"turns":11}],"seed_played":"1054685065384332579","potions_obtained":[{"floor":3,"key":"Regen Potion"},{"floor":6,"key":"Dexterity Potion"},{"floor":14,"key":"Explosive Potion"}],"is_trial":false,"path_per_floor":["M","?","M","?","M","E","R","E","T","E","M","?","M","M","R","B"],"character_chosen":"THE_SILENT","items_purchased":[],"campfire_rested":1,"item_purchase_floors":[],"current_hp_per_floor":[63,63,62,70,70,34,34,18,18,11,4,4,3,3,25,0,0],"gold":169,"neow_bonus":"THREE_RARE_CARDS","is_daily":false,"chose_seed":false,"campfire_upgraded":1,"win_rate":0.0,"timestamp":1611377996,"path_taken":["M","?","M","?","M","E","R","E","T","E","M","?","M","M","R","BOSS"],"items_purchased_type":[],"build_version":"2020-12-22","purchased_purges":0,"victory":false,"max_hp_per_floor":[70,70,70,70,70,70,70,70,70,72,74,74,76,76,76,76,76],"card_choices":[{"not_picked":["Envenom","Tools of the Trade"],"picked":"Storm of Steel","floor":0},{"not_picked":["Dagger Throw","Acrobatics"],"picked":"Quick Slash","floor":1},{"not_picked":["Deadly Poison","Cloak And Dagger"],"picked":"Backflip","floor":3},{"not_picked":["Calculated Gamble","Distraction","Prepared"],"picked":"SKIP","floor":5},{"not_picked":["Prepared","Dodge and Roll"],"picked":"Well Laid Plans","floor":6},{"not_picked":["Backflip","Dagger Spray"],"picked":"Choke","floor":8},{"not_picked":["Poisoned Stab","Quick Slash","Night Terror"],"picked":"Singing Bowl","floor":10},{"not_picked":["Sucker Punch","Dagger Spray","Eviscerate"],"picked":"Singing Bowl","floor":11},{"not_picked":["Distraction","Masterful Stab","Reflex"],"picked":"Singing Bowl","floor":13},{"not_picked":["Dodge and Roll","Acrobatics"],"picked":"Reflex","floor":14}],"player_experience":1131858,"relics_obtained":[{"floor":6,"key":"Singing Bowl"},{"floor":8,"key":"Lantern"},{"floor":9,"key":"Pen Nib"},{"floor":10,"key":"CeramicFish"}],"event_choices":[{"damage_healed":0,"gold_gain":0,"player_choice":"Grow","damage_taken":0,"max_hp_gain":0,"max_hp_loss":0,"event_name":"Living Wall","floor":2,"gold_loss":0,"cards_upgraded":["Quick Slash"]},{"damage_healed":17,"gold_gain":0,"player_choice":"Healed","damage_taken":0,"max_hp_gain":0,"max_hp_loss":0,"event_name":"The Cleric","floor":4,"gold_loss":35},{"damage_healed":0,"gold_gain":0,"player_choice":"Left Gold","damage_taken":0,"max_hp_gain":0,"max_hp_loss":0,"event_name":"World of Goop","floor":12,"gold_loss":31}],"is_beta":false,"boss_relics":[],"items_purged_floors":[],"is_endless":false,"potions_floor_spawned":[3,6,14],"killed_by":"Hexaghost","ascension_level":10}}