{"host":"skx52d3x4g37h2em","time":1611367745,"event":{"mods":["Act Like it!","BaseMod","Colored Map","Downfall","Highlight Path","Minty Spire (QoL Compilation)","Quick Restart","Relic Sorter","Replay The Spire","StSLib"],"gold_per_floor":[99,118,138,138,288,463,463,490,508,520,47,59,59,141,155,155,155,155],"floor_reached":16,"language":"ENG","playtime":960,"items_purged":["downfall:Icky"],"score":102,"play_id":"57b54886-5aec-4534-a75b-372a7aa08914","local_time":"20210123050905","is_ascension_mode":false,"campfire_choices":[{"data":"bronze:Goto","floor":1,"key":"SMITH"},{"data":"bronze:BuggyMess","floor":13,"key":"SMITH"}],"circlet_count":0,"master_deck":["bronze:Strike","bronze:Strike","bronze:Strike","bronze:Defend","bronze:Defend","bronze:Defend","bronze:Defend","bronze:Replicate","bronze:Goto+1","bronze:Repair","Doubt","bronze:BronzeOrb","bronze:Iterate","bronze:BuggyMess+1","Secret Weapon","bronze:CutThrough"],"relics":["bronze:BronzeCore","Quantum Egg","ReplayFunnel","Medical Kit","Replay:Bottled Snecko"],"acts_visited":["Exordium"],"potions_floor_usage":[8],"damage_taken":[{"damage":8,"enemies":"Small Slimes","floor":2,"turns":4},{"damage":1,"enemies":"2 Louse","floor":3,"turns":3},{"damage":27,"enemies":"3 Sentries","floor":8,"turns":9},{"damage":3,"enemies":"Cultist","floor":9,"turns":5},{"damage":6,"enemies":"2 Fungi Beasts","floor":10,"turns":5},{"damage":0,"enemies":"downfall:FleeingMerchant","floor":11,"turns":4},{"damage":12,"enemies":"3 Louse","floor":12,"turns":6},{"damage":9,"enemies":"2 Fungi Beasts","floor":15,"turns":4},{"damage":57,"enemies":"IC_STATUS_ARCHETYPE","floor":16,"turns":8}],"seed_played":"-4529180180512766369","potions_obtained":[{"floor":2,"key":"Explosive Potion"},{"floor":8,"key":"Elixir"},{"floor":9,"key":"Strength Potion"}],"is_trial":false,"path_per_floor":["R","M","M","?","?","?","T","E","M","M","$","M","R","T","M","B"],"character_chosen":"THE_AUTOMATON","items_purchased":["Medical Kit","bronze:BuggyMess","Secret Weapon"],"campfire_rested":0,"item_purchase_floors":[11,11,11],"current_hp_per_floor":[77,69,75,75,75,75,75,50,54,55,55,50,50,50,48,0,0,0],"gold":155,"neow_bonus":"TEN_PERCENT_HP_BONUS","is_daily":false,"chose_seed":false,"campfire_upgraded":2,"win_rate":0.0,"timestamp":1611367745,"path_taken":["R","M","M","?","?","?","T","E","M","M","$","M","R","?","M","BOSS"],"items_purchased_type":["Relic","Card","Card"],"build_version":"2020-12-22","purchased_purges":1,"victory":false,"max_hp_per_floor":[77,77,77,77,77,77,77,77,77,77,77,77,77,77,77,77,77,77],"card_choices":[{"not_picked":["bronze:BuggyMess","bronze:Deprecate"],"picked":"bronze:Repair","floor":2},{"not_picked":["bronze:Turbo","bronze:HardenedForm","bronze:BronzeArmor"],"picked":"SKIP","floor":3},{"not_picked":["bronze:Shell","bronze:DarkDash"],"picked":"bronze:BronzeOrb","floor":8},{"not_picked":["bronze:Flail","bronze:WildBeam"],"picked":"bronze:Iterate","floor":9},{"not_picked":["bronze:DelayedGuard","bronze:DelayedSlice","bronze:BitShift"],"picked":"SKIP","floor":10},{"not_picked":["bronze:WildBeam","bronze:Frontload","bronze:Shell"],"picked":"SKIP","floor":11},{"not_picked":["bronze:Return","bronze:BitShift","bronze:CutThrough"],"picked":"SKIP","floor":12},{"not_picked":["bronze:BitShift","bronze:Frontload"],"picked":"bronze:CutThrough","floor":15}],"player_experience":135230,"relics_obtained":[{"floor":7,"key":"Quantum Egg"},{"floor":8,"key":"ReplayFunnel"},{"floor":14,"key":"Replay:Bottled Snecko"}],"event_choices":[],"is_beta":false,"boss_relics":[],"items_purged_floors":[11],"is_endless":false,"potions_floor_spawned":[2,8,9],"killed_by":"IC_STATUS_ARCHETYPE","ascension_level":0}}