{"host":"agbyy69nq62afhwx","time":1611433219,"event":{"mods":["BaseMod","Colored Map","DeckTracker","Highlight Path","Keyboard Shortcuts","Minty Spire (QoL Compilation)","Quick Restart","StSLib","SuperFastMode","everything is the same but u backflip on backflip"],"gold_per_floor":[14,24,24,41,51,51,85,85,135,135,8,28,40,70,70,145,145,159,59,69,69,69,69,102,117,165,176,176,190,209,228,228,304,304,315,315,328,174,186,221,221,221,221,221,221,32,32,42,42,42,42,42,42,42,42,42],"floor_reached":55,"language":"KOR","playtime":1844,"items_purged":["Strike_R","Strike_R","Strike_R"],"score":1788,"play_id":"3a0c6e35-71a9-43eb-b942-f09ccdad828a","local_time":"20210124052019","is_ascension_mode":true,"campfire_choices":[{"data":"Apotheosis","floor":6.0,"key":"SMITH"},{"data":"Pommel Strike","floor":8.0,"key":"SMITH"},{"data":"Uppercut","floor":15.0,"key":"SMITH"},{"floor":23.0,"key":"REST"},{"floor":28.0,"key":"RECALL"},{"floor":32.0,"key":"REST"},{"floor":41.0,"key":"REST"},{"data":"Corruption","floor":44.0,"key":"SMITH"},{"data":"Finesse","floor":49.0,"key":"SMITH"},{"floor":53.0,"key":"REST"}],"circlet_count":0,"master_deck":["AscendersBane","Strike_R","Defend_R","Defend_R","Defend_R","Defend_R","Bash","Apotheosis+1","Pommel Strike+1","Uppercut+1","Dropkick","Flex","Sword Boomerang","Ghostly Armor","Second Wind","Cleave","Dark Shackles","Dark Shackles","Flash of Steel","Injury","Inflame+1","Flame Barrier","Barricade","Feel No Pain+1","Shrug It Off","Entrench+1","Corruption+1","Madness","Madness","Flash of Steel","Rage","Finesse+1"],"relics":["Burning Blood","Sundial","Boot","Regal Pillow","Cursed Key","Orichalcum","Runic Pyramid","Self Forming Clay"],"acts_visited":["Exordium","TheCity","TheBeyond","TheEnding"],"potions_floor_usage":[],"damage_taken":[{"damage":0.0,"enemies":"Cultist","floor":1.0,"turns":3.0},{"damage":8.0,"enemies":"Small Slimes","floor":2.0,"turns":4.0},{"damage":4.0,"enemies":"2 Louse","floor":4.0,"turns":4.0},{"damage":17.0,"enemies":"2 Fungi Beasts","floor":5.0,"turns":4.0},{"damage":6.0,"enemies":"Gremlin Nob","floor":7.0,"turns":3.0},{"damage":24.0,"enemies":"Gremlin Gang","floor":12.0,"turns":4.0},{"damage":8.0,"enemies":"Large Slime","floor":13.0,"turns":4.0},{"damage":37.0,"enemies":"The Guardian","floor":16.0,"turns":9.0},{"damage":0.0,"enemies":"Chosen","floor":18.0,"turns":3.0},{"damage":27.0,"enemies":"2 Thieves","floor":20.0,"turns":4.0},{"damage":26.0,"enemies":"Book of Stabbing","floor":24.0,"turns":5.0},{"damage":2.0,"enemies":"Centurion and Healer","floor":25.0,"turns":5.0},{"damage":0.0,"enemies":"Cultist and Chosen","floor":27.0,"turns":5.0},{"damage":25.0,"enemies":"Shelled Parasite and Fungi","floor":29.0,"turns":4.0},{"damage":2.0,"enemies":"Centurion and Healer","floor":30.0,"turns":6.0},{"damage":0.0,"enemies":"Snecko","floor":31.0,"turns":5.0},{"damage":15.0,"enemies":"Collector","floor":33.0,"turns":7.0},{"damage":29.0,"enemies":"3 Darklings","floor":35.0,"turns":5.0},{"damage":6.0,"enemies":"Orb Walker","floor":37.0,"turns":3.0},{"damage":30.0,"enemies":"Transient","floor":39.0,"turns":6.0},{"damage":0.0,"enemies":"Giant Head","floor":40.0,"turns":9.0},{"damage":0.0,"enemies":"Sphere and 2 Shapes","floor":48.0,"turns":7.0},{"damage":29.0,"enemies":"Awakened One","floor":50.0,"turns":25.0},{"damage":18.0,"enemies":"Donu and Deca","floor":51.0,"turns":10.0},{"damage":67,"enemies":"Shield and Spear","floor":55,"turns":8}],"seed_played":"7682874146852069199","potions_obtained":[{"floor":4.0,"key":"FearPotion"},{"floor":12.0,"key":"PowerPotion"},{"floor":16.0,"key":"GamblersBrew"},{"floor":33.0,"key":"PowerPotion"},{"floor":40.0,"key":"Swift Potion"}],"is_trial":false,"path_per_floor":["M","M","$","M","M","R","E","R","T","?","$","M","M","?","R","B",null,"M","$","M","?","$","R","E","M","T","M","R","M","M","M","R","B",null,"M","?","M","$","M","E","R","?","T","R","?","$","?","M","R","B","B",null,"R","$","E"],"character_chosen":"IRONCLAD","items_purchased":["Sword Boomerang","Shrug It Off","Flash of Steel","Rage"],"campfire_rested":4,"item_purchase_floors":[11,38,46,46],"current_hp_per_floor":[74,72,72,74,63,63,63,63,63,63,63,45,43,43,43,12,59,65,65,44,17,17,54,34,38,38,44,44,25,29,35,72,63,72,49,49,49,49,25,31,68,54,54,54,54,54,44,50,50,27,15,60,75,75,8,8],"gold":42,"neow_bonus":"RANDOM_COLORLESS_2","is_daily":false,"chose_seed":false,"campfire_upgraded":5,"win_rate":0.0,"timestamp":1611433219,"path_taken":["M","M","?","M","M","R","E","R","T","?","$","?","M","?","R","BOSS","M","$","M","?","$","R","E","M","T","M","R","M","M","?","R","BOSS","M","?","M","$","M","E","R","?","T","R","?","$","?","M","R","BOSS","BOSS","R","$","E"],"items_purchased_type":["Card","Card","Card","Card"],"build_version":"2020-12-22","purchased_purges":3,"victory":false,"max_hp_per_floor":[75,75,75,75,75,75,75,75,75,75,75,75,75,75,75,75,75,75,75,75,75,75,75,75,75,75,75,75,75,75,75,75,75,75,75,75,75,75,75,75,75,75,75,75,75,75,75,75,75,75,75,75,75,75,75,75],"card_choices":[{"not_picked":["Metamorphosis","Magnetism"],"picked":"Apotheosis","floor":0.0},{"not_picked":["Perfected Strike","Flex","Havoc"],"picked":"SKIP","floor":1.0},{"not_picked":["True Grit","Feel No Pain"],"picked":"Pommel Strike","floor":2.0},{"not_picked":["Evolve","Warcry"],"picked":"Uppercut","floor":4.0},{"not_picked":["Pommel Strike","Warcry"],"picked":"Dropkick","floor":5.0},{"not_picked":["Anger","Wild Strike","Intimidate"],"picked":"SKIP","floor":7.0},{"not_picked":["Anger","Flex"],"picked":"Ghostly Armor","floor":12.0},{"not_picked":["Anger","Sever Soul"],"picked":"Second Wind","floor":13.0},{"not_picked":["Thunderclap","Iron Wave"],"picked":"Cleave","floor":18.0},{"not_picked":["Anger+1","Warcry","Exhume"],"picked":"SKIP","floor":20.0},{"not_picked":["Flex+1","Twin Strike","Headbutt"],"picked":"SKIP","floor":24.0},{"not_picked":["True Grit+1","Whirlwind","Perfected Strike"],"picked":"SKIP","floor":25.0},{"not_picked":["Iron Wave","Pommel Strike"],"picked":"Inflame+1","floor":27.0},{"not_picked":["Iron Wave","Headbutt","Heavy Blade"],"picked":"SKIP","floor":29.0},{"not_picked":["Wild Strike","Thunderclap"],"picked":"Flame Barrier","floor":30.0},{"not_picked":["Iron Wave","Warcry+1","Ghostly Armor"],"picked":"SKIP","floor":31.0},{"not_picked":["Brutality","Demon Form"],"picked":"Barricade","floor":33.0},{"not_picked":["Clothesline","Clash","Twin Strike+1"],"picked":"SKIP","floor":35.0},{"not_picked":["Flex+1","Power Through"],"picked":"Feel No Pain+1","floor":37.0},{"not_picked":["Cleave+1","Headbutt+1"],"picked":"Entrench+1","floor":39.0},{"not_picked":["Bludgeon","Rage+1"],"picked":"Corruption","floor":40.0},{"not_picked":["Swift Strike","Secret Technique"],"picked":"Finesse","floor":47.0},{"not_picked":["Shockwave","Thunderclap","Fire Breathing+1"],"picked":"SKIP","floor":48.0}],"player_experience":457525,"relics_obtained":[{"floor":7.0,"key":"Sundial"},{"floor":9.0,"key":"Boot"},{"floor":24.0,"key":"Orichalcum"},{"floor":40.0,"key":"Self Forming Clay"}],"event_choices":[{"damage_healed":0.0,"max_hp_gain":0.0,"max_hp_loss":0.0,"gold_gain":0.0,"event_name":"Match and Keep!","player_choice":"1 cards matched","floor":10.0,"gold_loss":0.0,"damage_taken":0.0,"cards_obtained":["Flex"]},{"damage_healed":0.0,"max_hp_gain":0.0,"max_hp_loss":0.0,"gold_gain":30.0,"event_name":"Dead Adventurer","player_choice":"Searched \u00272\u0027 times","floor":14.0,"gold_loss":0.0,"damage_taken":0.0,"relics_obtained":["Regal Pillow"]},{"damage_healed":0.0,"max_hp_gain":0.0,"max_hp_loss":0.0,"gold_gain":0.0,"event_name":"Knowing Skull","player_choice":"CARD CARD CARD ","floor":21.0,"potions_obtained":[],"gold_loss":0.0,"damage_taken":27.0,"cards_obtained":["Dark Shackles","Dark Shackles","Flash of Steel"]},{"damage_healed":0.0,"max_hp_gain":0.0,"max_hp_loss":0.0,"gold_gain":0.0,"event_name":"Tomb of Lord Red Mask","player_choice":"Ignored","floor":36.0,"gold_loss":0.0,"damage_taken":0.0},{"damage_healed":0.0,"max_hp_gain":0.0,"max_hp_loss":0.0,"gold_gain":0.0,"event_name":"Winding Halls","player_choice":"Embrace Madness","floor":42.0,"gold_loss":0.0,"damage_taken":14.0,"cards_obtained":["Madness","Madness"]},{"cards_removed":["Strike_R"],"damage_healed":0.0,"max_hp_gain":0.0,"max_hp_loss":0.0,"gold_gain":0.0,"event_name":"Falling","player_choice":"Removed Attack","floor":45.0,"gold_loss":0.0,"damage_taken":0.0},{"damage_healed":0.0,"max_hp_gain":0.0,"max_hp_loss":0.0,"gold_gain":0.0,"event_name":"SensoryStone","player_choice":"Memory 3","floor":47.0,"gold_loss":0.0,"damage_taken":10.0}],"is_beta":false,"boss_relics":[{"not_picked":["SacredBark","Astrolabe"],"picked":"Cursed Key"},{"not_picked":["Black Star","Busted Crown"],"picked":"Runic Pyramid"}],"items_purged_floors":[11,19,38],"is_endless":false,"potions_floor_spawned":[4,12,16,18,24,27,29,33,40],"killed_by":"Shield and Spear","ascension_level":20}}