{"host":"sc0o2qwpf9j16a4i","time":1611364118,"event":{"mods":["AchievementEnabler","BaseMod","BetterRewards","Block Reminder","Colored Map","Colored Powertips","Custom Start","Highlight Path","Minty Spire (QoL Compilation)","Relic Stats"],"gold_per_floor":[118,193,210,229,229,229,263,263,263,288,288,288,302,317,317,418,418,432,450,450,466,565,565,596,626,626,11,44,44,62,62,62,161,161,177,194,27,44,44,44,92,19,19,47,47,65,90,2,2,2],"floor_reached":51,"language":"ENG","playtime":1603,"items_purged":["Eruption","Strike_G"],"score":951,"play_id":"fdbd7f73-181f-42a3-a72f-8472776a988c","local_time":"20210123030838","daily_mods":["Chimera","Vintage","Terminal"],"is_ascension_mode":false,"campfire_choices":[{"data":"Bash","floor":6,"key":"SMITH"},{"data":"Zap","floor":8,"key":"SMITH"},{"floor":12,"key":"REST"},{"data":"Leap","floor":15,"key":"SMITH"},{"data":"Chill","floor":23,"key":"SMITH"},{"data":"Enlightenment","floor":29,"key":"SMITH"},{"data":"Multi-Cast","floor":32,"key":"SMITH"},{"data":"Biased Cognition","floor":40,"key":"SMITH"},{"data":"Capacitor","floor":49,"key":"SMITH"}],"circlet_count":0,"master_deck":["Bash+1","Survivor+1","Zap+1","Strike_R+1","Strike_B+1","Defend_R+1","Defend_G+1","Defend_P+1","Leap+1","Chill+1","Creative AI+1","Hologram+1","Multi-Cast+1","Coolheaded","Storm","Doom and Gloom","Enlightenment+1","Cold Snap","Biased Cognition+1","Heatsinks","Coolheaded+1","Capacitor+1","Defragment","Static Discharge"],"relics":["Cracked Core","Centennial Puzzle","Mummified Hand","Meat on the Bone","Anchor","Bird Faced Urn","Letter Opener","TungstenRod","Boot","Lantern","Black Star","Nunchaku","Vajra","Dream Catcher","Matryoshka","Whetstone","Red Mask","Pen Nib","Eternal Feather","Chemical X","War Paint","StrikeDummy","Pear","Peace Pipe","Philosopher\u0027s Stone","Akabeko","Bottled Tornado","Juzu Bracelet","StoneCalendar","DataDisk","Orichalcum","Omamori","Pantograph","Potion Belt","Ornamental Fan","Thread and Needle"],"acts_visited":["Exordium","TheCity","TheBeyond"],"potions_floor_usage":[14,16,18,21,24,24,24,25,44,50,50,50],"damage_taken":[{"damage":0,"enemies":"Cultist","floor":1,"turns":3},{"damage":11,"enemies":"Small Slimes","floor":3,"turns":3},{"damage":0,"enemies":"2 Louse","floor":4,"turns":2},{"damage":4,"enemies":"3 Sentries","floor":7,"turns":8},{"damage":10,"enemies":"Gremlin Nob","floor":10,"turns":4},{"damage":0,"enemies":"Looter","floor":13,"turns":2},{"damage":2,"enemies":"Red Slaver","floor":14,"turns":2},{"damage":0,"enemies":"Slime Boss","floor":16,"turns":5},{"damage":0,"enemies":"Shell Parasite","floor":18,"turns":7},{"damage":13,"enemies":"2 Thieves","floor":19,"turns":3},{"damage":9,"enemies":"Snecko","floor":21,"turns":6},{"damage":5,"enemies":"Slavers","floor":24,"turns":6},{"damage":10,"enemies":"Masked Bandits","floor":25,"turns":7},{"damage":0,"enemies":"Book of Stabbing","floor":28,"turns":6},{"damage":0,"enemies":"Snake Plant","floor":30,"turns":3},{"damage":41,"enemies":"Champ","floor":33,"turns":12},{"damage":0,"enemies":"Orb Walker","floor":35,"turns":4},{"damage":0,"enemies":"3 Darklings","floor":36,"turns":5},{"damage":0,"enemies":"Sphere and 2 Shapes","floor":38,"turns":4},{"damage":24,"enemies":"2 Orb Walkers","floor":41,"turns":5},{"damage":0,"enemies":"Giant Head","floor":44,"turns":6},{"damage":0,"enemies":"Spire Growth","floor":46,"turns":3},{"damage":10,"enemies":"Nemesis","floor":47,"turns":6},{"damage":0,"enemies":"Donu and Deca","floor":50,"turns":6}],"seed_played":"9202787120335512990","potions_obtained":[{"floor":7,"key":"Swift Potion"},{"floor":13,"key":"Fruit Juice"},{"floor":14,"key":"Strength Potion"},{"floor":16,"key":"Regen Potion"},{"floor":19,"key":"EntropicBrew"},{"floor":24,"key":"Energy Potion"},{"floor":30,"key":"LiquidBronze"},{"floor":41,"key":"ColorlessPotion"},{"floor":46,"key":"FairyPotion"},{"floor":47,"key":"Explosive Potion"}],"is_trial":true,"path_per_floor":["M","?","M","M","T","R","E","R","T","E","?","R","M","M","R","B",null,"M","M","?","M","?","R","E","?","T","$","E","R","M","?","R","B",null,"M","M","$","M","?","R","?","$","T","E","?","M","E","$","R","B",null],"character_chosen":"DEFECT","items_purchased":["Multi-Cast","Chemical X","Coolheaded","Storm","Doom and Gloom","Enlightenment","Heatsinks","Capacitor","FocusPotion","Static Discharge"],"campfire_rested":1,"item_purchase_floors":[27,27,27,27,27,27,37,42,48,48],"current_hp_per_floor":[73,62,51,51,51,51,47,47,47,37,25,43,43,46,46,46,62,61,52,52,58,57,56,55,53,53,52,51,50,59,58,57,31,55,54,53,52,51,47,46,36,36,36,42,41,40,38,38,37,36],"gold":2,"neow_bonus":"","is_daily":false,"chose_seed":false,"campfire_upgraded":8,"win_rate":0.0,"timestamp":1611364118,"path_taken":["M","?","M","M","?","R","E","R","T","E","?","R","M","M","R","BOSS","M","M","?","?","?","R","E","?","T","$","E","R","M","?","R","BOSS","M","M","$","M","?","R","?","$","T","E","?","M","E","?","R","BOSS"],"items_purchased_type":["Card","Relic","Card","Card","Card","Card","Card","Card","Potion","Card"],"build_version":"2020-12-22","purchased_purges":2,"victory":true,"max_hp_per_floor":[73,72,71,70,69,68,67,66,65,64,63,62,61,65,64,63,62,61,60,59,58,57,56,55,54,53,52,51,50,59,58,57,56,55,54,53,52,51,47,46,45,44,43,42,41,40,39,38,37,36],"relic_stats":{"counters":[24,118],"Eternal Feather":0,"StoneCalendar":[0],"Pen Nib":[6],"Juzu Bracelet":0,"Letter Opener":[203],"Whetstone":["Strike_R","Strike_B"],"War Paint":["Defend_G","Survivor"],"Orichalcum":[6],"Boot":[26],"Peace Pipe":0,"Centennial Puzzle":[33],"Nunchaku":[9],"Dream Catcher":0,"Mummified Hand":[115],"Ornamental Fan":[0],"Bird Faced Urn":[55],"Pantograph":0,"Black Star":4,"Chemical X":[14],"obtain_stats":[{"Lantern":14,"Vajra":19,"StoneCalendar":41,"Juzu Bracelet":38,"Whetstone":24,"Bottled Tornado":36,"Boot":13,"Centennial Puzzle":1,"Nunchaku":18,"Dream Catcher":21,"Matryoshka":24,"Mummified Hand":3,"Pantograph":44,"Philosopher\u0027s Stone":34,"Red Mask":25,"Chemical X":27,"Cracked Core":0,"Potion Belt":46,"Pear":30,"Eternal Feather":26,"Thread and Needle":47,"Pen Nib":26,"Omamori":44,"Letter Opener":9,"War Paint":28,"Orichalcum":43,"Akabeko":35,"Peace Pipe":31,"Anchor":5,"DataDisk":43,"Ornamental Fan":47,"Bird Faced Urn":7,"Black Star":17,"StrikeDummy":28,"TungstenRod":10,"Meat on the Bone":4},{"Lantern":7,"Vajra":10,"StoneCalendar":20,"Juzu Bracelet":19,"Whetstone":12,"Bottled Tornado":18,"Boot":6,"Centennial Puzzle":1,"Nunchaku":9,"Dream Catcher":11,"Matryoshka":12,"Mummified Hand":2,"Pantograph":21,"Philosopher\u0027s Stone":16,"Red Mask":13,"Chemical X":13,"Cracked Core":0,"Potion Belt":22,"Pear":15,"Eternal Feather":13,"Thread and Needle":23,"Pen Nib":13,"Omamori":21,"Letter Opener":4,"War Paint":14,"Orichalcum":20,"Akabeko":17,"Peace Pipe":15,"Anchor":3,"DataDisk":20,"Ornamental Fan":23,"Bird Faced Urn":4,"Black Star":8,"StrikeDummy":14,"TungstenRod":5,"Meat on the Bone":3},{"Lantern":24,"Vajra":39,"StoneCalendar":97,"Juzu Bracelet":92,"Whetstone":51,"Bottled Tornado":88,"Boot":22,"Centennial Puzzle":3,"Nunchaku":36,"Dream Catcher":45,"Matryoshka":51,"Mummified Hand":6,"Pantograph":103,"Philosopher\u0027s Stone":79,"Red Mask":58,"Chemical X":58,"Cracked Core":0,"Potion Belt":106,"Pear":67,"Eternal Feather":58,"Thread and Needle":112,"Pen Nib":58,"Omamori":103,"Letter Opener":16,"War Paint":64,"Orichalcum":97,"Akabeko":83,"Peace Pipe":67,"Anchor":8,"DataDisk":97,"Ornamental Fan":112,"Bird Faced Urn":16,"Black Star":29,"StrikeDummy":64,"TungstenRod":20,"Meat on the Bone":8}],"TungstenRod":16,"Meat on the Bone":12},"card_choices":[{"not_picked":["Heatsinks","Go for the Eyes"],"picked":"Leap","floor":7},{"not_picked":["Rebound","Fission"],"picked":"Chill","floor":10},{"not_picked":["Biased Cognition","All For One"],"picked":"Creative AI","floor":16},{"not_picked":["Ball Lightning","Barrage"],"picked":"Compile Driver+1","floor":24},{"not_picked":["Gash","Sweeping Beam+1"],"picked":"Hologram+1","floor":25},{"not_picked":["Steam","Turbo"],"picked":"Cold Snap","floor":28},{"not_picked":["All For One","Electrodynamics"],"picked":"Biased Cognition","floor":33},{"not_picked":["Chill","Scrape"],"picked":"Coolheaded+1","floor":41},{"not_picked":["Static Discharge","Streamline"],"picked":"Defragment","floor":44},{"not_picked":["FTL","Cold Snap","Doom and Gloom"],"picked":"SKIP","floor":47}],"player_experience":921956,"relics_obtained":[{"floor":1,"key":"Centennial Puzzle"},{"floor":3,"key":"Mummified Hand"},{"floor":4,"key":"Meat on the Bone"},{"floor":5,"key":"Anchor"},{"floor":7,"key":"Bird Faced Urn"},{"floor":9,"key":"Letter Opener"},{"floor":10,"key":"TungstenRod"},{"floor":13,"key":"Boot"},{"floor":14,"key":"Lantern"},{"floor":18,"key":"Nunchaku"},{"floor":19,"key":"Vajra"},{"floor":21,"key":"Dream Catcher"},{"floor":24,"key":"Matryoshka"},{"floor":24,"key":"Whetstone"},{"floor":25,"key":"Red Mask"},{"floor":26,"key":"Pen Nib"},{"floor":26,"key":"Eternal Feather"},{"floor":28,"key":"War Paint"},{"floor":28,"key":"StrikeDummy"},{"floor":30,"key":"Pear"},{"floor":35,"key":"Akabeko"},{"floor":36,"key":"Bottled Tornado"},{"floor":38,"key":"Juzu Bracelet"},{"floor":41,"key":"StoneCalendar"},{"floor":43,"key":"DataDisk"},{"floor":43,"key":"Orichalcum"},{"floor":44,"key":"Omamori"},{"floor":44,"key":"Pantograph"},{"floor":46,"key":"Potion Belt"},{"floor":47,"key":"Ornamental Fan"},{"floor":47,"key":"Thread and Needle"}],"event_choices":[{"damage_healed":0,"gold_gain":75,"player_choice":"Gather Gold","damage_taken":11,"max_hp_gain":0,"max_hp_loss":0,"event_name":"World of Goop","floor":2,"gold_loss":0},{"damage_healed":0,"gold_gain":0,"player_choice":"Entered Light","damage_taken":13,"max_hp_gain":0,"max_hp_loss":0,"event_name":"Shining Light","floor":11,"gold_loss":0,"cards_upgraded":["Defend_P","Defend_R"]},{"damage_healed":0,"gold_gain":0,"player_choice":"Upgraded","damage_taken":0,"max_hp_gain":0,"max_hp_loss":0,"event_name":"Upgrade Shrine","floor":20,"gold_loss":0,"cards_upgraded":["Creative AI"]},{"damage_healed":0,"gold_gain":99,"player_choice":"Stole From Cult","damage_taken":0,"max_hp_gain":0,"max_hp_loss":0,"event_name":"Nest","floor":22,"gold_loss":0},{"damage_healed":0,"gold_gain":0,"player_choice":"Fought Bandits","damage_taken":0,"max_hp_gain":0,"max_hp_loss":0,"event_name":"Masked Bandits","floor":25,"gold_loss":0},{"damage_healed":0,"gold_gain":0,"player_choice":"Gave Potion","damage_taken":0,"relics_obtained":["Peace Pipe"],"max_hp_gain":0,"max_hp_loss":0,"event_name":"WeMeetAgain","floor":31,"gold_loss":0},{"damage_healed":0,"gold_gain":0,"player_choice":"Max HP","damage_taken":0,"max_hp_gain":0,"max_hp_loss":3,"event_name":"Winding Halls","floor":39,"gold_loss":0},{"damage_healed":0,"gold_gain":0,"player_choice":"Fight","damage_taken":0,"max_hp_gain":0,"max_hp_loss":0,"event_name":"Mysterious Sphere","floor":41,"gold_loss":0},{"cards_removed":["Compile Driver"],"damage_healed":0,"gold_gain":0,"player_choice":"Removed Attack","damage_taken":0,"max_hp_gain":0,"max_hp_loss":0,"event_name":"Falling","floor":45,"gold_loss":0}],"is_beta":false,"boss_relics":[{"not_picked":["Fusion Hammer","Runic Dome"],"picked":"Black Star"},{"not_picked":["Empty Cage","SlaversCollar"],"picked":"Philosopher\u0027s Stone"}],"items_purged_floors":[27,37],"is_endless":false,"potions_floor_spawned":[7,13,14,16,19,24,30,41,46,47],"ascension_level":0}}