{"host":"fmb9x04chdot191d","time":1611360452,"event":{"mods":["2.2 Compatiblity","AchievementEnabler","BaseMod","BetterRewards","Downfall","Hermit","Highlight Path","Marisa（霧雨　魔理沙）","Minty Spire (QoL Compilation)","Permanent Neow","Quick Restart","Rare Cards Sparkle","StSLib","The Cursed","[IsaacMod]以撒尖塔"],"gold_per_floor":[119,194,214,227,56,56,88,88,114,126,156,174,174,17,17,122,122,134,134,184,198,198,223,235,235,235],"floor_reached":25,"language":"ENG","playtime":1696,"items_purged":["Strike_MRS"],"score":271,"play_id":"9cdbbfe8-38ee-40eb-ad8f-7685f2917217","local_time":"20210123130732","is_ascension_mode":false,"campfire_choices":[{"data":"DoctorFetus","floor":6,"key":"SMITH"},{"floor":8,"key":"REST"},{"data":"MaximisePower","floor":13,"key":"SMITH"},{"data":"BlazeAway","floor":15,"key":"SMITH"}],"circlet_count":0,"master_deck":["Strike_MRS","Defend_MRS","Defend_MRS","MasterSpark","UpSweep+1","DoctorFetus+1","BlazeAway+1","PulseMagic","Enlightenment","MaximisePower+1","Parasite","Parasite","GalacticHalo","6A+1","JA","BlazingStar+1","ShootingEcho+1","BlazeAway+1","UltimateShortwave","MysteriousBeam+1","PowerUp+1","DoctorFetus+1"],"relics":["MiniHakkero","HushsDoor","DoctorsRemote","Vajra","ShroomBag","Whetstone","Astrolabe","Kunai","PreservedInsect","Pear"],"acts_visited":["Exordium","TheCity"],"potions_floor_usage":[16,16],"damage_taken":[{"damage":5,"enemies":"Jaw Worm","floor":1,"turns":4},{"damage":5,"enemies":"Small Slimes","floor":3,"turns":4},{"damage":1,"enemies":"Cultist","floor":4,"turns":3},{"damage":26,"enemies":"Lagavulin","floor":7,"turns":4},{"damage":7,"enemies":"Blue Slaver","floor":10,"turns":3},{"damage":0,"enemies":"3 Louse","floor":12,"turns":3},{"damage":0,"enemies":"Slime Boss","floor":16,"turns":4},{"damage":15,"enemies":"3 Byrds","floor":18,"turns":3},{"damage":0,"enemies":"Hiden Room Battle","floor":20,"turns":2},{"damage":24,"enemies":"2 Thieves","floor":21,"turns":2},{"damage":22,"enemies":"Gremlin Leader","floor":23,"turns":3},{"damage":20,"enemies":"Cultist and Chosen","floor":24,"turns":4},{"damage":7,"enemies":"Slavers","floor":25,"turns":1}],"seed_played":"-7606703778794669723","potions_obtained":[{"floor":4,"key":"Dexterity Potion"},{"floor":7,"key":"hexamod:SoulburnPotion"},{"floor":10,"key":"hexamod:SoulburnPotion"},{"floor":21,"key":"LiquidBronze"},{"floor":23,"key":"FearPotion"}],"is_trial":false,"path_per_floor":["M","?","M","M","$","R","E","R","T","M","?","M","R","$","R","B",null,"M","?","?","M","?","E","M","E"],"character_chosen":"MARISA","items_purchased":["Enlightenment","Whetstone","UltimateShortwave"],"campfire_rested":1,"item_purchase_floors":[5,14,17],"current_hp_per_floor":[70,59,54,53,53,53,27,49,49,46,46,50,50,50,50,54,71,56,43,47,27,27,19,3,0,0],"gold":235,"neow_bonus":"REMOVE_CARD","is_daily":false,"chose_seed":false,"campfire_upgraded":3,"win_rate":0.0,"timestamp":1611360452,"path_taken":["M","?","M","?","$","R","E","R","T","M","?","M","R","$","R","BOSS","M","?","?","M","?","E","M","E"],"items_purchased_type":["Card","Relic","Card"],"build_version":"2020-12-22","purchased_purges":1,"victory":false,"max_hp_per_floor":[75,75,75,75,75,75,75,75,75,75,75,75,75,75,75,75,71,71,76,76,76,76,86,86,86,86],"card_choices":[{"not_picked":[],"picked":"DoctorFetus","floor":0},{"not_picked":["DragonMeteor","SuperPerseids"],"picked":"Bomb","floor":1},{"not_picked":["MilkyWay","DC"],"picked":"BlazeAway","floor":3},{"not_picked":["IllusionStar","DC"],"picked":"PulseMagic","floor":4},{"not_picked":["GalacticHalo","Occultation"],"picked":"MaximisePower","floor":7},{"not_picked":["MeteoricShower","IllusionStar"],"picked":"GalacticHalo","floor":10},{"not_picked":["StarBarrage","MilkyWay"],"picked":"6A","floor":12},{"not_picked":["AbsoluteMagnitude","FinalSpark"],"picked":"JA","floor":16},{"not_picked":["EarthLightRay","OpenUniverse"],"picked":"MysteriousBeam+1","floor":18},{"not_picked":["IllusionStar","WitchOfGreed"],"picked":"PowerUp+1","floor":20},{"not_picked":["6A","MachineGunSpark+1","WitchOfGreed"],"picked":"SKIP","floor":21},{"not_picked":["DragonMeteor","ShootingEcho","GrandCross"],"picked":"SKIP","floor":23},{"not_picked":["NonDirectionalLaser+1","IllusionStar","OpenUniverse"],"picked":"SKIP","floor":24}],"player_experience":28447,"relics_obtained":[{"floor":7,"key":"Vajra"},{"floor":9,"key":"ShroomBag"},{"floor":20,"key":"Kunai"},{"floor":20,"key":"PreservedInsect"},{"floor":23,"key":"Pear"}],"event_choices":[{"damage_healed":0,"gold_gain":75,"player_choice":"Gather Gold","damage_taken":11,"max_hp_gain":0,"max_hp_loss":0,"event_name":"World of Goop","floor":2,"gold_loss":0},{"damage_healed":0,"gold_gain":30,"player_choice":"Searched \u00272\u0027 times","damage_taken":0,"max_hp_gain":0,"max_hp_loss":0,"event_name":"Dead Adventurer","floor":11,"gold_loss":0},{"damage_healed":0,"gold_gain":0,"player_choice":"Shed Blood","damage_taken":18,"max_hp_gain":5,"max_hp_loss":0,"event_name":"Forgotten Altar","floor":19,"gold_loss":0},{"damage_healed":0,"gold_gain":0,"player_choice":"Fight","damage_taken":0,"max_hp_gain":0,"max_hp_loss":0,"event_name":"HidenRoomEvent","floor":20,"gold_loss":0},{"damage_healed":0,"gold_gain":0,"player_choice":"Copied","damage_taken":0,"max_hp_gain":0,"max_hp_loss":0,"event_name":"Duplicator","floor":22,"gold_loss":0,"cards_obtained":["DoctorFetus"]}],"is_beta":false,"boss_relics":[{"not_picked":["RampagingMagicTools","Cursed Key"],"picked":"Astrolabe"},{"not_picked":[]}],"items_purged_floors":[5],"is_endless":false,"potions_floor_spawned":[4,7,10,12,21,23,24],"killed_by":"Slavers","ascension_level":0}}