{"host":"armnliea5o2aqs4b","time":1611387235,"event":{"mods":["BaseMod","Hermit","Hubris","Infinite Spire","Minty Spire (QoL Compilation)","Quick Restart","StSLib","The Construct","The Disciple","The Forsaken"],"gold_per_floor":[114,36,60,235,235,266,266,330,330,330,349,384,402,402,402,507,507,525,525,450,521,521,555,565,565,565,580,580,505,505,445,445,549,549,560,560,46,63,63,63,80,111,111,123,123],"floor_reached":44,"language":"ENG","playtime":1055,"items_purged":["Strike_R"],"score":480,"play_id":"72543d6f-c619-4770-91c1-3144117c42a8","local_time":"20210123183355","is_ascension_mode":true,"campfire_choices":[{"data":"infinitespire:OneForAll","floor":7.0,"key":"SMITH"},{"data":"Whirlwind","floor":10.0,"key":"SMITH"},{"data":"Dual Wield","floor":15.0,"key":"SMITH"},{"data":"Feed","floor":25,"key":"SMITH"},{"floor":32,"key":"REST"},{"data":"hubris:InfiniteBlow+271","floor":40,"key":"SMITH"}],"circlet_count":0,"master_deck":["Defend_R+1","Defend_R+1","Defend_R+1","Defend_R+1","Bash","Whirlwind+1","infinitespire:OneForAll+1","Pummel","Dual Wield+1","Disarm","Feed+1","Shrug It Off+1","Impervious","Rage","Juggernaut+1","Writhe","infinitespire:OneForAll","hubris:SharpeningStone","Barricade","infinitespire:OneForAll+1","hubris:InfiniteBlow+272"],"relics":["infinitespire:DarkRift","Juzu Bracelet","hubris:Icosahedron","Pocketwatch","construct:BoolHorns","White Beast Statue","Bird Faced Urn","infinitespire:Cubic Diamond","Empty Cage","Nloth\u0027s Gift","InkBottle","infinitespire:Beetle Shell","infinitespire:Eraser","construct:RocketBooster","hubris:Towel","hubris:TerracottaHorce","hubris:TinFlute","MawBank"],"acts_visited":["Exordium","TheCity","TheBeyond"],"potions_floor_usage":[16,16,16,23,23,33,33,35,38,44,44],"damage_taken":[{"damage":0.0,"enemies":"Cultist","floor":1.0,"turns":1.0},{"damage":0.0,"enemies":"Lagavulin","floor":6.0,"turns":3.0},{"damage":0.0,"enemies":"3 Sentries","floor":8.0,"turns":1.0},{"damage":6.0,"enemies":"Jaw Worm","floor":11.0,"turns":2.0},{"damage":18.0,"enemies":"3 Sentries","floor":12.0,"turns":3.0},{"damage":0.0,"enemies":"2 Louse","floor":13.0,"turns":1.0},{"damage":28,"enemies":"The Guardian","floor":16,"turns":9},{"damage":21,"enemies":"Spheric Guardian","floor":18,"turns":4},{"damage":26,"enemies":"Slavers","floor":23,"turns":4},{"damage":8,"enemies":"Shell Parasite","floor":24,"turns":4},{"damage":20,"enemies":"Centurion and Healer","floor":27,"turns":2},{"damage":10,"enemies":"hubris:MusketHawk","floor":33,"turns":3},{"damage":13,"enemies":"Orb Walker","floor":35,"turns":3},{"damage":40,"enemies":"3 Shapes","floor":38,"turns":2},{"damage":12,"enemies":"Spire Growth","floor":41,"turns":3},{"damage":0,"enemies":"Giant Head","floor":42,"turns":2},{"damage":37,"enemies":"2 Orb Walkers","floor":44,"turns":3}],"seed_played":"-27956139989376060","potions_obtained":[{"floor":1.0,"key":"Strength Potion"},{"floor":11.0,"key":"Fire Potion"},{"floor":12.0,"key":"LiquidBronze"},{"floor":16,"key":"EssenceOfSteel"},{"floor":18,"key":"Fruit Juice"},{"floor":23,"key":"Block Potion"},{"floor":24,"key":"BlessingOfTheForge"},{"floor":27,"key":"Fire Potion"},{"floor":33,"key":"Swift Potion"},{"floor":35,"key":"BloodPotion"},{"floor":38,"key":"DuplicationPotion"},{"floor":41,"key":"LiquidBronze"}],"is_trial":false,"path_per_floor":["M","$","T","?","?","E","R","?","T","R","M","E","M","?","R","B",null,"M","?","$","T","?","E","M","R","T","M","?","?","?","?","R","B",null,"M","?","?","M","$","R","M","E","T","?"],"character_chosen":"IRONCLAD","items_purchased":["infinitespire:OneForAll"],"campfire_rested":1,"item_purchase_floors":[2],"current_hp_per_floor":[80,80,80,80,80,80,80,80,80,80,80,68,74,74,74,46,80,59,59,59,59,59,38,30,30,30,10,10,10,10,10,35,25,70,59,59,59,36,36,36,28,28,28,0,0],"gold":123,"neow_bonus":"THREE_ENEMY_KILL","is_daily":false,"chose_seed":false,"campfire_upgraded":5,"win_rate":0.0,"timestamp":1611387235,"path_taken":["M","$","?","?","?","E","R","?","T","R","M","E","M","?","R","BOSS","M","?","$","?","?","E","M","R","T","M","?","?","?","?","R","BOSS","M","?","?","M","$","R","M","E","T","?"],"items_purchased_type":["Card"],"build_version":"2020-12-22","purchased_purges":1,"victory":false,"max_hp_per_floor":[80,80,80,80,80,80,80,80,80,80,80,80,80,80,80,80,80,80,80,80,80,80,85,85,85,85,85,85,85,85,85,85,85,85,85,85,85,85,85,85,85,85,85,85,85],"card_choices":[{"not_picked":["Dual Wield","Havoc"],"picked":"Whirlwind","floor":1.0},{"not_picked":["Clash","Havoc","Sever Soul"],"picked":"SKIP","floor":6.0},{"not_picked":["Wild Strike","Metallicize"],"picked":"Pummel","floor":11.0},{"not_picked":["Iron Wave","Sever Soul"],"picked":"Dual Wield","floor":12.0},{"not_picked":["Sword Boomerang","True Grit"],"picked":"Disarm","floor":13.0},{"not_picked":["Offering","Exhume"],"picked":"Feed","floor":16},{"not_picked":["Carnage+1","Anger"],"picked":"Shrug It Off+1","floor":18},{"not_picked":["Brutality","Heavy Blade"],"picked":"Impervious","floor":23},{"not_picked":["hubris:CleavingFinish","True Grit"],"picked":"Rage","floor":24},{"not_picked":["Body Slam+1","Sever Soul"],"picked":"Juggernaut","floor":27},{"not_picked":["Exhume","Juggernaut"],"picked":"Barricade","floor":33},{"not_picked":["Warcry","Combust+1","Clash+1"],"picked":"SKIP","floor":35},{"not_picked":["infinitespire:Menacing","infinitespire:UltimateForm"],"picked":"hubris:InfiniteBlow+271","floor":37},{"not_picked":["Metallicize+1","Hemokinesis","Infernal Blade+1"],"picked":"SKIP","floor":38},{"not_picked":["Berserk","infinitespire:OneForAll","Reckless Charge"],"picked":"SKIP","floor":41},{"not_picked":["Body Slam","Hemokinesis","Warcry+1"],"picked":"SKIP","floor":42}],"player_experience":184245,"relics_obtained":[{"floor":3.0,"key":"Juzu Bracelet"},{"floor":6.0,"key":"Pocketwatch"},{"floor":8.0,"key":"construct:BoolHorns"},{"floor":9.0,"key":"White Beast Statue"},{"floor":12.0,"key":"Bird Faced Urn"},{"floor":21,"key":"InkBottle"},{"floor":23,"key":"infinitespire:Beetle Shell"},{"floor":26,"key":"infinitespire:Eraser"},{"floor":42,"key":"hubris:TinFlute"},{"floor":43,"key":"MawBank"}],"event_choices":[{"damage_healed":0.0,"max_hp_gain":0.0,"max_hp_loss":0.0,"gold_gain":175.0,"event_name":"Liars Game","player_choice":"AGREE","floor":4.0,"gold_loss":0.0,"damage_taken":0.0,"cards_obtained":["Doubt"]},{"damage_healed":0.0,"max_hp_gain":0.0,"max_hp_loss":0.0,"gold_gain":0.0,"event_name":"Dead Adventurer","player_choice":"Searched \u00271\u0027 times","floor":8.0,"gold_loss":0.0,"damage_taken":0.0},{"damage_healed":0,"gold_gain":0,"player_choice":"Traded Relic","damage_taken":0,"relics_obtained":["Nloth\u0027s Gift"],"max_hp_gain":0,"max_hp_loss":0,"event_name":"N\u0027loth","floor":19,"relics_lost":["NeowsBlessing"],"gold_loss":0},{"damage_healed":0,"gold_gain":0,"player_choice":"Simplicity","damage_taken":0,"max_hp_gain":0,"max_hp_loss":0,"event_name":"Back to Basics","floor":22,"gold_loss":0,"cards_upgraded":["Strike_R","Strike_R","Strike_R","Defend_R","Defend_R","Defend_R","Defend_R"]},{"damage_healed":0,"gold_gain":0,"player_choice":"Opened","damage_taken":0,"relics_obtained":["construct:RocketBooster"],"max_hp_gain":0,"max_hp_loss":0,"event_name":"The Mausoleum","floor":28,"gold_loss":0,"cards_obtained":["Writhe"]},{"cards_removed":["Strike_R"],"damage_healed":0,"gold_gain":0,"player_choice":"Gave Gold","damage_taken":0,"max_hp_gain":0,"max_hp_loss":0,"event_name":"Beggar","floor":29,"gold_loss":75},{"damage_healed":0,"gold_gain":0,"cards_transformed":["Strike_R","Strike_R"],"player_choice":"Transformed Cards","damage_taken":0,"max_hp_gain":0,"max_hp_loss":0,"event_name":"Designer","floor":31,"gold_loss":60,"cards_obtained":["infinitespire:OneForAll","hubris:SharpeningStone"]},{"damage_healed":0,"gold_gain":0,"player_choice":"Copied","damage_taken":0,"max_hp_gain":0,"max_hp_loss":0,"event_name":"Duplicator","floor":36,"gold_loss":0,"cards_obtained":["infinitespire:OneForAll"]},{"damage_healed":0,"gold_gain":0,"player_choice":"Fight","damage_taken":0,"max_hp_gain":0,"max_hp_loss":0,"event_name":"Mysterious Sphere","floor":44,"gold_loss":0}],"is_beta":false,"boss_relics":[{"not_picked":["hubris:BlackHole","SlaversCollar"],"picked":"Empty Cage"},{"not_picked":["Runic Dome","hubris:GrandSneckoEye"],"picked":"hubris:TerracottaHorce"}],"items_purged_floors":[20],"is_endless":false,"potions_floor_spawned":[1,11,12,13,16,18,23,24,27,33,35,38,41,42],"killed_by":"2 Orb Walkers","ascension_level":1}}