{"host":"skx52d3x4g37h2em","time":1611360403,"event":{"mods":["Act Like it!","BaseMod","Colored Map","Downfall","Highlight Path","Minty Spire (QoL Compilation)","Quick Restart","Relic Sorter","Replay The Spire","StSLib"],"gold_per_floor":[99,99,99,99,99,99,99,99,99,131,131,148,148,148,148],"floor_reached":13,"language":"ENG","playtime":404,"items_purged":[],"score":102,"play_id":"2e8f5778-e012-4969-af88-1b867effe87a","local_time":"20210123030643","is_ascension_mode":false,"campfire_choices":[{"data":"Guardian:CurlUp","floor":1.0,"key":"SMITH"},{"data":"Guardian:Defend_Guardian","floor":6.0,"key":"SMITH"},{"data":"Guardian:Defend_Guardian","floor":9.0,"key":"SMITH"}],"circlet_count":0,"master_deck":["Guardian:Strike_Guardian","Guardian:Strike_Guardian","Guardian:Strike_Guardian","Guardian:Defend_Guardian","Guardian:Defend_Guardian","Guardian:Defend_Guardian+1","Guardian:Defend_Guardian+1","Guardian:CurlUp+1","Guardian:TwinSlam","Guardian:Recover","Guardian:Gem_Lightblue","Guardian:Incinerate","Guardian:Gem_Yellow","Guardian:Repulse","Guardian:Gem_Red"],"relics":["Guardian:ModeShifter","downfall:HeartsMalice","Snack Pack","Bag of Preparation"],"acts_visited":["Exordium"],"potions_floor_usage":[],"damage_taken":[{"damage":0.0,"enemies":"Jaw Worm","floor":2.0,"turns":1.0},{"damage":0.0,"enemies":"2 Louse","floor":5.0,"turns":1.0},{"damage":0.0,"enemies":"Gremlin Nob","floor":10.0,"turns":1.0},{"damage":0.0,"enemies":"Cultist","floor":11.0,"turns":1.0},{"damage":2.0,"enemies":"Large Slime","floor":12.0,"turns":10.0},{"damage":0,"enemies":"Lagavulin","floor":13,"turns":1}],"seed_played":"5558386516940029670","potions_obtained":[],"is_trial":false,"path_per_floor":["R","M","?","?","M","R","T","?","R","E","M","M","E"],"character_chosen":"GUARDIAN","items_purchased":[],"campfire_rested":0,"item_purchase_floors":[],"current_hp_per_floor":[80,80,80,80,80,80,80,80,80,80,80,78,78,78,78],"gold":148,"neow_bonus":"THREE_ENEMY_KILL","is_daily":false,"chose_seed":false,"campfire_upgraded":3,"win_rate":0.0,"timestamp":1611360403,"path_taken":["R","M","?","?","M","R","T","?","R","E","?","M","E"],"items_purchased_type":[],"build_version":"2020-12-22","purchased_purges":0,"victory":false,"max_hp_per_floor":[80,80,80,80,80,80,80,80,80,80,80,80,80,80,80],"card_choices":[{"not_picked":["Guardian:ShieldCharger","Guardian:PrimingBeam"],"picked":"Guardian:Recover","floor":2.0},{"not_picked":["Guardian:ChargeCore","Guardian:CrystalBeam"],"picked":"Guardian:Incinerate","floor":5.0},{"not_picked":["Guardian:Gem_White","Guardian:Gem_Lightblue"],"picked":"Guardian:Gem_Yellow","floor":10.0},{"not_picked":["Guardian:Recover","Guardian:Planning"],"picked":"Guardian:Repulse","floor":11.0},{"not_picked":["Guardian:PrimingBeam","Guardian:RefractedBeam"],"picked":"Guardian:Gem_Red","floor":12.0}],"player_experience":132801,"relics_obtained":[{"floor":7.0,"key":"Snack Pack"},{"floor":10.0,"key":"Bag of Preparation"}],"event_choices":[{"damage_healed":0.0,"max_hp_gain":0.0,"max_hp_loss":0.0,"gold_gain":0.0,"event_name":"NoteForYourself","player_choice":"Ignored","floor":8.0,"gold_loss":0.0,"damage_taken":0.0}],"is_beta":false,"boss_relics":[],"items_purged_floors":[],"is_endless":false,"potions_floor_spawned":[],"killed_by":"Lagavulin","ascension_level":0}}