{"host":"lh7nevhqohhhg5q0","time":1611440236,"event":{"mods":["Act Like it!","BaseMod","Better Altar","Better Match","Better Note","Better Sensory Stone","Better Skull","Better Third Choice","BetterRewards","Colored Powertips","Googly Eyes","Hermit","Marisa????????","Minty Spire (QoL Compilation)","Permanent Neow","Replay The Spire","StSLib","The Cursed","The Servant 0.9.4"],"gold_per_floor":[109,124,199,209,209,221,253,265,355,402,433,461,473,519,531,643,655,680,692,704,733,770,782,820,832,844,652,669,629,318,318,318,315,315,335,385,398,398,414,414,447,447,447,459,459,459,471,471,471,76,76,76],"floor_reached":53,"language":"ENG","playtime":4687,"items_purged":[],"score":913,"play_id":"e487a06b-aa5a-47e9-8f27-cf3ab1446689","local_time":"20210123171716","is_ascension_mode":false,"campfire_choices":[{"floor":6.0,"key":"REST"},{"floor":8.0,"key":"REST"},{"data":"TheCursedMod:CircleOfFocus","floor":23.0,"key":"SMITH"},{"floor":25.0,"key":"REST"},{"floor":32.0,"key":"REST"},{"data":"TheCursedMod:CircleOfWindfury","floor":40,"key":"SMITH"},{"data":"1","floor":42,"key":"LIFT"},{"data":"2","floor":48,"key":"LIFT"},{"data":"TheCursedMod:EmpowerCircles","floor":51,"key":"SMITH"}],"circlet_count":0,"master_deck":["TheCursedMod:CursedBoomerang+1","TheCursedMod:RavingStaff","TheCursedMod:SpitefulStrike","TheCursedMod:CursedSpellbook","TheCursedMod:DoubleShield","TheCursedMod:EmpowerCircles+1","TheCursedMod:CircleOfFocus+1","TheCursedMod:CircleOfWindfury+1","TheCursedMod:CircleOfAbyss","TheCursedMod:NeowsMight","TheCursedMod:CursedShiv","TheCursedMod:Stigma","TheCursedMod:SurpriseAttack","TheCursedMod:BlessingInDisguise","TheCursedMod:SpitefulPray+1","TheCursedMod:CursedSpellbook","TheCursedMod:DemonSword+1","TheCursedMod:ReleasedStrength","TheCursedMod:SpitefulPray","TheCursedMod:CursedBoomerang+1","TheCursedMod:TacticalStrike+1","TheCursedMod:TacticalStrike+1","TheCursedMod:SmokeScreen+1","TheCursedMod:SmokeScreen+1","TheCursedMod:CursedMace+1","TheCursedMod:HellfireBreathing","TheCursedMod:WearCloak+1"],"relics":["TheCursedMod:DemonicMark","MawBank","Mummified Hand","Pantograph","Replay:Rubber Ducky","Molten Egg 2","Regal Pillow","ReplayFunnel","ReplayTheSpireMod:TigerMarble","Nunchaku","ClockworkSouvenir","Vajra","Girya","TheCursedMod:FourLeafCloverCharm","Counterbalance","Onion Ring","Centennial Puzzle","Garlic","Mirror","HandDrill"],"acts_visited":[],"potions_floor_usage":[],"damage_taken":[{"damage":0.0,"enemies":"2 Louse","floor":1.0,"turns":2.0},{"damage":0.0,"enemies":"Small Slimes","floor":2.0,"turns":2.0},{"damage":0.0,"enemies":"Jaw Worm","floor":4.0,"turns":2.0},{"damage":0.0,"enemies":"Large Slime","floor":7.0,"turns":1.0},{"damage":5.0,"enemies":"Replay:BlueRogue","floor":10.0,"turns":4.0},{"damage":0.0,"enemies":"Blue Slaver","floor":11.0,"turns":1.0},{"damage":2.0,"enemies":"3 Louse","floor":12.0,"turns":2.0},{"damage":0.0,"enemies":"Lagavulin","floor":14.0,"turns":2.0},{"damage":20.0,"enemies":"Hexaghost","floor":16.0,"turns":7.0},{"damage":0.0,"enemies":"Chosen","floor":18.0,"turns":2.0},{"damage":0.0,"enemies":"Spheric Guardian","floor":21.0,"turns":2.0},{"damage":61.0,"enemies":"Slavers","floor":24.0,"turns":6.0},{"damage":3.0,"enemies":"3 Cultists","floor":28.0,"turns":2.0},{"damage":8.0,"enemies":"Pondfish","floor":33.0,"turns":5.0},{"damage":9.0,"enemies":"3 Shapes","floor":35.0,"turns":1.0},{"damage":0.0,"enemies":"Mind Bloom Boss Battle","floor":36.0,"turns":2.0},{"damage":0.0,"enemies":"3 Darklings","floor":37.0,"turns":3.0},{"damage":9,"enemies":"4 Shapes","floor":39,"turns":5},{"damage":5,"enemies":"Nemesis","floor":41,"turns":3},{"damage":0,"enemies":"Transient","floor":44,"turns":5},{"damage":0,"enemies":"Writhing Mass","floor":47,"turns":3},{"damage":12,"enemies":"Donu and Deca","floor":52,"turns":5}],"seed_played":"-6595578700683263627","potions_obtained":[{"floor":2.0,"key":"Swift Potion"},{"floor":4.0,"key":"EssenceOfSteel"},{"floor":11.0,"key":"LiquidMemories"},{"floor":16.0,"key":"Languid Potion"},{"floor":24.0,"key":"Swift Potion"},{"floor":36.0,"key":"DuplicationPotion"},{"floor":41,"key":"PowerPotion"},{"floor":44,"key":"Dexterity Potion"}],"is_trial":false,"path_per_floor":["M","M","?","M","?","R","M","R","T","E","M","M","?","E","R","B",null,"M","?","?","M","T","R","E","R","T","$","M","?","$","T","R","B",null,"M","?","M","?","M","R","E","R","T","M","PTL","PTL","M","R","?","$","R","B",null],"character_chosen":"THE_CURSED","items_purchased":["Nunchaku","TheCursedMod:TacticalStrike+1","ClockworkSouvenir","Vajra","Mirror","HandDrill"],"campfire_rested":4,"item_purchase_floors":[27,27,30,30,50,50],"current_hp_per_floor":[54,54,43,43,25,47,47,69,69,64,64,62,62,62,62,55,75,75,75,75,75,75,75,14,51,51,51,48,48,48,48,75,67,75,66,75,75,75,66,66,65,65,65,65,65,65,65,65,69,69,69,63],"gold":76,"neow_bonus":"THREE_RARE_CARDS","is_daily":false,"chose_seed":false,"campfire_upgraded":3,"win_rate":0.0,"timestamp":1611440236,"path_taken":["M","M","?","M","?","R","M","R","T","E","M","M","?","E","R","BOSS","M","?","?","M","?","R","E","R","T","$","M","?","?","?","R","BOSS","M","?","M","?","M","R","E","R","T","M","PTL","PTL","?","R","?","?","R","BOSS"],"items_purchased_type":["Relic","Card","Relic","Relic","Relic","Relic"],"build_version":"2020-12-22","purchased_purges":0,"victory":true,"max_hp_per_floor":[75,75,75,75,75,75,75,75,75,75,75,75,75,75,75,75,75,75,75,75,75,75,75,75,75,75,75,75,75,75,75,75,75,75,75,75,75,75,75,75,75,75,75,75,75,75,75,75,75,75,75,75],"card_choices":[{"not_picked":["TheCursedMod:CircleOfAbyss","TheCursedMod:OutForBlood"],"picked":"TheCursedMod:NeowsMight","floor":0.0},{"not_picked":["TheCursedMod:Torture","TheCursedMod:Wield"],"picked":"TheCursedMod:CursedShiv","floor":1.0},{"not_picked":["TheCursedMod:TacticalStrike","TheCursedMod:VitalStrike"],"picked":"TheCursedMod:Stigma","floor":2.0},{"not_picked":["TheCursedMod:CursedAmulet","TheCursedMod:CircleOfCorruption"],"picked":"TheCursedMod:SurpriseAttack","floor":4.0},{"not_picked":["TheCursedMod:FleshFromBone","TheCursedMod:CircleOfBlood"],"picked":"TheCursedMod:BlessingInDisguise","floor":7.0},{"not_picked":["TheCursedMod:StunningStrike","TheCursedMod:SpitefulStrike"],"picked":"TheCursedMod:SpitefulPray","floor":10.0},{"not_picked":["TheCursedMod:SmokeScreen","TheCursedMod:CircleOfWindfury","TheCursedMod:DoubleShield"],"picked":"SKIP","floor":11.0},{"not_picked":["TheCursedMod:ManaBullet","TheCursedMod:BloodBarrier"],"picked":"TheCursedMod:CursedSpellbook","floor":12.0},{"not_picked":["TheCursedMod:VitalStrike","TheCursedMod:HellsGateOpen","TheCursedMod:ManaBullet"],"picked":"SKIP","floor":14.0},{"not_picked":["TheCursedMod:UltimatePain","TheCursedMod:VoidForm"],"picked":"TheCursedMod:DemonSword+1","floor":16.0},{"not_picked":["TheCursedMod:SpitefulStrike+1","TheCursedMod:RapidMovement"],"picked":"TheCursedMod:ReleasedStrength","floor":18.0},{"not_picked":["TheCursedMod:CursedShiv+1","TheCursedMod:SpitefulStrike+1"],"picked":"TheCursedMod:CursedBoomerang+1","floor":21.0},{"not_picked":["TheCursedMod:Hemoplague","TheCursedMod:Stigma+1"],"picked":"TheCursedMod:TacticalStrike+1","floor":24.0},{"not_picked":["TheCursedMod:ReleasedKnowledge","TheCursedMod:SoulCrush+1","TheCursedMod:DemonicPact"],"picked":"SKIP","floor":28.0},{"not_picked":["TheCursedMod:Torture","TheCursedMod:SpitefulStrike+1"],"picked":"TheCursedMod:SmokeScreen+1","floor":35.0},{"not_picked":["TheCursedMod:HellfireBreathing","TheCursedMod:Torture"],"picked":"TheCursedMod:SmokeScreen+1","floor":36.0},{"not_picked":["TheCursedMod:CursedAmulet","TheCursedMod:Stretching+1","TheCursedMod:Wield+1"],"picked":"SKIP","floor":37.0},{"not_picked":["TheCursedMod:CursedAmulet","TheCursedMod:Stretching+1","TheCursedMod:Wield+1"],"picked":"SKIP","floor":37.0},{"not_picked":["TheCursedMod:CursedAmulet","TheCursedMod:Stretching+1","TheCursedMod:Wield+1"],"picked":"SKIP","floor":37.0},{"not_picked":["TheCursedMod:PrepareRite+1","TheCursedMod:DemonSword+1"],"picked":"TheCursedMod:CursedMace+1","floor":39},{"not_picked":["TheCursedMod:Grudge+1","TheCursedMod:Stigma+1"],"picked":"TheCursedMod:HellfireBreathing","floor":41},{"not_picked":["TheCursedMod:CursedShiv+1","TheCursedMod:Torture","TheCursedMod:DemonSword+1"],"picked":"SKIP","floor":44},{"not_picked":["TheCursedMod:Evocation","TheCursedMod:Obscuration"],"picked":"TheCursedMod:WearCloak+1","floor":47}],"player_experience":51637,"relics_obtained":[{"floor":9.0,"key":"Mummified Hand"},{"floor":10.0,"key":"Pantograph"},{"floor":14.0,"key":"Replay:Rubber Ducky"},{"floor":22.0,"key":"Regal Pillow"},{"floor":24.0,"key":"ReplayFunnel"},{"floor":26.0,"key":"ReplayTheSpireMod:TigerMarble"},{"floor":31.0,"key":"Girya"},{"floor":36.0,"key":"Counterbalance"},{"floor":41,"key":"Centennial Puzzle"},{"floor":43,"key":"Garlic"}],"event_choices":[{"damage_healed":0.0,"max_hp_gain":0.0,"max_hp_loss":0.0,"gold_gain":75.0,"event_name":"betterThird:BetterGoop","player_choice":"Gold","floor":3.0,"gold_loss":0.0,"damage_taken":11.0},{"damage_healed":0.0,"max_hp_gain":0.0,"max_hp_loss":0.0,"gold_gain":1.0,"event_name":"betterThird:BetterScrap","player_choice":"Relic ","floor":5.0,"gold_loss":0.0,"damage_taken":18.0,"cards_obtained":["Replay:Cycle"]},{"cards_removed":["TheCursedMod:CleanUpWorkshop"],"damage_healed":0.0,"max_hp_gain":0.0,"max_hp_loss":0.0,"gold_gain":0.0,"event_name":"Living Wall","player_choice":"Forget","floor":13.0,"gold_loss":0.0,"damage_taken":0.0},{"damage_healed":0.0,"max_hp_gain":0.0,"max_hp_loss":0.0,"gold_gain":0.0,"event_name":"Dead Adventurer","player_choice":"Searched \u00272\u0027 times","floor":15.0,"gold_loss":0.0,"damage_taken":0.0,"relics_obtained":["Molten Egg 2"]},{"damage_healed":0.0,"max_hp_gain":0.0,"max_hp_loss":0.0,"gold_gain":0.0,"event_name":"The Woman in Blue","player_choice":"Bought 0 Potions","floor":19.0,"gold_loss":0.0,"damage_taken":0.0},{"damage_healed":0.0,"max_hp_gain":0.0,"max_hp_loss":0.0,"gold_gain":0.0,"event_name":"Duplicator","player_choice":"Copied","floor":20.0,"gold_loss":0.0,"damage_taken":0.0,"cards_obtained":["TheCursedMod:SpitefulPray"]},{"damage_healed":0.0,"max_hp_gain":0.0,"max_hp_loss":0.0,"gold_gain":0.0,"event_name":"Designer","player_choice":"Upgraded Two","floor":29.0,"gold_loss":40.0,"damage_taken":0.0,"cards_upgraded":["TheCursedMod:SpitefulPray","TheCursedMod:CursedBoomerang"]},{"damage_healed":0.0,"max_hp_gain":0.0,"max_hp_loss":0.0,"gold_gain":0.0,"event_name":"MindBloom","player_choice":"Fight","floor":36.0,"gold_loss":0.0,"damage_taken":0.0},{"damage_healed":0,"gold_gain":0,"player_choice":"Gave Potion","damage_taken":0,"relics_obtained":["Onion Ring"],"max_hp_gain":0,"max_hp_loss":0,"event_name":"WeMeetAgain","floor":38,"gold_loss":0},{"damage_healed":4,"gold_gain":0,"player_choice":"LEAVE ","damage_taken":0,"relics_obtained":[],"max_hp_gain":0,"max_hp_loss":0,"event_name":"betterSkull:BetterSkull","floor":49,"gold_loss":0,"cards_upgraded":[]}],"is_beta":false,"boss_relics":[{"not_picked":["Fusion Hammer","Painkiller Herb","Replay:Drink Me"]},{"not_picked":["Kintsugi","Runic Pyramid"],"picked":"TheCursedMod:FourLeafCloverCharm"}],"items_purged_floors":[],"is_endless":false,"potions_floor_spawned":[2,4,11,16,24,28,33,36,41,44],"ascension_level":0}}