{"host":"vyjryxuuuxkt43k4","time":1611390647,"event":{"mods":["AchievementEnabler","BaseMod","Colored Map","DeckTracker","Keyboard Shortcuts","Minty Spire (QoL Compilation)","Permanent Neow","Quick Restart","StSLib","SuperFastMode","everything is the same but u backflip on backflip"],"gold_per_floor":[369,379,399,62,62,91,91,91,115,144,158,158,24,49,49,120,120,130,45,12,26,26,26,53,68,68,68,68,68],"floor_reached":28,"language":"KOR","playtime":2010,"items_purged":[],"score":495,"play_id":"ec783c22-05aa-4992-9e80-779665770af5","local_time":"20210123173047","is_ascension_mode":true,"campfire_choices":[{"data":"Immolate","floor":7.0,"key":"SMITH"},{"floor":12.0,"key":"REST"},{"floor":15.0,"key":"REST"},{"floor":23.0,"key":"REST"}],"circlet_count":0,"master_deck":["AscendersBane","Strike_R","Strike_R","Strike_R","Strike_R","Strike_R","Defend_R","Defend_R","Defend_R","Defend_R","Bash","Flame Barrier","Armaments","Shrug It Off","Immolate+1","Flex","Corruption","Wild Strike","Demon Form+1","Burning Pact","Impervious","Blood for Blood","Inflame+1","Dark Embrace+1","Second Wind+1"],"relics":["Burning Blood","ClockworkSouvenir","Omamori","Ancient Tea Set","Frozen Egg 2","Art of War","Calling Bell","Lantern","Matryoshka","Shovel","The Courier","White Beast Statue","Strawberry","Centennial Puzzle","Orichalcum"],"acts_visited":["Exordium","TheCity"],"potions_floor_usage":[28],"damage_taken":[{"damage":2.0,"enemies":"Cultist","floor":1.0,"turns":4.0},{"damage":4.0,"enemies":"2 Louse","floor":2.0,"turns":5.0},{"damage":7.0,"enemies":"Jaw Worm","floor":3.0,"turns":4.0},{"damage":24.0,"enemies":"Lagavulin","floor":6.0,"turns":5.0},{"damage":18.0,"enemies":"3 Sentries","floor":10.0,"turns":6.0},{"damage":9.0,"enemies":"Exordium Wildlife","floor":11.0,"turns":4.0},{"damage":25.0,"enemies":"Lagavulin","floor":14.0,"turns":6.0},{"damage":25.0,"enemies":"Slime Boss","floor":16.0,"turns":6.0},{"damage":13.0,"enemies":"Shell Parasite","floor":18.0,"turns":4.0},{"damage":15.0,"enemies":"Spheric Guardian","floor":21.0,"turns":5.0},{"damage":27.0,"enemies":"Gremlin Leader","floor":24.0,"turns":6.0},{"damage":27.0,"enemies":"Shelled Parasite and Fungi","floor":25.0,"turns":5.0},{"damage":18,"enemies":"Snake Plant","floor":28,"turns":2}],"seed_played":"6821771902836492179","potions_obtained":[{"floor":1.0,"key":"Weak Potion"},{"floor":2.0,"key":"Swift Potion"},{"floor":14.0,"key":"PowerPotion"},{"floor":25.0,"key":"PowerPotion"}],"is_trial":false,"path_per_floor":["M","M","M","$","?","E","R","?","T","E","M","R","$","E","R","B",null,"M","?","$","M","?","R","E","M","T","?","M"],"character_chosen":"IRONCLAD","items_purchased":["Immolate","ClockworkSouvenir","Flex","Demon Form+1","ColorlessPotion","Inflame+1"],"campfire_rested":3,"item_purchase_floors":[4,4,4,13,13,20],"current_hp_per_floor":[54,56,55,55,55,37,37,32,32,20,17,39,39,20,42,23,62,55,55,55,46,25,49,28,7,14,14,0,0],"gold":68,"neow_bonus":"TWO_FIFTY_GOLD","is_daily":false,"chose_seed":false,"campfire_upgraded":1,"win_rate":0.0,"timestamp":1611390647,"path_taken":["M","M","?","$","?","E","R","?","T","E","M","R","$","E","R","BOSS","M","?","?","M","?","R","E","?","T","?","M"],"items_purchased_type":["Card","Relic","Card","Card","Potion","Card"],"build_version":"2020-12-22","purchased_purges":0,"victory":false,"max_hp_per_floor":[75,75,75,75,75,75,75,75,75,75,75,75,75,75,75,75,75,75,75,75,75,80,80,80,80,87,87,87,87],"card_choices":[{"not_picked":["Flex","Combust"],"picked":"Flame Barrier","floor":1.0},{"not_picked":["Iron Wave","Headbutt"],"picked":"Armaments","floor":2.0},{"not_picked":["Headbutt","Thunderclap"],"picked":"Shrug It Off","floor":3.0},{"not_picked":["Burning Pact","Whirlwind"],"picked":"Corruption","floor":6.0},{"not_picked":["Spot Weakness","Flex","Warcry"],"picked":"SKIP","floor":10.0},{"not_picked":["Iron Wave","Warcry"],"picked":"Wild Strike","floor":11.0},{"not_picked":["Uppercut","Shrug It Off"],"picked":"Burning Pact","floor":14.0},{"not_picked":["Immolate","Demon Form+1"],"picked":"Impervious","floor":16.0},{"not_picked":["Twin Strike","Wild Strike"],"picked":"Blood for Blood","floor":18.0},{"not_picked":["Evolve+1","Anger+1"],"picked":"Dark Embrace+1","floor":21.0},{"not_picked":["Evolve+1","Feed"],"picked":"Second Wind+1","floor":24.0},{"not_picked":["True Grit","Metallicize+1","Anger"],"picked":"SKIP","floor":25.0}],"player_experience":256075,"relics_obtained":[{"floor":6.0,"key":"Omamori"},{"floor":10.0,"key":"Frozen Egg 2"},{"floor":14.0,"key":"Art of War"},{"floor":17.0,"key":"Lantern"},{"floor":17.0,"key":"Matryoshka"},{"floor":17.0,"key":"Shovel"},{"floor":24.0,"key":"White Beast Statue"},{"floor":26.0,"key":"Strawberry"},{"floor":26.0,"key":"Centennial Puzzle"}],"event_choices":[{"damage_healed":0.0,"max_hp_gain":0.0,"max_hp_loss":0.0,"gold_gain":0.0,"event_name":"Liars Game","player_choice":"Ignored","floor":5.0,"gold_loss":0.0,"damage_taken":0.0},{"damage_healed":0.0,"max_hp_gain":0.0,"max_hp_loss":0.0,"gold_gain":0.0,"event_name":"Scrap Ooze","player_choice":"Success","floor":8.0,"gold_loss":0.0,"damage_taken":5.0,"relics_obtained":["Ancient Tea Set"]},{"damage_healed":0.0,"max_hp_gain":0.0,"max_hp_loss":0.0,"gold_gain":0.0,"event_name":"WeMeetAgain","player_choice":"Paid Gold","floor":19.0,"gold_loss":85.0,"damage_taken":0.0,"relics_obtained":["The Courier"]},{"damage_healed":0.0,"max_hp_gain":5.0,"max_hp_loss":0.0,"gold_gain":0.0,"event_name":"Forgotten Altar","player_choice":"Shed Blood","floor":22.0,"gold_loss":0.0,"damage_taken":26.0},{"damage_healed":0.0,"max_hp_gain":0.0,"max_hp_loss":0.0,"gold_gain":0.0,"event_name":"Addict","player_choice":"Stole Relic","floor":27.0,"gold_loss":0.0,"damage_taken":0.0,"relics_obtained":["Orichalcum"],"cards_obtained":["Shame"]}],"is_beta":false,"boss_relics":[{"not_picked":["Pandora\u0027s Box","Mark of Pain"],"picked":"Calling Bell"}],"items_purged_floors":[],"is_endless":false,"potions_floor_spawned":[1,2,14,25],"killed_by":"Snake Plant","ascension_level":19}}