{"host":"81vb4cbob60wa1na","time":1611412364,"event":{"mods":["BaseMod","Bestiary","Colored Map","Colored Powertips","Downfall","Highlight Path","Minty Spire (QoL Compilation)","Quick Restart","Rare Cards Sparkle","StSLib"],"gold_per_floor":[109,284,234,54,67,67,67,96,96,106,106,206,206,217,217,317,317,333,333,347,99,115,115,131,161,161,86,86,86,105,105,105,207,207,225,225,242,255,271,271,297,313,313,313,313],"floor_reached":44,"language":"ENG","playtime":2092,"items_purged":["Normality"],"score":582,"play_id":"831c2575-2b89-44fe-9fdc-95811ac645ed","local_time":"20210123093244","is_ascension_mode":false,"campfire_choices":[{"data":"Noxious Fumes","floor":6.0,"key":"SMITH"},{"data":"Bandage Up","floor":11.0,"key":"SMITH"},{"data":"Bouncing Flask","floor":13.0,"key":"SMITH"},{"data":"Footwork","floor":15.0,"key":"SMITH"},{"data":"Catalyst","floor":23.0,"key":"SMITH"},{"data":"After Image","floor":29.0,"key":"SMITH"},{"floor":32.0,"key":"REST"},{"floor":40,"key":"RECALL"}],"circlet_count":0,"master_deck":["Defend_G","Defend_G","Defend_G","Defend_G","Defend_G","Survivor","Neutralize","Flying Knee","Bouncing Flask+1","Noxious Fumes+1","Deadly Poison","Bandage Up+1","Deadly Poison","Footwork+1","downfall:Bewildered","Grand Finale","Shame","After Image+1","Catalyst+1","Deflect","Slice","Bane+1","Terror","downfall:Bewildered","Noxious Fumes+1","Backflip+1","Slimebound:Tackle+1","Slimebound:Tackle+1","Slimebound:Tackle+1","Bullet Time","Footwork+1","Deadly Poison","Phantasmal Killer","Backflip","Normality","Writhe"],"relics":["Ring of the Snake","Art of War","Du-Vu Doll","downfall:ExtraCursedKey","Snecko Eye","Spirit Poop","Medical Kit","Kunai","Pantograph","Black Star","HornCleat","Juzu Bracelet"],"acts_visited":["Exordium","TheCity","TheBeyond"],"potions_floor_usage":[41],"damage_taken":[{"damage":0.0,"enemies":"Jaw Worm","floor":1.0,"turns":5.0},{"damage":7.0,"enemies":"Small Slimes","floor":5.0,"turns":4.0},{"damage":16.0,"enemies":"Lagavulin","floor":8.0,"turns":5.0},{"damage":1.0,"enemies":"Cultist","floor":10.0,"turns":3.0},{"damage":0.0,"enemies":"Exordium Wildlife","floor":14.0,"turns":4.0},{"damage":23.0,"enemies":"The Guardian","floor":16.0,"turns":8.0},{"damage":3.0,"enemies":"Shell Parasite","floor":18.0,"turns":4.0},{"damage":0.0,"enemies":"Spheric Guardian","floor":20.0,"turns":3.0},{"damage":3.0,"enemies":"Centurion and Healer","floor":22.0,"turns":7.0},{"damage":8.0,"enemies":"Cultist and Chosen","floor":24.0,"turns":5.0},{"damage":37.0,"enemies":"Gremlin Leader","floor":25.0,"turns":7.0},{"damage":17.0,"enemies":"Snake Plant","floor":30.0,"turns":4.0},{"damage":50.0,"enemies":"Automaton","floor":33.0,"turns":8.0},{"damage":7,"enemies":"3 Shapes","floor":35,"turns":5},{"damage":0,"enemies":"Orb Walker","floor":37,"turns":3},{"damage":9,"enemies":"3 Darklings","floor":38,"turns":5},{"damage":18,"enemies":"Sphere and 2 Shapes","floor":39,"turns":5},{"damage":31,"enemies":"Nemesis","floor":41,"turns":5},{"damage":22,"enemies":"Spire Growth","floor":42,"turns":4},{"damage":9,"enemies":"Jaw Worm Horde","floor":44,"turns":1}],"seed_played":"9177094525483460992","potions_obtained":[{"floor":1.0,"key":"Swift Potion"},{"floor":5.0,"key":"Poison Potion"},{"floor":16.0,"key":"Fire Potion"},{"floor":24.0,"key":"LiquidMemories"},{"floor":33.0,"key":"Block Potion"},{"floor":39,"key":"bronze:BurnAndBuffPotion"},{"floor":42,"key":"EssenceOfSteel"}],"is_trial":false,"path_per_floor":["M","?","?","$","M","R","$","E","T","M","R","?","R","M","R","B",null,"M","?","M","$","M","R","M","E","T","$","?","R","M","?","R","B",null,"M","?","M","M","M","R","E","M","T","M"],"character_chosen":"THE_SILENT","items_purchased":["Noxious Fumes","Deadly Poison","Bandage Up","Medical Kit","Deflect","Slice"],"campfire_rested":1,"item_purchase_floors":[4,4,4,21,21,21],"current_hp_per_floor":[70,70,70,70,63,63,63,47,47,46,46,51,51,57,57,40,75,72,72,72,72,72,72,70,39,39,39,39,39,22,22,44,25,75,68,68,68,59,47,47,22,6,6,0,0],"gold":313,"neow_bonus":"THREE_CARDS","is_daily":false,"chose_seed":false,"campfire_upgraded":6,"win_rate":0.0,"timestamp":1611412364,"path_taken":["M","?","?","$","M","R","$","E","T","M","R","?","R","?","R","BOSS","M","?","?","$","M","R","M","E","T","$","?","R","?","?","R","BOSS","M","?","?","M","M","R","E","M","T","M"],"items_purchased_type":["Card","Card","Card","Relic","Card","Card"],"build_version":"2020-12-22","purchased_purges":1,"victory":false,"max_hp_per_floor":[70,70,70,70,70,70,70,70,70,70,70,75,75,75,75,75,75,75,75,75,75,75,75,75,75,75,75,75,75,75,75,75,75,75,75,75,75,75,75,75,75,75,75,75,75],"card_choices":[{"not_picked":["Choke","Caltrops"],"picked":"Flying Knee","floor":0.0},{"not_picked":["Expertise","Poisoned Stab"],"picked":"Bouncing Flask","floor":1.0},{"not_picked":["Underhanded Strike","Escape Plan"],"picked":"Deadly Poison","floor":5.0},{"not_picked":["Slice","Dodge and Roll","Backflip"],"picked":"SKIP","floor":8.0},{"not_picked":["Riddle With Holes","PiercingWail"],"picked":"Footwork","floor":10.0},{"not_picked":["Dagger Spray","Endless Agony","Doppelganger"],"picked":"SKIP","floor":14.0},{"not_picked":["Glass Knife","Doppelganger"],"picked":"After Image","floor":16.0},{"not_picked":["Finisher+1","Flechettes","Caltrops+1"],"picked":"SKIP","floor":18.0},{"not_picked":["Acrobatics","Blade Dance"],"picked":"Catalyst","floor":20.0},{"not_picked":["Outmaneuver","Well Laid Plans"],"picked":"Bane+1","floor":22.0},{"not_picked":["Dodge and Roll","Calculated Gamble"],"picked":"Terror","floor":24.0},{"not_picked":["Calculated Gamble","Quick Slash","Deflect"],"picked":"SKIP","floor":25.0},{"not_picked":["Bane","Sucker Punch+1"],"picked":"Backflip+1","floor":30.0},{"not_picked":["Phantasmal Killer","Tools of the Trade"],"picked":"Bullet Time","floor":33.0},{"not_picked":["Cloak And Dagger","Finisher","Slice"],"picked":"SKIP","floor":35},{"not_picked":["Deflect","Prepared+1"],"picked":"Footwork+1","floor":37},{"not_picked":["Underhanded Strike+1","Deflect"],"picked":"Deadly Poison","floor":38},{"not_picked":["Accuracy","Eviscerate+1","Calculated Gamble+1"],"picked":"SKIP","floor":39},{"not_picked":["Quick Slash","Slice+1"],"picked":"Phantasmal Killer","floor":41},{"not_picked":["Accuracy","Expertise"],"picked":"Backflip","floor":42}],"player_experience":214022,"relics_obtained":[{"floor":8.0,"key":"Art of War"},{"floor":9.0,"key":"Du-Vu Doll"},{"floor":25.0,"key":"Kunai"},{"floor":26.0,"key":"Pantograph"},{"floor":41,"key":"HornCleat"},{"floor":41,"key":"Juzu Bracelet"}],"event_choices":[{"damage_healed":0.0,"max_hp_gain":0.0,"max_hp_loss":0.0,"gold_gain":175.0,"event_name":"Liars Game","player_choice":"AGREE","floor":2.0,"gold_loss":0.0,"damage_taken":0.0,"cards_obtained":["Doubt"]},{"cards_removed":["Doubt"],"damage_healed":0.0,"max_hp_gain":0.0,"max_hp_loss":0.0,"gold_gain":0.0,"event_name":"The Cleric","player_choice":"Card Removal","floor":3.0,"gold_loss":50.0,"damage_taken":0.0},{"cards_removed":["Normality"],"damage_healed":0.0,"max_hp_gain":0.0,"max_hp_loss":0.0,"gold_gain":0.0,"event_name":"Bonfire Elementals","player_choice":"Offered Curse","floor":19.0,"gold_loss":0.0,"damage_taken":0.0,"relics_obtained":["Spirit Poop"]},{"damage_healed":0.0,"max_hp_gain":0.0,"max_hp_loss":0.0,"gold_gain":0.0,"event_name":"Duplicator","player_choice":"Copied","floor":28.0,"gold_loss":0.0,"damage_taken":0.0,"cards_obtained":["Noxious Fumes"]},{"damage_healed":0,"gold_gain":0,"player_choice":"Ignored","damage_taken":0,"max_hp_gain":0,"max_hp_loss":0,"event_name":"NoteForYourself","floor":36,"gold_loss":0}],"is_beta":false,"boss_relics":[{"not_picked":["Ectoplasm","HoveringKite"],"picked":"Snecko Eye"},{"not_picked":["Runic Dome","Astrolabe"],"picked":"Black Star"}],"items_purged_floors":[27],"is_endless":false,"potions_floor_spawned":[1,5,16,24,33,39,42],"killed_by":"Jaw Worm Horde","ascension_level":0}}