{"host":"oz0i1fpezyhy8r2h","time":1611398991,"event":{"mods":["ATMod(°¢èªMod)","Act Like it!","Arknights The Spire","BaseMod","CapriCore","GifTheSpireLib","Hallownest","KinomotoSakuraMod(Ä¾Ö®±¾Ó£)","Koishi","Luminous","Minty Spire (QoL Compilation)","Reimu£¨²©ÀöÁéÃÎ£©","Remilia£¨ÀÙÃ×ÀòÑÇ£©","StSLib","The Bug Knight","The Cursed","The Immortal","The Marked","Yakumo Yukari mod","¡¾ÒÅÎï¿¨ÅÆ¡¿REMEMod"],"gold_per_floor":[12,12,12,26,41,11,41,67,90,90,109,140,140,157,157,259,259,275,275,235,326,364,364,469,469,493,546,546,646,118,228,228,405,405,494,535,122,122,236,339,360,411,411,551,461,461,336,375,375,400,400,400,137,217,242],"floor_reached":56,"language":"ZHS","playtime":2953,"items_purged":["Defend_RM","Strike_RM","Defend_RM"],"score":2272,"play_id":"0db51029-1990-40ff-a665-50d3d6f8b3cd","local_time":"20210123184951","is_ascension_mode":true,"campfire_choices":[{"data":"DemonKingCradle","floor":10,"key":"SMITH"},{"data":"EquivalentExchange","floor":13,"key":"SMITH"},{"floor":15,"key":"REST"},{"data":"ForecastOfChange","floor":23,"key":"SMITH"},{"data":"NightDance","floor":25,"key":"SMITH"},{"data":"RedMoon","floor":28,"key":"SMITH"},{"data":"ScarletShoot","floor":32,"key":"SMITH"},{"floor":46,"key":"RECALL"},{"data":"NightLord","floor":49,"key":"SMITH"},{"data":"EternalNight","floor":52,"key":"SMITH"}],"circlet_count":0,"master_deck":["AscendersBane","Strike_RM+1","Strike_RM+1","Defend_RM+1","RedMoon+1","ScarletShoot+1","DemonKingCradle+1","StarOfDavid","EquivalentExchange+1","EternalNight+1","ForecastOfChange+1","NightDance+1","BloodAndWine+1","TransientEternity","ChaoticDestiny","BombardNight","NightLord+1","LeisurelyOfLord","FitfulNightmare+1"],"relics":["ScarletHat","AT_ATBox","REME_ComplimentaryCards","Omamori","AT_SeraphEmbrace","Bag of Marbles","Pear","AT_TrinityForce","AT_MibuBalloonWealth","ZunR:ReiMu","REME_HandOfSuture","Gambling Chip","TungstenRod","RuthlessExorcism:ReiMu","PureWhite:ReiMu","Red Mask","Coffee Dripper","Centennial Puzzle","Blood Vial","AntiCross","Ancient Tea Set","RedBat","AT_SunfireAegis","Membership Card","Strawberry","Anchor"],"acts_visited":["Exordium","TheCity","TheBeyond","TheEnding"],"potions_floor_usage":[16,55],"damage_taken":[{"damage":3,"enemies":"Small Slimes","floor":1,"turns":4},{"damage":14,"enemies":"Jaw Worm","floor":4,"turns":8},{"damage":0,"enemies":"Cultist","floor":5,"turns":3},{"damage":1,"enemies":"Looter","floor":6,"turns":4},{"damage":0,"enemies":"Lagavulin","floor":7,"turns":5},{"damage":23,"enemies":"Large Slime","floor":11,"turns":7},{"damage":17,"enemies":"3 Sentries","floor":12,"turns":7},{"damage":4,"enemies":"3 Louse","floor":14,"turns":5},{"damage":20,"enemies":"Slime Boss","floor":16,"turns":6},{"damage":0,"enemies":"Spheric Guardian","floor":18,"turns":2},{"damage":7,"enemies":"3 Byrds","floor":21,"turns":7},{"damage":0,"enemies":"Snecko","floor":22,"turns":3},{"damage":40,"enemies":"Gremlin Leader","floor":24,"turns":2},{"damage":11,"enemies":"HollowMod:Nosk","floor":27,"turns":6},{"damage":0,"enemies":"Slavers","floor":29,"turns":4},{"damage":0,"enemies":"Masked Bandits","floor":31,"turns":1},{"damage":27,"enemies":"Collector","floor":33,"turns":4},{"damage":3,"enemies":"3 Shapes","floor":35,"turns":2},{"damage":0,"enemies":"Orb Walker","floor":36,"turns":1},{"damage":0,"enemies":"4 Shapes","floor":39,"turns":2},{"damage":0,"enemies":"HollowMod:StalkingDevout","floor":40,"turns":2},{"damage":0,"enemies":"Maw","floor":41,"turns":3},{"damage":6,"enemies":"Nemesis","floor":42,"turns":3},{"damage":0,"enemies":"3 Darklings","floor":44,"turns":2},{"damage":0,"enemies":"Spire Growth","floor":48,"turns":2},{"damage":0,"enemies":"Time Eater","floor":50,"turns":5},{"damage":10,"enemies":"Shield and Spear","floor":54,"turns":2},{"damage":83,"enemies":"The Heart","floor":55,"turns":4}],"seed_played":"1555314170136799801","potions_obtained":[{"floor":11,"key":"Dexterity Potion"},{"floor":14,"key":"Explosive Potion"},{"floor":16,"key":"DuplicationPotion"}],"is_trial":false,"path_per_floor":["M","?","?","M","M","M","E","T","T","R","M","E","R","M","R","B",null,"M","?","?","M","M","R","E","R","T","E","R","E","$","?","R","B",null,"M","M","$","?","M","E","M","E","T","M","?","R","$","M","R","B",null,"R","$","E","B",null],"character_chosen":"REMILIA","items_purchased":["RuthlessExorcism:ReiMu","PureWhite:ReiMu","Centennial Puzzle","Blood Vial","Membership Card","Strawberry","LeisurelyOfLord"],"campfire_rested":1,"item_purchase_floors":[30,30,37,37,53,53,53],"current_hp_per_floor":[65,65,50,38,39,41,49,49,49,49,27,20,20,16,41,28,71,71,71,71,71,76,76,42,42,42,48,48,51,51,51,51,48,76,76,79,79,79,84,85,85,85,85,85,85,85,85,85,85,85,85,85,92,92,92],"gold":242,"neow_bonus":"THREE_RARE_CARDS","is_daily":false,"chose_seed":false,"campfire_upgraded":8,"win_rate":0.0,"timestamp":1611398991,"path_taken":["M","?","?","M","M","M","E","?","T","R","?","E","R","M","R","BOSS","M","?","?","M","M","R","E","R","T","E","R","E","$","?","R","BOSS","M","M","$","?","M","E","M","E","T","M","?","R","$","?","R","BOSS","R","$","E","BOSS"],"items_purchased_type":["Relic","Relic","Relic","Relic","Relic","Relic","Card"],"build_version":"2020-12-22","purchased_purges":3,"victory":true,"max_hp_per_floor":[75,75,75,75,75,75,75,75,75,75,75,85,85,85,85,85,85,85,85,85,85,85,85,85,85,85,85,85,85,85,85,85,85,85,85,85,85,85,85,85,85,85,85,85,85,85,85,85,85,85,85,85,92,92,92],"card_choices":[{"not_picked":["HellCatastrophe","TricksterDevil"],"picked":"DemonKingCradle","floor":0},{"not_picked":["BloodHunter","ScarletImprint","CharismaGuard"],"picked":"SKIP","floor":1},{"not_picked":["FavorOfDestiny","Septette","ForbiddenFruit"],"picked":"SKIP","floor":4},{"not_picked":["NightDance","ScarletDevil"],"picked":"StarOfDavid","floor":5},{"not_picked":["ScarletImprint","BombardNight"],"picked":"EquivalentExchange","floor":6},{"not_picked":["ScarletImprint","RedMagic","VampirishNight"],"picked":"SKIP","floor":7},{"not_picked":["ScarletDevilSign","BloodHunter","MastersStateliness"],"picked":"SKIP","floor":11},{"not_picked":["ScarletImprint","ScarletNetherworld","KillingBlow"],"picked":"SKIP","floor":12},{"not_picked":["CharismaGuard","HunterOfTheNight"],"picked":"EternalNight","floor":14},{"not_picked":["HeartBreak","ScarletMeister"],"picked":"ForecastOfChange","floor":16},{"not_picked":["BlasphemousPunishment","VampireKiss","DiffusionOfMisfortune"],"picked":"SKIP","floor":18},{"not_picked":["ScarletImprint","RedNightlessCastle"],"picked":"NightDance","floor":21},{"not_picked":["EndlessAdversity","ScarletImprint","UnstableMagic+1"],"picked":"SKIP","floor":22},{"not_picked":["RedNightlessCastle","BloodHunter","MiserableFate"],"picked":"SKIP","floor":24},{"not_picked":["MiserableFate","NightDance","UnderTheZenith"],"picked":"SKIP","floor":27},{"not_picked":["UnstableMagic","RedMagic","ScarletGensokyo"],"picked":"SKIP","floor":29},{"not_picked":["EmergencyRegeneration","DiffusionOfMisfortune"],"picked":"BloodAndWine+1","floor":31},{"not_picked":["KillingBlow","BloodyCatastrophe"],"picked":"TransientEternity","floor":33},{"not_picked":["BloodHunter","UnstableMagic","TwelveNightmare"],"picked":"SKIP","floor":35},{"not_picked":["FavorOfDestiny","BloodHunter","SuperhumanBloodyKnife"],"picked":"SKIP","floor":36},{"not_picked":["NightLord","ScarletImprint+1","BadLadyScramble+1"],"picked":"SKIP","floor":39},{"not_picked":["BlasphemousPunishment+1","StarOfDavid+1","EmergencyRegeneration"],"picked":"SKIP","floor":40},{"not_picked":["FavorOfDestiny","BlasphemousPunishment","UnstableMagic+1"],"picked":"SKIP","floor":41},{"not_picked":["MillenniumVampire+1","BloodAndWine"],"picked":"ChaoticDestiny","floor":42},{"not_picked":["ScarletSymphony+1","TwelveNightmare"],"picked":"BombardNight","floor":44},{"not_picked":["UnderTheZenith","ScarletSymphony"],"picked":"NightLord","floor":48},{"not_picked":["ReincarnationDial+1","BloodHunter+1"],"picked":"FitfulNightmare+1","floor":54}],"player_experience":194063,"relics_obtained":[{"floor":7,"key":"Omamori"},{"floor":8,"key":"AT_ArchangelStaff"},{"floor":9,"key":"Bag of Marbles"},{"floor":12,"key":"Pear"},{"floor":24,"key":"REME_HandOfSuture"},{"floor":27,"key":"Gambling Chip"},{"floor":29,"key":"TungstenRod"},{"floor":31,"key":"Red Mask"},{"floor":40,"key":"AntiCross"},{"floor":40,"key":"Ancient Tea Set"},{"floor":42,"key":"RedBat"},{"floor":43,"key":"AT_SunfireAegis"},{"floor":54,"key":"Anchor"}],"event_choices":[{"damage_healed":0,"gold_gain":0,"player_choice":"Entered Light","damage_taken":15,"max_hp_gain":0,"max_hp_loss":0,"event_name":"Shining Light","floor":3,"gold_loss":0,"cards_upgraded":["Strike_RM","Defend_RM"]},{"damage_healed":0,"gold_gain":0,"player_choice":"Opened","damage_taken":0,"relics_obtained":["AT_MibuBalloonWealth"],"max_hp_gain":0,"max_hp_loss":0,"event_name":"The Mausoleum","floor":19,"gold_loss":0},{"damage_healed":0,"gold_gain":0,"player_choice":"¹ºÂòÉñ¾Æ","damage_taken":0,"relics_obtained":["ZunR:ReiMu"],"max_hp_gain":0,"max_hp_loss":0,"event_name":"ZunEvent","floor":20,"gold_loss":40},{"damage_healed":0,"gold_gain":0,"player_choice":"Fought Bandits","damage_taken":0,"max_hp_gain":0,"max_hp_loss":0,"event_name":"Masked Bandits","floor":31,"gold_loss":0},{"cards_removed":["Strike_RM"],"damage_healed":0,"gold_gain":0,"player_choice":"Removed Attack","damage_taken":0,"max_hp_gain":0,"max_hp_loss":0,"event_name":"Falling","floor":38,"gold_loss":0},{"cards_removed":["Defend_RM"],"damage_healed":0,"gold_gain":0,"player_choice":"Upgrade and Remove","damage_taken":0,"max_hp_gain":0,"max_hp_loss":0,"event_name":"Designer","floor":45,"gold_loss":90,"cards_upgraded":["Strike_RM"]}],"is_beta":false,"boss_relics":[{"not_picked":["RedLine:ReiMu","Fusion Hammer"],"picked":"AT_TrinityForce"},{"not_picked":["ScarletEmblem","Runic Pyramid"],"picked":"Coffee Dripper"}],"items_purged_floors":[30,37,47],"is_endless":false,"potions_floor_spawned":[7,11,14,21,22,29,36,39,40,44,54],"ascension_level":12}}