{"host":"8u7tvcybuv0u72fd","time":1611381546,"event":{"mods":["BaseMod","BetterRewards","Colored Map","Colored Powertips","Minty Spire (QoL Compilation)","Quick Restart","Shop Mod"],"gold_per_floor":[114,133,308,30,30,30,105,131,205,218,218,232,232,244,244,349,349,367,446,464,464,478,478,492,519,519,346,346,446,457,492,492,590,590,609,273,293,313,332,332,345,345,398,398,416,451,451,166,166,166,166,166,6,36,36],"floor_reached":56,"language":"ENG","playtime":2488,"items_purged":["Strike_R","Doubt","Strike_R"],"score":1667,"play_id":"708a5d5d-36db-44ea-a64d-4d6dd13c2e9b","local_time":"20210123005906","is_ascension_mode":false,"campfire_choices":[{"data":"Uppercut","floor":6.0,"key":"SMITH"},{"data":"Body Slam","floor":11.0,"key":"SMITH"},{"data":"Bash","floor":13.0,"key":"SMITH"},{"data":"Dramatic Entrance","floor":15.0,"key":"SMITH"},{"data":"Double Tap","floor":23.0,"key":"SMITH"},{"data":"RitualDagger","floor":28.0,"key":"SMITH"},{"data":"Flash of Steel","floor":32.0,"key":"SMITH"},{"data":"Juggernaut","floor":40.0,"key":"SMITH"},{"data":"True Grit","floor":42.0,"key":"SMITH"},{"data":"Shrug It Off","floor":44.0,"key":"SMITH"},{"floor":49.0,"key":"RECALL"},{"data":"Entrench","floor":52.0,"key":"SMITH"}],"circlet_count":0,"master_deck":["Strike_R+1","Strike_R","Defend_R","Defend_R","Defend_R+1","Defend_R+1","Bash+1","Uppercut+1","Dramatic Entrance+1","Shrug It Off+1","Iron Wave+1","Battle Trance","Body Slam+1","Double Tap+1","RitualDagger+1","Flash of Steel+1","Juggernaut+1","CurseOfTheBell","True Grit+1","Pommel Strike+1","Rampage+1","Entrench+1"],"relics":["Burning Blood","Membership Card","Shuriken","Magic Flower","Lizard Tail","MerchantsRug","Tiny Chest","Vajra","ClockworkSouvenir","CaptainsWheel","Sundial","Busted Crown","Meat on the Bone","Bottled Flame","Kunai","Calling Bell","Bronze Scales","Molten Egg 2","Ginger","Thread and Needle","Toy Ornithopter","TheAbacus","Oddly Smooth Stone","Blue Candle","Potion Belt","Cauldron","Letter Opener","Self Forming Clay","Whetstone","War Paint"],"acts_visited":["Exordium","TheCity","TheBeyond","TheEnding"],"potions_floor_usage":[55,55,55,55,55,55,55,55],"damage_taken":[{"damage":1.0,"enemies":"Cultist","floor":1.0,"turns":3.0},{"damage":1.0,"enemies":"Jaw Worm","floor":2.0,"turns":3.0},{"damage":13.0,"enemies":"Lagavulin","floor":8.0,"turns":4.0},{"damage":5.0,"enemies":"Small Slimes","floor":10.0,"turns":2.0},{"damage":1.0,"enemies":"Exordium Wildlife","floor":12.0,"turns":2.0},{"damage":0.0,"enemies":"Exordium Thugs","floor":14.0,"turns":5.0},{"damage":15.0,"enemies":"Hexaghost","floor":16.0,"turns":8.0},{"damage":0.0,"enemies":"Spheric Guardian","floor":18.0,"turns":3.0},{"damage":3.0,"enemies":"3 Byrds","floor":20.0,"turns":3.0},{"damage":9.0,"enemies":"Centurion and Healer","floor":22.0,"turns":2.0},{"damage":10.0,"enemies":"Cultist and Chosen","floor":24.0,"turns":3.0},{"damage":9.0,"enemies":"Slavers","floor":25.0,"turns":3.0},{"damage":0.0,"enemies":"Sentry and Sphere","floor":30.0,"turns":3.0},{"damage":0.0,"enemies":"Book of Stabbing","floor":31.0,"turns":2.0},{"damage":1.0,"enemies":"Collector","floor":33.0,"turns":5.0},{"damage":9.0,"enemies":"3 Darklings","floor":35.0,"turns":3.0},{"damage":0.0,"enemies":"Orb Walker","floor":37.0,"turns":2.0},{"damage":0.0,"enemies":"Spire Growth","floor":38.0,"turns":3.0},{"damage":9.0,"enemies":"3 Darklings","floor":39.0,"turns":5.0},{"damage":22.0,"enemies":"Maw","floor":41.0,"turns":6.0},{"damage":0.0,"enemies":"Jaw Worm Horde","floor":45.0,"turns":2.0},{"damage":18.0,"enemies":"Reptomancer","floor":46.0,"turns":4.0},{"damage":14.0,"enemies":"Donu and Deca","floor":50.0,"turns":6.0},{"damage":7.0,"enemies":"Shield and Spear","floor":54.0,"turns":3.0},{"damage":29,"enemies":"The Heart","floor":55,"turns":8}],"seed_played":"-749377980522091154","potions_obtained":[{"floor":8.0,"key":"Regen Potion"},{"floor":12.0,"key":"BlessingOfTheForge"},{"floor":18.0,"key":"SteroidPotion"},{"floor":25.0,"key":"Swift Potion"},{"floor":33.0,"key":"Explosive Potion"},{"floor":35.0,"key":"DuplicationPotion"},{"floor":39.0,"key":"PowerPotion"},{"floor":48.0,"key":"EntropicBrew"},{"floor":48.0,"key":"EntropicBrew"},{"floor":48.0,"key":"Energy Potion"},{"floor":48.0,"key":"ColorlessPotion"}],"is_trial":false,"path_per_floor":["M","M","?","$","?","R","?","E","T","M","R","M","R","M","R","B",null,"M","T","M","?","M","R","M","E","T","$","R","?","M","E","R","B",null,"M","$","M","M","M","R","M","R","T","R","M","E","T","$","R","B",null,"R","$","E","B",null],"character_chosen":"IRONCLAD","items_purchased":["Membership Card","Shuriken","Magic Flower","Uppercut","Swift Potion","HeartOfIron","Weak Potion","MerchantsRug","Dramatic Entrance","Shrug It Off","Tiny Chest","Vajra","ClockworkSouvenir","Flash of Steel","Bottled Flame","Thread and Needle","Toy Ornithopter","TheAbacus","True Grit","Potion Belt","Cauldron","Letter Opener","Entrench","Self Forming Clay","BlessingOfTheForge","Whetstone"],"campfire_rested":0,"item_purchase_floors":[0,0,0,0,0,0,0,0,0,0,4,4,4,27,27,36,36,36,36,48,48,48,48,53,53,53],"current_hp_per_floor":[51,59,59,59,52,52,41,37,37,41,41,49,49,80,80,74,80,80,80,80,74,74,74,73,73,83,83,83,83,90,90,90,90,90,90,90,90,90,90,90,77,77,77,77,86,77,77,77,77,72,90,90,90,90,84],"gold":36,"neow_bonus":"","is_daily":false,"chose_seed":false,"campfire_upgraded":11,"win_rate":0.0,"timestamp":1611381546,"path_taken":["M","M","?","$","?","R","?","E","T","M","R","M","R","?","R","BOSS","M","?","M","?","M","R","M","E","T","$","R","?","M","E","R","BOSS","M","$","M","?","M","R","M","R","T","R","M","E","?","$","R","BOSS","R","$","E","BOSS"],"items_purchased_type":["Relic","Relic","Relic","Card","Potion","Potion","Potion","Relic","Card","Card","Relic","Relic","Relic","Card","Relic","Relic","Relic","Relic","Card","Relic","Relic","Relic","Card","Relic","Potion","Relic"],"build_version":"2020-12-22","purchased_purges":3,"victory":true,"max_hp_per_floor":[80,80,80,80,80,80,80,80,80,80,80,80,80,80,80,80,80,80,80,80,80,80,80,80,80,90,90,90,90,90,90,90,90,90,90,90,90,90,90,90,90,90,90,90,90,90,90,90,90,90,90,90,90,90,90],"card_choices":[{"not_picked":["Flex","Intimidate"],"picked":"Iron Wave","floor":1.0},{"not_picked":["Dual Wield","Uppercut"],"picked":"Battle Trance","floor":2.0},{"not_picked":["Uppercut","Fire Breathing"],"picked":"Body Slam","floor":8.0},{"not_picked":["Bloodletting","Dual Wield","Feel No Pain"],"picked":"SKIP","floor":10.0},{"not_picked":["Metallicize","Corruption","Second Wind"],"picked":"SKIP","floor":12.0},{"not_picked":["Battle Trance","Twin Strike","Cleave"],"picked":"SKIP","floor":14.0},{"not_picked":["Limit Break","Offering"],"picked":"Double Tap","floor":16.0},{"not_picked":["Heavy Blade"],"picked":"SKIP","floor":18.0},{"not_picked":["Havoc+1"],"picked":"SKIP","floor":20.0},{"not_picked":["Warcry+1"],"picked":"SKIP","floor":22.0},{"not_picked":["Cleave"],"picked":"SKIP","floor":24.0},{"not_picked":["Bloodletting+1"],"picked":"SKIP","floor":25.0},{"not_picked":["Body Slam"],"picked":"SKIP","floor":30.0},{"not_picked":["Spot Weakness+1"],"picked":"SKIP","floor":31.0},{"not_picked":[],"picked":"Juggernaut","floor":33.0},{"not_picked":["Body Slam+1"],"picked":"SKIP","floor":35.0},{"not_picked":["Evolve+1"],"picked":"SKIP","floor":37.0},{"not_picked":[],"picked":"Pommel Strike+1","floor":38.0},{"not_picked":["Heavy Blade+1"],"picked":"SKIP","floor":39.0},{"not_picked":[],"picked":"Rampage+1","floor":41.0},{"not_picked":["Flex+1"],"picked":"SKIP","floor":45.0},{"not_picked":["Armaments"],"picked":"SKIP","floor":46.0},{"not_picked":["Heavy Blade+1"],"picked":"SKIP","floor":54.0}],"player_experience":1406877,"relics_obtained":[{"floor":8.0,"key":"CaptainsWheel"},{"floor":9.0,"key":"Sundial"},{"floor":25.0,"key":"Meat on the Bone"},{"floor":26.0,"key":"Pear"},{"floor":31.0,"key":"Kunai"},{"floor":34.0,"key":"Bronze Scales"},{"floor":34.0,"key":"Molten Egg 2"},{"floor":34.0,"key":"Ginger"},{"floor":43.0,"key":"Oddly Smooth Stone"},{"floor":46.0,"key":"Blue Candle"},{"floor":47.0,"key":"Peace Pipe"},{"floor":54.0,"key":"War Paint"}],"event_choices":[{"damage_healed":0.0,"max_hp_gain":0.0,"max_hp_loss":0.0,"gold_gain":175.0,"event_name":"Liars Game","player_choice":"AGREE","floor":3.0,"gold_loss":0.0,"damage_taken":0.0,"cards_obtained":["Doubt"]},{"cards_removed":["Strike_R"],"damage_healed":0.0,"max_hp_gain":0.0,"max_hp_loss":0.0,"gold_gain":0.0,"event_name":"Golden Wing","player_choice":"Card Removal","floor":5.0,"gold_loss":0.0,"damage_taken":7.0},{"damage_healed":0.0,"max_hp_gain":0.0,"max_hp_loss":0.0,"gold_gain":75.0,"event_name":"World of Goop","player_choice":"Gather Gold","floor":7.0,"gold_loss":0.0,"damage_taken":11.0},{"damage_healed":0.0,"max_hp_gain":0.0,"max_hp_loss":0.0,"gold_gain":0.0,"event_name":"Nest","player_choice":"Joined the Cult","floor":21.0,"gold_loss":0.0,"damage_taken":6.0,"cards_obtained":["RitualDagger"]},{"damage_healed":0.0,"max_hp_gain":0.0,"max_hp_loss":0.0,"gold_gain":100.0,"event_name":"Golden Shrine","player_choice":"Pray","floor":29.0,"gold_loss":0.0,"damage_taken":0.0}],"is_beta":false,"boss_relics":[{"not_picked":["SacredBark","Philosopher\u0027s Stone"],"picked":"Busted Crown"},{"not_picked":["Cursed Key","Runic Pyramid"],"picked":"Calling Bell"}],"items_purged_floors":[0,4,53],"is_endless":false,"potions_floor_spawned":[8,12,18,20,25,33,35,37,39,54],"ascension_level":0}}