{"host":"k7udt7atmcuzf6l0","time":1611371069,"event":{"mods":["AchievementEnabler","BaseMod","Colored Map","Colored Powertips","Highlight Path","Minty Spire (QoL Compilation)","Quick Restart","Rare Cards Sparkle","StSLib","UnlockEverythingMod"],"gold_per_floor":[110,121,121,131,3,32,32,32,111,111,125,149,163,238,238,357,357,381,400,400,26,45,45,64,64,64,85,109,149,149,162,162,288,288,309,330,80,98,98,98,98,98],"floor_reached":41,"language":"ZHT","playtime":979,"items_purged":["Writhe"],"score":417,"play_id":"ad000130-53c7-4d65-83ad-cd8ede0e8aac","local_time":"20210123110429","is_ascension_mode":false,"campfire_choices":[{"data":"Flex","floor":7.0,"key":"SMITH"},{"data":"Double Tap","floor":10.0,"key":"SMITH"},{"data":"Infernal Blade","floor":15.0,"key":"SMITH"},{"data":"Berserk","floor":23,"key":"SMITH"},{"data":"Warcry","floor":25,"key":"SMITH"},{"data":"Armaments","floor":30,"key":"SMITH"},{"floor":32,"key":"REST"},{"data":"Exhume","floor":40,"key":"SMITH"}],"circlet_count":0,"master_deck":["Strike_R","Strike_R","Strike_R","Defend_R","Defend_R","Defend_R","Bash","Whirlwind","Infernal Blade+1","Flex+1","Warcry+1","Double Tap+1","Twin Strike","Sword Boomerang","Berserk+1","Blood for Blood+1","Dropkick+1","Reaper+1","Headbutt","Body Slam+1","Spot Weakness","Whirlwind+1","Seeing Red","Pummel+1","Heavy Blade+1","Armaments+1","Thunderclap+1","Rampage+1","Exhume+1","Hemokinesis+1","Body Slam+1","Clash+1"],"relics":["Burning Blood","TungstenRod","Blood Vial","Bag of Marbles","Golden Idol","Shuriken","Astrolabe","Molten Egg 2","Omamori","Dream Catcher","Juzu Bracelet","Paper Frog","Mark of Pain","Membership Card","Happy Flower"],"acts_visited":["Exordium","TheCity","TheBeyond"],"potions_floor_usage":[19,22,29,31,35,38],"damage_taken":[{"damage":5.0,"enemies":"Cultist","floor":1.0,"turns":3.0},{"damage":4.0,"enemies":"2 Louse","floor":2.0,"turns":2.0},{"damage":0.0,"enemies":"Small Slimes","floor":4.0,"turns":2.0},{"damage":29.0,"enemies":"Lagavulin","floor":6.0,"turns":5.0},{"damage":0.0,"enemies":"Looter","floor":11.0,"turns":1.0},{"damage":0.0,"enemies":"Blue Slaver","floor":12.0,"turns":1.0},{"damage":0.0,"enemies":"Lots of Slimes","floor":13.0,"turns":1.0},{"damage":21.0,"enemies":"Slime Boss","floor":16.0,"turns":8.0},{"damage":2.0,"enemies":"3 Byrds","floor":18.0,"turns":3.0},{"damage":25,"enemies":"Shell Parasite","floor":19,"turns":3},{"damage":10,"enemies":"Centurion and Healer","floor":22,"turns":3},{"damage":8,"enemies":"Cultist and Chosen","floor":24,"turns":3},{"damage":10,"enemies":"3 Cultists","floor":27,"turns":3},{"damage":18,"enemies":"Centurion and Healer","floor":28,"turns":3},{"damage":65,"enemies":"Slavers","floor":29,"turns":4},{"damage":0,"enemies":"Snecko","floor":31,"turns":3},{"damage":29,"enemies":"Collector","floor":33,"turns":6},{"damage":36,"enemies":"3 Darklings","floor":35,"turns":3},{"damage":10,"enemies":"Orb Walker","floor":36,"turns":2},{"damage":35,"enemies":"4 Shapes","floor":38,"turns":5},{"damage":38,"enemies":"Transient","floor":41,"turns":2}],"seed_played":"-8823779518746837603","potions_obtained":[{"floor":4.0,"key":"Regen Potion"},{"floor":6.0,"key":"BlessingOfTheForge"},{"floor":11.0,"key":"Explosive Potion"},{"floor":13.0,"key":"Fire Potion"},{"floor":16.0,"key":"Swift Potion"},{"floor":18.0,"key":"PowerPotion"},{"floor":19,"key":"Block Potion"},{"floor":29,"key":"EssenceOfSteel"},{"floor":31,"key":"Fire Potion"},{"floor":35,"key":"Swift Potion"}],"is_trial":false,"path_per_floor":["M","M","?","M","$","E","R","?","T","R","M","M","M","?","R","B",null,"M","M","?","$","M","R","M","R","T","M","M","E","R","M","R","B",null,"M","M","$","M","?","R","M"],"character_chosen":"IRONCLAD","items_purchased":["Warcry","Omamori","Body Slam+1","Spot Weakness","Dream Catcher","Membership Card","Happy Flower","Clash+1"],"campfire_rested":1,"item_purchase_floors":[5,21,21,21,21,37,37,37],"current_hp_per_floor":[80,80,78,80,80,66,66,47,47,47,55,63,71,61,61,48,80,80,61,61,61,59,59,75,75,75,76,66,21,21,29,53,42,80,50,48,48,21,21,21,0,0],"gold":98,"neow_bonus":"ONE_RARE_RELIC","is_daily":false,"chose_seed":false,"campfire_upgraded":7,"win_rate":0.0,"timestamp":1611371069,"path_taken":["M","?","?","M","$","E","R","?","T","R","M","M","M","?","R","BOSS","M","M","?","$","?","R","M","R","T","M","M","E","R","M","R","BOSS","M","M","$","M","?","R","M"],"items_purchased_type":["Card","Relic","Card","Card","Relic","Relic","Relic","Card"],"build_version":"2020-12-22","purchased_purges":1,"victory":false,"max_hp_per_floor":[80,80,80,80,80,80,80,80,80,80,80,80,80,80,80,80,80,80,80,80,80,80,80,80,80,80,80,80,80,80,80,80,80,80,80,80,80,80,80,80,80,80],"card_choices":[{"not_picked":["Warcry","Heavy Blade"],"picked":"Whirlwind","floor":1.0},{"not_picked":["Dark Embrace","Hemokinesis"],"picked":"Infernal Blade","floor":2.0},{"not_picked":["True Grit","Carnage"],"picked":"Flex","floor":4.0},{"not_picked":["Infernal Blade","Rage"],"picked":"Double Tap","floor":6.0},{"not_picked":["Anger","Whirlwind"],"picked":"Twin Strike","floor":11.0},{"not_picked":["Second Wind","Heavy Blade"],"picked":"Sword Boomerang","floor":12.0},{"not_picked":["Wild Strike","Iron Wave","Havoc"],"picked":"SKIP","floor":13.0},{"not_picked":["Brutality","Impervious"],"picked":"Berserk","floor":16.0},{"not_picked":["Second Wind","Cleave"],"picked":"Headbutt","floor":18.0},{"not_picked":["Anger","Cleave","Sword Boomerang"],"picked":"SKIP","floor":19},{"not_picked":["Anger+1","Clothesline+1"],"picked":"Whirlwind+1","floor":22},{"not_picked":["Shrug It Off","Heavy Blade+1"],"picked":"Seeing Red","floor":24},{"not_picked":["Headbutt+1","Power Through"],"picked":"Pummel+1","floor":27},{"not_picked":["Entrench","Juggernaut"],"picked":"Heavy Blade+1","floor":28},{"not_picked":["Anger+1","Perfected Strike+1"],"picked":"Armaments","floor":29},{"not_picked":["Rampage+1","Body Slam+1"],"picked":"Thunderclap+1","floor":31},{"not_picked":["Clothesline+1","Twin Strike+1"],"picked":"Rampage+1","floor":32},{"not_picked":["Immolate+1","Double Tap"],"picked":"Exhume","floor":33},{"not_picked":["Clothesline+1","Headbutt+1"],"picked":"Hemokinesis+1","floor":35},{"not_picked":["Havoc","Twin Strike+1"],"picked":"Body Slam+1","floor":36},{"not_picked":["Sever Soul+1","Perfected Strike+1"],"picked":"Bloodletting","floor":38}],"player_experience":104794,"relics_obtained":[{"floor":6.0,"key":"Bag of Marbles"},{"floor":9.0,"key":"Shuriken"},{"floor":26,"key":"Juzu Bracelet"},{"floor":29,"key":"Paper Frog"}],"event_choices":[{"damage_healed":0.0,"max_hp_gain":0.0,"max_hp_loss":0.0,"gold_gain":0.0,"event_name":"Scrap Ooze","player_choice":"Success","floor":3.0,"gold_loss":0.0,"damage_taken":3.0,"relics_obtained":["Blood Vial"]},{"damage_healed":0.0,"max_hp_gain":0.0,"max_hp_loss":0.0,"gold_gain":0.0,"event_name":"Golden Idol","player_choice":"Take Damage","floor":8.0,"gold_loss":0.0,"damage_taken":20.0,"relics_obtained":["Golden Idol"]},{"damage_healed":0.0,"max_hp_gain":0.0,"max_hp_loss":0.0,"gold_gain":75.0,"event_name":"World of Goop","player_choice":"Gather Gold","floor":14.0,"gold_loss":0.0,"damage_taken":11.0},{"damage_healed":0,"gold_gain":0,"player_choice":"Gave Potion","damage_taken":0,"relics_obtained":["Molten Egg 2"],"max_hp_gain":0,"max_hp_loss":0,"event_name":"WeMeetAgain","floor":20,"gold_loss":0},{"cards_removed":["Bloodletting"],"damage_healed":0,"gold_gain":0,"player_choice":"Removed Skill","damage_taken":0,"max_hp_gain":0,"max_hp_loss":0,"event_name":"Falling","floor":39,"gold_loss":0}],"is_beta":false,"boss_relics":[{"not_picked":["Pandora\u0027s Box","SacredBark"],"picked":"Astrolabe"},{"not_picked":["Runic Pyramid","Tiny House"],"picked":"Mark of Pain"}],"items_purged_floors":[5],"is_endless":false,"potions_floor_spawned":[4,6,11,13,16,18,19,29,31,35],"killed_by":"Transient","ascension_level":0}}