{"host":"18wi9kpcl4eah7pe","time":1611386425,"event":{"mods":["BaseMod","Colored Powertips","Downfall","Minty Spire (QoL Compilation)","StSLib"],"gold_per_floor":[99,99,99,99,99,128,128,148,148,173,202,2,20,38,54,159,159,159,159,159,177,18,45,45,45,30,63,78,408,408,442,456,560,560,460,476,493,493,363,393,405,6,18,18,38,87,103,123,137,137,137,169,23,23,23,23],"floor_reached":57,"language":"ENG","playtime":3474,"items_purged":["bronze:Strike"],"score":1563,"play_id":"b0cd0cc7-cb17-4b2e-a295-0edd6402a19e","local_time":"20210123012025","is_ascension_mode":true,"campfire_choices":[{"floor":1,"key":"RECALL"},{"floor":12,"key":"REST"},{"data":"bronze:Boost","floor":18,"key":"SMITH"},{"data":"bronze:Library","floor":35,"key":"SMITH"},{"floor":44,"key":"REST"},{"floor":54,"key":"REST"}],"circlet_count":0,"master_deck":["bronze:Strike","bronze:Strike","bronze:Strike","bronze:Defend","bronze:Defend","bronze:Defend","bronze:Defend","bronze:Replicate","bronze:Goto","bronze:OilSpill","bronze:Boost+1","bronze:Separator","bronze:CloningBeam","bronze:WildBeam","bronze:OilSpill","bronze:ItsAFeature","bronze:Repulsor","bronze:ForceShield","bronze:Break","bronze:Frontload","bronze:Constructor+1","bronze:Branch","bronze:BitShift","bronze:DelayedGuard","bronze:Branch+1","bronze:BugBarrage","bronze:Boost","bronze:Library+1","bronze:BugBarrage","bronze:FindAndReplace","bronze:ForceShield","bronze:Fortify","bronze:Optimize+1","bronze:DelayedGuard","bronze:CutThrough+1","bronze:CutThrough","bronze:FollowUp+1","bronze:ChildClass","bronze:Branch+1"],"relics":["bronze:PlatinumCore","downfall:HeartsMalice","bronze:SilverBullet","Nunchaku","Lantern","downfall:HeartBlessingGreen","downfall:HeartBlessingRed","expansioncontent:StudyCardRelic","downfall:RedIOU","MutagenicStrength","Lee\u0027s Waffle","Toy Ornithopter","Eternal Feather","Old Coin","downfall:KnowingSkull","bronze:ProtectiveGoggles","downfall:HeartBlessingBlue","hexamod:BolsterEngine","Art of War","MawBank","bronze:CableSpool","Shuriken","ClockworkSouvenir","Pocketwatch","Bottled Lightning"],"acts_visited":["Exordium","TheCity","TheBeyond","TheEnding"],"potions_floor_usage":[16,16,29,31,32,33,36,39,40,40,40,40,46,46,48,49,49,49,50,50,52,55,55,55,56],"damage_taken":[{"damage":0,"enemies":"Small Slimes","floor":2,"turns":1},{"damage":0,"enemies":"Cultist","floor":4,"turns":1},{"damage":0,"enemies":"Jaw Worm","floor":5,"turns":1},{"damage":20,"enemies":"Gremlin Nob","floor":6,"turns":5},{"damage":1,"enemies":"Exordium Thugs","floor":8,"turns":3},{"damage":39,"enemies":"Lagavulin","floor":11,"turns":6},{"damage":0,"enemies":"Exordium Wildlife","floor":13,"turns":2},{"damage":0,"enemies":"Blue Slaver","floor":14,"turns":1},{"damage":0,"enemies":"3 Louse","floor":15,"turns":2},{"damage":22,"enemies":"IC_STATUS_ARCHETYPE","floor":16,"turns":5},{"damage":14,"enemies":"Shell Parasite","floor":21,"turns":2},{"damage":4,"enemies":"downfall:FleeingMerchant","floor":22,"turns":4},{"damage":0,"enemies":"downfall:FleeingMerchant","floor":26,"turns":4},{"damage":10,"enemies":"Slavers","floor":27,"turns":2},{"damage":0,"enemies":"Chosen","floor":28,"turns":3},{"damage":8,"enemies":"Gremlin Leader","floor":29,"turns":6},{"damage":1,"enemies":"Book of Stabbing","floor":31,"turns":2},{"damage":20,"enemies":"Centurion and Healer","floor":32,"turns":5},{"damage":33,"enemies":"DF_ARCHETYPE_CLAW","floor":33,"turns":11},{"damage":7,"enemies":"3 Darklings","floor":36,"turns":3},{"damage":2,"enemies":"3 Shapes","floor":37,"turns":3},{"damage":5,"enemies":"downfall:FleeingMerchant","floor":39,"turns":3},{"damage":45,"enemies":"Giant Head","floor":40,"turns":9},{"damage":5,"enemies":"Sphere and 2 Shapes","floor":43,"turns":5},{"damage":19,"enemies":"Transient","floor":45,"turns":5},{"damage":17,"enemies":"2 Orb Walkers","floor":46,"turns":3},{"damage":1,"enemies":"Spire Growth","floor":47,"turns":3},{"damage":5,"enemies":"Sphere and 2 Shapes","floor":48,"turns":2},{"damage":11,"enemies":"Jaw Worm Horde","floor":49,"turns":3},{"damage":36,"enemies":"WA_ARCHETYPE_DIVINITY","floor":50,"turns":6},{"damage":81,"enemies":"downfall:CharBossMerchant","floor":52,"turns":10},{"damage":37,"enemies":"downfall:NeowBoss","floor":55,"turns":8},{"damage":37,"enemies":"downfall:NeowBossFinal","floor":56,"turns":9}],"seed_played":"-1587603336605208441","potions_obtained":[{"floor":6,"key":"Swift Potion"},{"floor":8,"key":"Swift Potion"},{"floor":11,"key":"sneckomod:MuddlingPotion"},{"floor":13,"key":"Slimebound:ThreeZeroPotion"},{"floor":27,"key":"sneckomod:MuddlingPotion"},{"floor":28,"key":"Slimebound:ThreeZeroPotion"},{"floor":29,"key":"Ancient Potion"},{"floor":31,"key":"Fire Potion"},{"floor":32,"key":"DuplicationPotion"},{"floor":33,"key":"Weak Potion"},{"floor":36,"key":"Swift Potion"},{"floor":37,"key":"Swift Potion"},{"floor":47,"key":"Energy Potion"},{"floor":49,"key":"Strength Potion"}],"is_trial":false,"path_per_floor":["R","M","?","M","M","E","T","M","?","T","E","R","M","M","M","B",null,"R","?","?","M","$","T","T","?","$","E","M","E","?","E","M","B",null,"R","M","M","?","$","E","T","$","M","R","M","?","M","M","M","B",null,"E","$","R","B","B",null],"character_chosen":"THE_AUTOMATON","items_purchased":["Lee\u0027s Waffle","hexamod:BolsterEngine","Art of War","bronze:Fortify","Shuriken","ClockworkSouvenir","Fire Potion","Swift Potion","bronze:FreeFunctionsPotion"],"campfire_rested":3,"item_purchase_floors":[22,39,39,39,42,42,53,53,53],"current_hp_per_floor":[70,70,70,70,70,50,50,49,54,54,15,37,37,37,37,15,75,75,75,75,61,82,82,82,82,82,72,72,69,62,66,51,23,82,92,90,88,88,87,52,52,52,47,92,73,66,65,65,74,48,97,21,21,71,49,17],"gold":23,"neow_bonus":"THREE_ENEMY_KILL","is_daily":false,"chose_seed":false,"campfire_upgraded":2,"win_rate":0.0,"timestamp":1611386425,"path_taken":["R","M","?","?","M","E","T","M","?","?","E","R","?","M","M","BOSS","R","?","?","M","?","?","T","?","$","E","?","E","?","E","M","BOSS","R","M","M","?","?","E","T","$","M","R","M","?","M","?","M","BOSS","E","$","R","BOSS","BOSS"],"items_purchased_type":["Relic","Relic","Relic","Card","Relic","Relic","Potion","Potion","Potion"],"build_version":"2020-12-22","purchased_purges":1,"victory":true,"max_hp_per_floor":[70,70,70,70,70,70,70,70,75,75,75,75,75,75,75,75,75,75,75,75,75,82,82,82,82,82,82,82,82,82,82,82,82,82,92,92,92,92,92,92,92,92,92,92,92,92,92,92,97,97,97,97,97,97,97,97],"card_choices":[{"not_picked":["bronze:WildBeam","bronze:ItsAFeature"],"picked":"bronze:OilSpill","floor":2},{"not_picked":["bronze:MaxOutput","bronze:DarkDash"],"picked":"bronze:Boost","floor":4},{"not_picked":["bronze:Allocate","bronze:Turbo"],"picked":"bronze:Separator","floor":5},{"not_picked":["bronze:Frontload","bronze:Turbo"],"picked":"bronze:CloningBeam","floor":6},{"not_picked":["bronze:Frontload","bronze:InfiniteBeams"],"picked":"bronze:WildBeam","floor":8},{"not_picked":["bronze:Shield","bronze:Invalidate"],"picked":"bronze:OilSpill","floor":11},{"not_picked":["bronze:Frontload","bronze:Philosophize"],"picked":"bronze:ItsAFeature","floor":13},{"not_picked":["bronze:Backtrace","bronze:ThunderWave"],"picked":"bronze:Repulsor","floor":14},{"not_picked":["bronze:BitShift","bronze:CutThrough"],"picked":"bronze:ForceShield","floor":15},{"not_picked":["bronze:FindAndReplace","bronze:Virus"],"picked":"bronze:Break","floor":16},{"not_picked":["bronze:Shield+1","bronze:Overheat"],"picked":"bronze:Frontload","floor":21},{"not_picked":["bronze:Shield","bronze:Invalidate+1"],"picked":"bronze:Constructor+1","floor":22},{"not_picked":["bronze:BugBarrage","bronze:WildBeam"],"picked":"bronze:Branch","floor":26},{"not_picked":["bronze:Turbo","bronze:WildBeam"],"picked":"bronze:BitShift","floor":27},{"not_picked":["bronze:Assembly","bronze:WildBeam+1"],"picked":"bronze:DelayedGuard","floor":28},{"not_picked":["bronze:Turbo","bronze:Shield"],"picked":"bronze:Branch+1","floor":29},{"not_picked":["bronze:InfiniteBeams+1","bronze:Safeguard"],"picked":"bronze:BugBarrage","floor":31},{"not_picked":["bronze:Turbo","bronze:Repulsor"],"picked":"bronze:Boost","floor":32},{"not_picked":["bronze:ThunderWave","bronze:TinkerersToolbox"],"picked":"bronze:Library","floor":33},{"not_picked":["bronze:Deprecate","bronze:Turbo"],"picked":"bronze:BugBarrage","floor":36},{"not_picked":["bronze:Separator+1","bronze:ItsAFeature+1"],"picked":"bronze:MaxOutput+1","floor":37},{"not_picked":["bronze:Flail","bronze:Separator"],"picked":"bronze:ForceShield","floor":39},{"not_picked":["bronze:Overheat+1","bronze:Repulsor"],"picked":"bronze:Optimize+1","floor":40},{"not_picked":["bronze:Hardcode","bronze:BitShift"],"picked":"bronze:DelayedGuard","floor":43},{"not_picked":["bronze:Optimize","bronze:ForLoop+1"],"picked":"bronze:CutThrough+1","floor":45},{"not_picked":["bronze:BitShift+1","bronze:Fortify"],"picked":"bronze:CutThrough","floor":46},{"not_picked":["bronze:Shield+1","bronze:DelayedSlice+1"],"picked":"bronze:FollowUp+1","floor":47},{"not_picked":["bronze:WildBeam","bronze:Turbo"],"picked":"bronze:ChildClass","floor":48},{"not_picked":["bronze:Turbo","bronze:Backtrace+1"],"picked":"bronze:Branch+1","floor":49},{"not_picked":["bronze:WildBeam+1","bronze:AlphaBuild","bronze:DelayedSlice"],"picked":"SKIP","floor":52}],"player_experience":942138,"relics_obtained":[{"floor":6,"key":"bronze:SilverBullet"},{"floor":7,"key":"Bag of Preparation"},{"floor":10,"key":"Nunchaku"},{"floor":11,"key":"Lantern"},{"floor":23,"key":"Toy Ornithopter"},{"floor":27,"key":"Eternal Feather"},{"floor":29,"key":"Old Coin"},{"floor":31,"key":"bronze:ProtectiveGoggles"},{"floor":40,"key":"MawBank"},{"floor":41,"key":"bronze:CableSpool"},{"floor":46,"key":"Pocketwatch"},{"floor":52,"key":"Bottled Lightning"}],"event_choices":[{"damage_healed":0,"gold_gain":0,"player_choice":"Donut","damage_taken":0,"max_hp_gain":5,"max_hp_loss":0,"event_name":"Big Fish","floor":9,"gold_loss":0},{"damage_healed":0,"gold_gain":0,"player_choice":"Inject Mutagens","damage_taken":0,"relics_obtained":["MutagenicStrength"],"max_hp_gain":0,"max_hp_loss":0,"event_name":"Drug Dealer","floor":20,"gold_loss":0},{"damage_healed":0,"gold_gain":0,"player_choice":"Ignored","damage_taken":0,"max_hp_gain":0,"max_hp_loss":0,"event_name":"Ghosts","floor":25,"gold_loss":0},{"damage_healed":0,"gold_gain":0,"player_choice":"Fight","damage_taken":0,"max_hp_gain":0,"max_hp_loss":0,"event_name":"Mysterious Sphere","floor":46,"gold_loss":0}],"is_beta":false,"boss_relics":[{"not_picked":["Pandora\u0027s Box","Calling Bell"],"picked":"expansioncontent:StudyCardRelic"},{"not_picked":["bronze:MakeshiftBattery","Busted Crown"],"picked":"bronze:PlatinumCore"}],"items_purged_floors":[39],"is_endless":false,"potions_floor_spawned":[6,8,11,13,27,28,29,31,32,33,36,37,47,49],"ascension_level":4}}