{"host":"9gwavclf33b2mpxe","time":1611391642,"event":{"mods":["BaseMod","Bestiary","Block Reminder","Colored Map","Colored Powertips","Downfall","Highlight Path","Minty Spire (QoL Compilation)","Permanent Neow","Quick Restart","Relic Stats","StSLib","SuperFastMode"],"gold_per_floor":[0,20,31,31,41,76,112,24,68,12,12,39,39,39,52,148,148,48,64,83,83,68,68,68,53,138,138,155,165,165,165,183,284,284,284,295,346,101,111,111,111,111,111,111,461,115,115,148,48,48,48],"floor_reached":50,"language":"ENG","playtime":3567,"items_purged":["downfall:Haunted","downfall:Malfunctioning"],"score":507,"play_id":"751b3e08-c5df-421d-b8a9-55ad91c6eea0","local_time":"20210123164722","is_ascension_mode":false,"campfire_choices":[{"floor":1,"key":"RECALL"},{"data":"Pommel Strike","floor":8,"key":"SMITH"},{"data":"Infernal Blade","floor":11,"key":"SMITH"},{"data":"Disarm","floor":18,"key":"SMITH"},{"data":"Warcry","floor":23,"key":"SMITH"},{"data":"Shrug It Off","floor":30,"key":"SMITH"},{"floor":35,"key":"REST"},{"data":"Parasite","floor":42,"key":"PURGE"},{"data":"downfall:Malfunctioning","floor":47,"key":"PURGE"},{"data":"Strike_R","floor":49,"key":"PURGE"}],"circlet_count":0,"master_deck":["Strike_R","Strike_R+1","Strike_R+1","Defend_R","Defend_R","Defend_R","Bash+1","Cleave","Disarm+1","Clash","Pommel Strike+1","Burning Pact","Infernal Blade+1","Warcry+1","Juggernaut+1","Power Through+1","Necronomicurse","Headbutt","Spot Weakness+1","True Grit+1","Shrug It Off+1","Blood for Blood","Limit Break","Armaments+1","Flex+1","Fiend Fire","Feel No Pain","Whirlwind","Rage","expansioncontent:LastStand","Flame Barrier"],"relics":["Burning Blood","downfall:ExtraCursedKey","MawBank","downfall:HeartBlessingRed","Champion Belt","Juzu Bracelet","Runic Dome","downfall:HeartBlessingBlue","Necronomicon","Fusion Hammer","Peace Pipe","bronze:DonusWashers","White Beast Statue","Old Coin","bronze:DecasWashers","Calipers","downfall:HeartBlessingGreen"],"acts_visited":["Exordium","TheCity","TheBeyond"],"potions_floor_usage":[9,22,37,39,45,50,50],"damage_taken":[{"damage":2,"enemies":"2 Louse","floor":2,"turns":3},{"damage":4,"enemies":"Jaw Worm","floor":3,"turns":5},{"damage":3,"enemies":"Small Slimes","floor":5,"turns":3},{"damage":12,"enemies":"Gremlin Nob","floor":6,"turns":3},{"damage":9,"enemies":"Lagavulin","floor":9,"turns":5},{"damage":0,"enemies":"downfall:FleeingMerchant","floor":10,"turns":4},{"damage":14,"enemies":"Gremlin Nob","floor":12,"turns":3},{"damage":0,"enemies":"Exordium Wildlife","floor":15,"turns":2},{"damage":42,"enemies":"DF_ARCHETYPE_STREAMLINE","floor":16,"turns":8},{"damage":4,"enemies":"Chosen","floor":19,"turns":3},{"damage":38,"enemies":"Centurion and Healer","floor":20,"turns":6},{"damage":0,"enemies":"downfall:FleeingMerchant","floor":22,"turns":4},{"damage":0,"enemies":"downfall:FleeingMerchant","floor":25,"turns":4},{"damage":2,"enemies":"Snecko","floor":28,"turns":5},{"damage":17,"enemies":"Sentry and Sphere","floor":29,"turns":4},{"damage":2,"enemies":"Snake Plant","floor":32,"turns":4},{"damage":42,"enemies":"WA_ARCHETYPE_CALM","floor":33,"turns":11},{"damage":26,"enemies":"3 Darklings","floor":36,"turns":4},{"damage":26,"enemies":"2 Orb Walkers","floor":37,"turns":5},{"damage":0,"enemies":"downfall:FleeingMerchant","floor":38,"turns":1},{"damage":11,"enemies":"3 Shapes","floor":39,"turns":3},{"damage":0,"enemies":"3 Shapes","floor":45,"turns":4},{"damage":2,"enemies":"Reptomancer","floor":48,"turns":3},{"damage":72,"enemies":"IC_BLOCK_ARCHETYPE","floor":50,"turns":2}],"seed_played":"-304687510030831190","potions_obtained":[{"floor":3,"key":"DistilledChaos"},{"floor":5,"key":"BlessingOfTheForge"},{"floor":12,"key":"Energy Potion"},{"floor":16,"key":"Regen Potion"},{"floor":28,"key":"FearPotion"},{"floor":36,"key":"SteroidPotion"},{"floor":37,"key":"Regen Potion"},{"floor":39,"key":"Dexterity Potion"},{"floor":45,"key":"sneckomod:MuddlingPotion"},{"floor":48,"key":"Ancient Potion"}],"is_trial":false,"path_per_floor":["R","M","M","?","M","E","T","R","E","$","R","E","?","T","M","B",null,"R","M","M","?","$","R","T","$","?","?","M","M","R","?","M","B",null,"R","M","?","$","M","?","T","R","?","T","?","$","R","E","R","B"],"character_chosen":"IRONCLAD","items_purchased":["Warcry","bronze:DonusWashers","Feel No Pain","White Beast Statue","Whirlwind","bronze:DecasWashers"],"campfire_rested":1,"item_purchase_floors":[10,38,38,38,38,46],"current_hp_per_floor":[80,80,80,80,80,74,74,74,71,77,77,69,69,69,75,39,80,90,90,58,42,62,62,62,68,58,88,90,79,79,79,83,47,90,90,70,50,56,51,51,51,51,51,51,57,57,57,61,61,0,0],"gold":48,"neow_bonus":"REMOVE_TWO","is_daily":false,"chose_seed":false,"campfire_upgraded":5,"win_rate":0.0,"timestamp":1611391642,"path_taken":["R","M","M","?","M","E","T","R","E","$","R","E","?","?","M","BOSS","R","M","M","?","$","R","T","$","?","?","M","M","R","?","M","BOSS","R","M","?","$","M","?","T","R","?","?","?","$","R","E","R","BOSS"],"items_purchased_type":["Card","Relic","Card","Relic","Card","Relic"],"build_version":"2020-12-22","purchased_purges":2,"victory":false,"max_hp_per_floor":[80,80,80,80,80,80,80,80,80,80,80,80,80,80,80,80,80,90,90,90,90,90,90,90,90,90,90,90,90,90,90,90,90,90,90,90,90,90,90,90,90,87,87,87,87,87,87,87,87,87,87],"relic_stats":{"Peace Pipe":3,"counters":[24,99],"Juzu Bracelet":1,"Necronomicon":[21],"Champion Belt":[32],"MawBank":48,"obtain_stats":[{"bronze:DonusWashers":38,"Calipers":48,"downfall:HeartBlessingRed":8,"bronze:DecasWashers":46,"downfall:HeartBlessingGreen":49,"Juzu Bracelet":12,"MawBank":6,"Burning Blood":0,"White Beast Statue":38,"Old Coin":45,"Peace Pipe":37,"Runic Dome":17,"downfall:HeartBlessingBlue":18,"downfall:ExtraCursedKey":4,"Fusion Hammer":34,"Necronomicon":21,"Champion Belt":9},{"bronze:DonusWashers":20,"Calipers":23,"downfall:HeartBlessingRed":4,"bronze:DecasWashers":22,"downfall:HeartBlessingGreen":23,"Juzu Bracelet":7,"MawBank":4,"Burning Blood":0,"White Beast Statue":20,"Old Coin":22,"Peace Pipe":19,"Runic Dome":9,"downfall:HeartBlessingBlue":9,"downfall:ExtraCursedKey":2,"Fusion Hammer":17,"Necronomicon":11,"Champion Belt":5},{"bronze:DonusWashers":87,"Calipers":97,"downfall:HeartBlessingRed":14,"bronze:DecasWashers":94,"downfall:HeartBlessingGreen":97,"Juzu Bracelet":26,"MawBank":14,"Burning Blood":0,"White Beast Statue":87,"Old Coin":94,"Peace Pipe":86,"Runic Dome":36,"downfall:HeartBlessingBlue":36,"downfall:ExtraCursedKey":8,"Fusion Hammer":77,"Necronomicon":45,"Champion Belt":19}],"Burning Blood":125},"card_choices":[{"not_picked":["Sword Boomerang","Searing Blow"],"picked":"Cleave","floor":2},{"not_picked":["Battle Trance","Anger"],"picked":"Disarm","floor":3},{"not_picked":["Perfected Strike","Headbutt"],"picked":"Clash","floor":5},{"not_picked":["Iron Wave","Cleave"],"picked":"Pommel Strike","floor":6},{"not_picked":["Headbutt","Twin Strike"],"picked":"Burning Pact","floor":9},{"not_picked":["Entrench","Demon Form"],"picked":"Infernal Blade","floor":10},{"not_picked":["Warcry","Sword Boomerang","Twin Strike"],"picked":"SKIP","floor":12},{"not_picked":["Clash","Cleave"],"picked":"Juggernaut","floor":15},{"not_picked":["Sword Boomerang","Clash"],"picked":"Power Through+1","floor":19},{"not_picked":["Perfected Strike","Sword Boomerang","Rampage"],"picked":"SKIP","floor":20},{"not_picked":["Cleave+1","Twin Strike"],"picked":"Headbutt","floor":22},{"not_picked":["Warcry","Clothesline"],"picked":"Spot Weakness","floor":25},{"not_picked":["Sword Boomerang","Headbutt"],"picked":"True Grit+1","floor":28},{"not_picked":["Anger","Rampage"],"picked":"Shrug It Off","floor":29},{"not_picked":["Hemokinesis","Headbutt+1"],"picked":"Blood for Blood","floor":32},{"not_picked":["Brutality","Bludgeon"],"picked":"Limit Break","floor":33},{"not_picked":["Flame Barrier+1","Twin Strike+1"],"picked":"Armaments+1","floor":36},{"not_picked":["Cleave","Burning Pact+1"],"picked":"Flex+1","floor":37},{"not_picked":["Warcry","Iron Wave"],"picked":"Fiend Fire","floor":38},{"not_picked":["Rupture+1","Headbutt+1"],"picked":"Rage","floor":39},{"not_picked":["expansioncontent:GuardianWhirl","expansioncontent:HyperBeam"],"picked":"expansioncontent:LastStand","floor":40},{"not_picked":["Pummel+1","Seeing Red+1"],"picked":"Flame Barrier","floor":45},{"not_picked":["Headbutt","Rage+1","Twin Strike+1"],"picked":"SKIP","floor":48}],"player_experience":111106,"relics_obtained":[{"floor":6,"key":"MawBank"},{"floor":9,"key":"Champion Belt"},{"floor":12,"key":"Juzu Bracelet"},{"floor":21,"key":"Necronomicon"},{"floor":37,"key":"Peace Pipe"},{"floor":45,"key":"Old Coin"},{"floor":48,"key":"Calipers"}],"event_choices":[{"damage_healed":30,"gold_gain":0,"player_choice":"Heal","damage_taken":0,"max_hp_gain":0,"max_hp_loss":0,"event_name":"The Library","floor":27,"gold_loss":0},{"damage_healed":0,"gold_gain":0,"player_choice":"Fight","damage_taken":0,"max_hp_gain":0,"max_hp_loss":0,"event_name":"Mysterious Sphere","floor":37,"gold_loss":0}],"is_beta":false,"boss_relics":[{"not_picked":["Empty Cage","Black Blood"],"picked":"Runic Dome"},{"not_picked":["Runic Pyramid","SacredBark"],"picked":"Fusion Hammer"}],"items_purged_floors":[38,46],"is_endless":false,"potions_floor_spawned":[3,5,12,16,28,29,33,36,37,39,45,48],"killed_by":"IC_BLOCK_ARCHETYPE","ascension_level":0}}