{"host":"xq8gnuu783ryoh6z","time":1611390685,"event":{"mods":["Act Like it!","Ascension Reborn","BaseMod","Colored Powertips","Downfall","Duelist Mod","Gensokyo","Hallownest","Lobotomy","Marisa£®ÏF”Í°°ƒß¿Ì…≥£©","Minty Spire (QoL Compilation)","Quick Restart","READ ME - Guardian Mod","Rare Cards Sparkle","Reimu£®≤©¿ˆ¡È√Œ£©","Remilia£®¿Ÿ√◊¿Ú—«£©","Replay The Spire","RumiaBox-¬∂√◊Ê´µƒ…Ò√ÿ∫–◊”","Say the Spire","Shop Mod","StSLib","Synergy Search","The Animator","The Construct","The Cursed","The Hierophant","The Poker Player","The Servant 0.9.4","Waifu the Spire","WarShipGirlsR/’ΩΩ¢…Ÿ≈ÆR mod","Yakumo Yukari mod","Youmu£®ªÍ∆«—˝√Œ£©","Yuyuko","vexMod","yUi","°æπ¶ƒ‹Mod°øªÏ„Á÷Æª∑–ﬁ∏¥≤π∂°","°æ“≈ŒÔø®≈∆°øREMEMod"],"gold_per_floor":[119,138,138,138,158,176,18,18,18,18],"floor_reached":9,"language":"ZHS","playtime":533,"items_purged":["rmod:strick"],"score":53,"play_id":"5b3f3968-01a8-4771-8227-1d509fbe477c","local_time":"20210123163125","is_ascension_mode":true,"campfire_choices":[{"data":"rmod:basicallowance","floor":8,"key":"SMITH"}],"circlet_count":0,"master_deck":["rmod:strick","rmod:strick","rmod:strick","rmod:defend","rmod:defend","rmod:defend","rmod:defend","rmod:basicallowance+1","rmod:maingunfire","champ:HeavySlash","UniverseFragment","rmod:mineteam","Murderer","rmod:aluminumsupply","BeautyBeast","rmod:luckystar","FairyFestival","rmod:aviationdawn","rmod:steelsupply+1","rmod:intelligenceanalysis"],"relics":["rmod:firstchargereward","REME_ComplimentaryCards","CogitoBucket"],"acts_visited":["Exordium"],"potions_floor_usage":[9],"damage_taken":[{"damage":3,"enemies":"Gensokyo:2_Kodama","floor":1,"turns":4},{"damage":0,"enemies":"Gensokyo:Gryphon","floor":2,"turns":3},{"damage":0,"enemies":"Gensokyo:3_Fairies","floor":5,"turns":4},{"damage":23,"enemies":"Gensokyo:Gryphon_and_Rabbit","floor":6,"turns":5},{"damage":57,"enemies":"Gensokyo:Cirno","floor":9,"turns":6}],"seed_played":"3006494853692175619","potions_obtained":[{"floor":6,"key":"Explosive Potion"}],"is_trial":false,"path_per_floor":["M","M","PTL","PTL","M","M","$","R","E"],"character_chosen":"PRAEFECT","items_purchased":["rmod:steelsupply+1","rmod:intelligenceanalysis"],"campfire_rested":0,"item_purchase_floors":[7,7],"current_hp_per_floor":[72,72,72,72,72,49,49,49,0,0],"gold":18,"neow_bonus":"","is_daily":false,"chose_seed":false,"campfire_upgraded":1,"win_rate":0.0,"timestamp":1611390685,"path_taken":["M","M","PTL","PTL","M","M","$","R","E"],"items_purchased_type":["Card","Card"],"build_version":"2020-12-22","purchased_purges":1,"victory":false,"max_hp_per_floor":[75,75,75,75,75,75,75,75,75,75],"card_choices":[{"not_picked":["WallGazer","GreedKing"],"picked":"UniverseFragment","floor":1},{"not_picked":["rmod:steelsupply","rmod:wife"],"picked":"rmod:mineteam","floor":1},{"not_picked":["BigBird","VoidDream"],"picked":"Murderer","floor":2},{"not_picked":["rmod:intelligenceanalysis","rmod:victimresponsibility"],"picked":"rmod:aluminumsupply","floor":2},{"not_picked":["Yin","NakedNest"],"picked":"BeautyBeast","floor":5},{"not_picked":["rmod:circuitoustactics","rmod:spoils"],"picked":"rmod:luckystar","floor":5},{"not_picked":["CrumblingArmor","MHz"],"picked":"FairyFestival","floor":6},{"not_picked":["rmod:supportescort","rmod:ring"],"picked":"rmod:aviationdawn","floor":6}],"player_experience":354587,"relics_obtained":[],"event_choices":[],"is_beta":false,"boss_relics":[],"items_purged_floors":[7],"is_endless":false,"potions_floor_spawned":[6],"killed_by":"Gensokyo:Cirno","ascension_level":0}}