{"host":"4axoa1rfjgnprp9l","time":1611366967,"event":{"mods":["2.2 Compatiblity","AchievementEnabler","BaseMod","Colored Map","DeckTracker","Highlight Path","Minty Spire (QoL Compilation)","Permanent Neow","StSLib","SuperFastMode"],"gold_per_floor":[115,65,30,105,120,120,152,164,164,191,209,209,227,75,75,179,179,194,213,213,229,246,277,277,306,306,306,325,353,353,49,49,146,146,165,40,53,64,117,117,132,157,184,219,232,246,36,56,56,56],"floor_reached":51,"language":"KOR","playtime":6241,"items_purged":["Strike_P","Strike_P+1","Strike_P+1"],"score":1105,"play_id":"779a71b7-11a2-47c1-9f7d-d505c68b720f","local_time":"20210123105607","is_ascension_mode":true,"campfire_choices":[{"data":"Eruption","floor":6.0,"key":"SMITH"},{"data":"WheelKick","floor":12.0,"key":"SMITH"},{"data":"Adaptation","floor":15.0,"key":"SMITH"},{"data":"Judgement","floor":24.0,"key":"SMITH"},{"data":"Ragnarok","floor":27.0,"key":"SMITH"},{"floor":30.0,"key":"DIG"},{"floor":32.0,"key":"REST"},{"data":"Halt","floor":40.0,"key":"SMITH"},{"floor":49.0,"key":"DIG"}],"circlet_count":0,"master_deck":["Strike_P+1","Defend_P+1","Defend_P+1","Defend_P+1","Eruption+1","Vigilance","SashWhip","WheelKick+1","Collect","FollowUp","Adaptation+1","BattleHymn","Judgement+1","Tantrum+1","Indignation+1","Evaluate","Ragnarok+1","DevaForm","Halt+1","WreathOfFlame+1","MentalFortress+1","FearNoEvil+1","InnerPeace"],"relics":["PureWater","NeowsBlessing","Shovel","CaptainsWheel","Bird Faced Urn","Philosopher\u0027s Stone","Pantograph","Akabeko","Gambling Chip","Sundial","Dream Catcher","Vajra","SlaversCollar","TungstenRod","MealTicket","Turnip","Lantern","Centennial Puzzle"],"acts_visited":["Exordium","TheCity","TheBeyond"],"potions_floor_usage":[50,50,50],"damage_taken":[{"damage":0.0,"enemies":"Cultist","floor":1.0,"turns":1.0},{"damage":0.0,"enemies":"Jaw Worm","floor":5.0,"turns":1.0},{"damage":0.0,"enemies":"Gremlin Nob","floor":7.0,"turns":1.0},{"damage":0.0,"enemies":"Small Slimes","floor":8.0,"turns":2.0},{"damage":0.0,"enemies":"Lagavulin","floor":10.0,"turns":4.0},{"damage":23.0,"enemies":"Exordium Thugs","floor":11.0,"turns":5.0},{"damage":1.0,"enemies":"Looter","floor":13.0,"turns":3.0},{"damage":22.0,"enemies":"The Guardian","floor":16.0,"turns":7.0},{"damage":4.0,"enemies":"Chosen","floor":18.0,"turns":3.0},{"damage":8.0,"enemies":"2 Thieves","floor":19.0,"turns":3.0},{"damage":14.0,"enemies":"Chosen and Byrds","floor":21.0,"turns":3.0},{"damage":0.0,"enemies":"3 Cultists","floor":22.0,"turns":3.0},{"damage":23.0,"enemies":"Slavers","floor":23.0,"turns":3.0},{"damage":7.0,"enemies":"Gremlin Leader","floor":25.0,"turns":3.0},{"damage":3.0,"enemies":"Shelled Parasite and Fungi","floor":28.0,"turns":2.0},{"damage":3.0,"enemies":"Slavers","floor":29.0,"turns":3.0},{"damage":32.0,"enemies":"Collector","floor":33.0,"turns":4.0},{"damage":0.0,"enemies":"Orb Walker","floor":35.0,"turns":1.0},{"damage":0.0,"enemies":"3 Shapes","floor":37.0,"turns":2.0},{"damage":15.0,"enemies":"Maw","floor":38.0,"turns":4.0},{"damage":18.0,"enemies":"2 Orb Walkers","floor":39.0,"turns":4.0},{"damage":0.0,"enemies":"Transient","floor":41.0,"turns":5.0},{"damage":14.0,"enemies":"Giant Head","floor":42.0,"turns":4.0},{"damage":0.0,"enemies":"Nemesis","floor":44.0,"turns":1.0},{"damage":0.0,"enemies":"Spire Growth","floor":45.0,"turns":2.0},{"damage":19.0,"enemies":"3 Darklings","floor":46.0,"turns":2.0},{"damage":4.0,"enemies":"4 Shapes","floor":48.0,"turns":5.0},{"damage":11,"enemies":"Donu and Deca","floor":50,"turns":4}],"seed_played":"-6029965167682238712","potions_obtained":[{"floor":7.0,"key":"Fire Potion"},{"floor":8.0,"key":"Explosive Potion"},{"floor":11.0,"key":"SmokeBomb"},{"floor":16.0,"key":"Dexterity Potion"},{"floor":21.0,"key":"Swift Potion"},{"floor":29.0,"key":"Block Potion"},{"floor":35.0,"key":"Strength Potion"},{"floor":38.0,"key":"Dexterity Potion"},{"floor":42.0,"key":"SteroidPotion"}],"is_trial":false,"path_per_floor":["M","?","$","?","M","R","E","M","T","E","M","R","M","$","R","B",null,"M","M","?","M","M","E","R","E","T","R","M","E","R","$","R","B",null,"M","$","M","M","?","R","M","E","T","E","M","M","$","M","R","B",null],"character_chosen":"WATCHER","items_purchased":["WheelKick","BattleHymn","Vajra","Halt","Lantern","InnerPeace"],"campfire_rested":1,"item_purchase_floors":[3,14,31,31,47,47],"current_hp_per_floor":[72,72,72,61,61,61,61,61,61,61,38,38,37,37,37,19,59,59,55,55,43,45,24,24,17,17,17,16,15,15,15,36,33,62,64,64,66,55,41,41,49,43,43,43,43,24,39,39,39,59],"gold":56,"neow_bonus":"THREE_ENEMY_KILL","is_daily":false,"chose_seed":false,"campfire_upgraded":6,"win_rate":0.0,"timestamp":1611366967,"path_taken":["M","?","$","?","M","R","E","M","T","E","M","R","M","$","R","BOSS","M","M","?","M","M","E","R","E","T","R","M","E","R","?","R","BOSS","M","$","M","M","?","R","M","E","T","E","M","M","$","M","R","BOSS"],"items_purchased_type":["Card","Card","Relic","Card","Relic","Card"],"build_version":"2020-12-22","purchased_purges":3,"victory":true,"max_hp_per_floor":[72,72,72,72,72,72,72,72,72,72,72,72,72,72,72,72,72,72,72,72,72,72,72,72,72,72,72,72,72,72,72,72,72,72,72,72,72,72,72,72,72,72,72,72,72,72,72,72,72,72],"card_choices":[{"not_picked":["ThirdEye","PathToVictory"],"picked":"SashWhip","floor":1.0},{"not_picked":["FlurryOfBlows","SandsOfTime"],"picked":"Collect","floor":5.0},{"not_picked":["WaveOfTheHand","Crescendo","SignatureMove"],"picked":"SKIP","floor":7.0},{"not_picked":["SignatureMove","Wallop"],"picked":"FollowUp","floor":8.0},{"not_picked":["WindmillStrike","FlyingSleeves","Weave"],"picked":"SKIP","floor":10.0},{"not_picked":["JustLucky","Prostrate","EmptyBody"],"picked":"SKIP","floor":11.0},{"not_picked":["FollowUp","Devotion"],"picked":"Adaptation","floor":13.0},{"not_picked":["Brilliance","DevaForm"],"picked":"Judgement","floor":16.0},{"not_picked":["ThirdEye","Adaptation"],"picked":"Tantrum+1","floor":18.0},{"not_picked":["Meditate+1","CrushJoints","FlyingSleeves"],"picked":"SKIP","floor":19.0},{"not_picked":["ThirdEye","Prostrate"],"picked":"Indignation+1","floor":21.0},{"not_picked":["JustLucky","Weave"],"picked":"Evaluate","floor":22.0},{"not_picked":["CrushJoints","ThirdEye+1"],"picked":"Ragnarok","floor":23.0},{"not_picked":["WheelKick+1","SignatureMove+1","Crescendo+1"],"picked":"SKIP","floor":25.0},{"not_picked":["ThirdEye","Perseverance"],"picked":"DevaForm","floor":28.0},{"not_picked":["Judgement","JustLucky+1","Perseverance"],"picked":"SKIP","floor":29.0},{"not_picked":["PathToVictory+1","CarveReality+1"],"picked":"WreathOfFlame+1","floor":35.0},{"not_picked":["Worship+1","PathToVictory+1"],"picked":"MentalFortress+1","floor":37.0},{"not_picked":["JustLucky","SashWhip+1","FlurryOfBlows+1"],"picked":"SKIP","floor":38.0},{"not_picked":["WheelKick","BowlingBash+1","CutThroughFate+1"],"picked":"SKIP","floor":41.0},{"not_picked":["WaveOfTheHand+1","CrushJoints","JustLucky+1"],"picked":"SKIP","floor":42.0},{"not_picked":["WaveOfTheHand+1","CrushJoints","JustLucky+1"],"picked":"SKIP","floor":42.0},{"not_picked":["WaveOfTheHand","FlurryOfBlows+1","CutThroughFate"],"picked":"SKIP","floor":44.0},{"not_picked":["Evaluate","JustLucky+1"],"picked":"FearNoEvil+1","floor":45.0},{"not_picked":["MentalFortress","FollowUp","Omniscience"],"picked":"SKIP","floor":46.0},{"not_picked":["JustLucky+1","Sanctity","EmptyBody+1"],"picked":"SKIP","floor":48.0}],"player_experience":905444,"relics_obtained":[{"floor":7.0,"key":"Shovel"},{"floor":9.0,"key":"CaptainsWheel"},{"floor":10.0,"key":"Bird Faced Urn"},{"floor":23.0,"key":"Pantograph"},{"floor":25.0,"key":"Akabeko"},{"floor":26.0,"key":"Gambling Chip"},{"floor":29.0,"key":"Sundial"},{"floor":30.0,"key":"Dream Catcher"},{"floor":39.0,"key":"TungstenRod"},{"floor":42.0,"key":"MealTicket"},{"floor":44.0,"key":"Turnip"},{"floor":49.0,"key":"Centennial Puzzle"}],"event_choices":[{"cards_removed":["Defend_P"],"damage_healed":0.0,"max_hp_gain":0.0,"max_hp_loss":0.0,"gold_gain":0.0,"event_name":"The Cleric","player_choice":"Card Removal","floor":2.0,"gold_loss":50.0,"damage_taken":0.0},{"damage_healed":0.0,"max_hp_gain":0.0,"max_hp_loss":0.0,"gold_gain":75.0,"event_name":"World of Goop","player_choice":"Gather Gold","floor":4.0,"gold_loss":0.0,"damage_taken":11.0},{"damage_healed":0.0,"max_hp_gain":0.0,"max_hp_loss":0.0,"gold_gain":0.0,"event_name":"Back to Basics","player_choice":"Simplicity","floor":20.0,"gold_loss":0.0,"damage_taken":0.0,"cards_upgraded":["Strike_P","Strike_P","Strike_P","Defend_P","Defend_P","Defend_P"]},{"damage_healed":0.0,"max_hp_gain":0.0,"max_hp_loss":0.0,"gold_gain":0.0,"event_name":"Mysterious Sphere","player_choice":"Fight","floor":39.0,"gold_loss":0.0,"damage_taken":0.0}],"is_beta":false,"boss_relics":[{"not_picked":["Snecko Eye","Runic Dome"],"picked":"Philosopher\u0027s Stone"},{"not_picked":["Tiny House","Busted Crown"],"picked":"SlaversCollar"}],"items_purged_floors":[14,31,36],"is_endless":false,"potions_floor_spawned":[7,8,11,16,19,21,29,35,38,42],"ascension_level":5}}