{"host":"e1pm3b7xpcm97e5w","time":1611421755,"event":{"mods":["BaseMod","Better Skull","Googly Eyes","Minty Spire (QoL Compilation)","Relic Stats","Shop Mod","Spicy Shops","StSLib"],"gold_per_floor":[116,56,71,71,89,89,121,121,121,121,139,139,172,189,189,284,284,295,295,310,310,329,329,329],"floor_reached":23,"language":"ENG","playtime":641,"items_purged":[],"score":453,"play_id":"ef6a6167-133e-4736-889d-7bab751a2fe7","local_time":"20210123120915","is_ascension_mode":true,"campfire_choices":[{"data":"Eruption","floor":6.0,"key":"SMITH"},{"data":"Wallop","floor":8.0,"key":"SMITH"},{"data":"ForeignInfluence","floor":10.0,"key":"SMITH"},{"data":"Devotion","floor":15.0,"key":"SMITH"}],"circlet_count":0,"master_deck":["AscendersBane","Defend_P","Defend_P","Defend_P","Eruption+1","Vigilance","ForeignInfluence+1","Evaluate","Wallop+1","FollowUp","CarveReality","EmptyFist","Perseverance+1","Devotion+1","MasterReality","BattleHymn+1","RitualDagger","Tantrum+1","Bite","Bite","Bite","Bite","Bite","FlurryOfBlows"],"relics":["PureWater","GoldenEye","InkBottle","MealTicket","Black Star"],"acts_visited":["Exordium","TheCity"],"potions_floor_usage":[23],"damage_taken":[{"damage":0.0,"enemies":"Cultist","floor":1.0,"turns":2.0},{"damage":0.0,"enemies":"Small Slimes","floor":3.0,"turns":2.0},{"damage":0.0,"enemies":"Jaw Worm","floor":5.0,"turns":3.0},{"damage":7.0,"enemies":"3 Sentries","floor":7.0,"turns":5.0},{"damage":0.0,"enemies":"Looter","floor":11.0,"turns":2.0},{"damage":0.0,"enemies":"Lagavulin","floor":13.0,"turns":2.0},{"damage":0.0,"enemies":"Exordium Wildlife","floor":14.0,"turns":2.0},{"damage":0.0,"enemies":"Slime Boss","floor":16.0,"turns":3.0},{"damage":28.0,"enemies":"2 Thieves","floor":18.0,"turns":4.0},{"damage":0.0,"enemies":"Spheric Guardian","floor":20.0,"turns":2.0},{"damage":17.0,"enemies":"Snake Plant","floor":22.0,"turns":3.0},{"damage":22,"enemies":"Book of Stabbing","floor":23,"turns":2}],"seed_played":"2699215551333906673","potions_obtained":[{"floor":1.0,"key":"Fire Potion"},{"floor":11.0,"key":"PowerPotion"},{"floor":13.0,"key":"LiquidMemories"},{"floor":16.0,"key":"Strength Potion"}],"is_trial":false,"path_per_floor":["M","$","M","$","M","R","E","R","T","R","M","?","E","M","R","B",null,"M","?","M","?","M","E"],"character_chosen":"WATCHER","items_purchased":["Wallop"],"campfire_rested":0,"item_purchase_floors":[2],"current_hp_per_floor":[65,65,65,65,65,65,58,58,58,58,58,58,58,58,58,58,69,41,35,35,35,20,0,0],"gold":329,"neow_bonus":"TRANSFORM_CARD","is_daily":false,"chose_seed":false,"campfire_upgraded":4,"win_rate":0.0,"timestamp":1611421755,"path_taken":["M","$","M","?","M","R","E","R","T","R","M","?","E","M","R","BOSS","M","?","M","?","M","E"],"items_purchased_type":["Card"],"build_version":"2020-12-22","purchased_purges":0,"victory":false,"max_hp_per_floor":[72,72,72,72,72,72,72,72,72,72,72,72,72,72,72,72,72,72,72,72,50,50,50,50],"relic_stats":{"counters":[12,32],"MealTicket":0,"Black Star":0,"GoldenEye":[0],"obtain_stats":[{"MealTicket":13,"Black Star":17,"PureWater":0,"GoldenEye":7,"InkBottle":9},{"MealTicket":6,"Black Star":8,"PureWater":0,"GoldenEye":4,"InkBottle":4},{"MealTicket":16,"Black Star":21,"PureWater":0,"GoldenEye":12,"InkBottle":12}],"InkBottle":[7]},"card_choices":[{"not_picked":["JustLucky","Worship"],"picked":"Evaluate","floor":1.0},{"not_picked":["JustLucky","BattleHymn"],"picked":"FollowUp","floor":3.0},{"not_picked":["Protect","SashWhip"],"picked":"CarveReality","floor":5.0},{"not_picked":["CutThroughFate","Meditate"],"picked":"EmptyFist","floor":7.0},{"not_picked":["Consecrate","SashWhip"],"picked":"Perseverance","floor":11.0},{"not_picked":["EmptyFist","Sanctity"],"picked":"Devotion","floor":13.0},{"not_picked":["WaveOfTheHand","BowlingBash","Wireheading"],"picked":"SKIP","floor":14.0},{"not_picked":["Wish","Alpha"],"picked":"MasterReality","floor":16.0},{"not_picked":["InnerPeace","WindmillStrike"],"picked":"BattleHymn+1","floor":18.0},{"not_picked":["ClearTheMind","Meditate"],"picked":"Tantrum+1","floor":20.0},{"not_picked":["FlyingSleeves","Crescendo"],"picked":"FlurryOfBlows","floor":22.0}],"player_experience":548664,"relics_obtained":[{"floor":7.0,"key":"GoldenEye"},{"floor":9.0,"key":"InkBottle"},{"floor":13.0,"key":"MealTicket"}],"event_choices":[{"damage_healed":0.0,"max_hp_gain":0.0,"max_hp_loss":0.0,"gold_gain":0.0,"event_name":"Living Wall","player_choice":"Grow","floor":12.0,"gold_loss":0.0,"damage_taken":0.0,"cards_upgraded":["Perseverance"]},{"damage_healed":0.0,"max_hp_gain":0.0,"max_hp_loss":0.0,"gold_gain":0.0,"event_name":"Nest","player_choice":"Joined the Cult","floor":19.0,"gold_loss":0.0,"damage_taken":6.0,"cards_obtained":["RitualDagger"]},{"damage_healed":0.0,"max_hp_gain":0.0,"max_hp_loss":22.0,"gold_gain":0.0,"event_name":"Vampires","player_choice":"Became a vampire","floor":21.0,"gold_loss":0.0,"damage_taken":0.0,"cards_obtained":["Bite","Bite","Bite","Bite","Bite"]}],"is_beta":false,"boss_relics":[{"not_picked":["Snecko Eye","Calling Bell"],"picked":"Black Star"}],"items_purged_floors":[],"is_endless":false,"potions_floor_spawned":[1,11,13,16,20],"killed_by":"Book of Stabbing","ascension_level":11}}