{"host":"l491xr9n6v7t2d5g","time":1611431488,"event":{"mods":["Act Like it!","Arknights The Spire","BaseMod","Gensokyo","Marisa£®ÏF”Í°°ƒß¿Ì…≥£©","Minty Spire (QoL Compilation)","Remilia£®¿Ÿ√◊¿Ú—«£©","StSLib","Youmu£®ªÍ∆«—˝√Œ£©","[IsaacMod]“‘»ˆº‚À˛"],"gold_per_floor":[117,9,28,40,50,282,290,336,387,387,419,493,559,570,570,745,745,761,809,809,809,825,825,852,607,633,653,653,653],"floor_reached":28,"language":"ZHS","playtime":2671,"items_purged":[],"score":271,"play_id":"5ef0e9e2-48d7-47c3-ad2d-b0e3a494e468","local_time":"20210124035128","is_ascension_mode":false,"campfire_choices":[{"data":"Robbery","floor":10.0,"key":"SMITH"},{"data":"EventHorizon","floor":15.0,"key":"SMITH"},{"data":"SuperNova","floor":23.0,"key":"SMITH"}],"circlet_count":0,"master_deck":["Strike_MRS","Strike_MRS","Strike_MRS","Strike_MRS","Defend_MRS","Defend_MRS","Defend_MRS","Defend_MRS","MasterSpark","UpSweep","SporeBomb","StarBarrage","AsteroidBelt","IllusionStar","EventHorizon+1","PulseMagic","Robbery+1","WitchOfGreed","Parasite","Parasite","CasketOfStar","GrandCross","WitchLeyline","SuperNova+1","DragonMeteor+1","DarkMatter","Gensokyo:BlemishedSteel"],"relics":["BewitchedHakkero","HushsDoor","GuppysPaw","YumHeart","Nunchaku","Calipers","Gensokyo:MarisaPhilosophersStone","ShroomBag","TheBean","Toy Ornithopter","Habit"],"acts_visited":["Exordium","Gensokyo:Gensokyo"],"potions_floor_usage":[],"damage_taken":[{"damage":0.0,"enemies":"Gensokyo:Python","floor":1.0,"turns":2.0},{"damage":0.0,"enemies":"Gensokyo:3_Fairies","floor":3.0,"turns":4.0},{"damage":0.0,"enemies":"Gensokyo:2_Kodama","floor":4.0,"turns":4.0},{"damage":1.0,"enemies":"Gensokyo:Kitsune","floor":5.0,"turns":3.0},{"damage":0.0,"enemies":"Gensokyo:Mamizou","floor":6.0,"turns":7.0},{"damage":55.0,"enemies":"Gensokyo:Mamizou","floor":7.0,"turns":12.0},{"damage":13.0,"enemies":"Gensokyo:3_Kodama","floor":8.0,"turns":4.0},{"damage":0.0,"enemies":"Gensokyo:LivingMonolith","floor":11.0,"turns":3.0},{"damage":3.0,"enemies":"Gensokyo:Python_and_Kodama","floor":12.0,"turns":5.0},{"damage":13.0,"enemies":"Gensokyo:3_Kodama","floor":13.0,"turns":8.0},{"damage":0.0,"enemies":"Gensokyo:Kitsune","floor":14.0,"turns":1.0},{"damage":16.0,"enemies":"Gensokyo:Kokoro","floor":16.0,"turns":6.0},{"damage":34.0,"enemies":"Gensokyo:3_Dogs","floor":18.0,"turns":5.0},{"damage":13.0,"enemies":"Gensokyo:Chomper","floor":19.0,"turns":3.0},{"damage":26.0,"enemies":"Gensokyo:Swordslinger","floor":22.0,"turns":3.0},{"damage":26.0,"enemies":"Gensokyo:Reisen","floor":24.0,"turns":6.0},{"damage":49.0,"enemies":"Gensokyo:Slime_Group","floor":27.0,"turns":7.0},{"damage":21,"enemies":"Gensokyo:Tenshi","floor":28,"turns":1}],"seed_played":"4617702386889568154","potions_obtained":[{"floor":3.0,"key":"EntropicBrew"},{"floor":4.0,"key":"AttackPotion"},{"floor":6.0,"key":"DistilledChaos"},{"floor":11.0,"key":"EssenceOfSteel"},{"floor":12.0,"key":"Dexterity Potion"},{"floor":16.0,"key":"BlessingOfTheForge"},{"floor":19.0,"key":"SteroidPotion"}],"is_trial":false,"path_per_floor":["M","COS","M","M","M","E","?","M","T","R","M","M","M","M","R","B",null,"M","M","?","?","M","R","E","COS","T","M","E"],"character_chosen":"MARISA","items_purchased":[],"campfire_rested":0,"item_purchase_floors":[],"current_hp_per_floor":[75,75,75,75,74,74,44,31,31,31,33,32,48,48,48,36,75,43,55,55,55,33,33,7,7,7,17,0,0],"gold":653,"neow_bonus":"THREE_CARDS","is_daily":false,"chose_seed":false,"campfire_upgraded":3,"win_rate":0.0,"timestamp":1611431488,"path_taken":["M","COS","M","?","M","E","?","M","T","R","M","M","?","M","R","BOSS","M","?","?","?","M","R","E","COS","T","M","E"],"items_purchased_type":[],"build_version":"2020-12-22","purchased_purges":0,"victory":false,"max_hp_per_floor":[75,75,75,75,75,75,75,75,75,75,75,75,75,75,75,75,75,75,75,75,69,69,69,69,69,69,66,66,66],"card_choices":[{"not_picked":["DC","ShootingEcho"],"picked":"SporeBomb","floor":0.0},{"not_picked":["MagicChant","OpenUniverse"],"picked":"StarBarrage","floor":1.0},{"not_picked":["MilkyWay","NonDirectionalLaser"],"picked":"AsteroidBelt","floor":3.0},{"not_picked":["DC","GravityBeat"],"picked":"IllusionStar","floor":4.0},{"not_picked":["NonDirectionalLaser","LuminesStrike"],"picked":"EventHorizon","floor":5.0},{"not_picked":["SatelliteIllusion","ShootingEcho"],"picked":"PulseMagic","floor":6.0},{"not_picked":["OortCloud","6A"],"picked":"WitchOfGreed","floor":8.0},{"not_picked":["PowerUp","NonDirectionalLaser"],"picked":"CasketOfStar","floor":11.0},{"not_picked":["BlazeAway","AsteroidBelt"],"picked":"GrandCross","floor":12.0},{"not_picked":["DC","MachineGunSpark"],"picked":"WitchLeyline","floor":13.0},{"not_picked":["DeepEcoloBomb","MachineGunSpark","MilkyWay"],"picked":"SKIP","floor":14.0},{"not_picked":["BinaryStars","BlazingStar"],"picked":"SuperNova","floor":16.0},{"not_picked":["GalacticHalo+1","IllusionStar+1","ManaConvection"],"picked":"SKIP","floor":18.0},{"not_picked":["DoubleSpark","ManaConvection+1"],"picked":"DragonMeteor+1","floor":19.0},{"not_picked":["ShootingEcho","DoubleSpark","Acceleration+1"],"picked":"SKIP","floor":22.0},{"not_picked":["MilkyWay","PulseMagic"],"picked":"DarkMatter","floor":24.0},{"not_picked":["AsteroidBelt","GalacticHalo","SatelliteIllusion"],"picked":"SKIP","floor":27.0}],"player_experience":239540,"relics_obtained":[{"floor":6.0,"key":"Nunchaku"},{"floor":7.0,"key":"Gensokyo:MarisaPhilosophersStone"},{"floor":9.0,"key":"ShroomBag"},{"floor":24.0,"key":"Toy Ornithopter"}],"event_choices":[],"is_beta":false,"boss_relics":[{"not_picked":["Coffee Dripper","Black Star"],"picked":"BewitchedHakkero"},{"not_picked":[]}],"items_purged_floors":[],"is_endless":false,"potions_floor_spawned":[3,4,6,12,16,19],"killed_by":"Gensokyo:Tenshi","ascension_level":0}}