{"host":"zutuzvv732cf59m3","time":1611404331,"event":{"mods":["BaseMod","Downfall","Marisa????????","Minty Spire (QoL Compilation)","Prisma Mod","Quick Restart","READ ME - Guardian Mod","Shop Mod","StSLib","The Construct","The Cursed","The Disciple","The Senshi","The Servant 0.9.4"],"gold_per_floor":[115,115,128,50,50,84,84,100,100,118,131,206,206,206],"floor_reached":13,"language":"ENG","playtime":284,"items_purged":[],"score":187,"play_id":"060a3175-2732-4d61-ac0e-d26fc08fdf81","local_time":"20210123191851","is_ascension_mode":true,"campfire_choices":[{"data":"Footwork","floor":7,"key":"SMITH"}],"circlet_count":0,"master_deck":["AscendersBane","Strike_G","Strike_G","Strike_G","Strike_G","Strike_G","Defend_G","Defend_G","Defend_G","Defend_G","Defend_G","Survivor","Neutralize+1","Backflip","Accuracy","Footwork+1","Accuracy"],"relics":["Ring of the Snake","NeowsBlessing","Golden Idol","Letter Opener","Pear"],"acts_visited":["Exordium"],"potions_floor_usage":[],"damage_taken":[{"damage":0,"enemies":"Cultist","floor":1,"turns":1},{"damage":0,"enemies":"Jaw Worm","floor":3,"turns":1},{"damage":0,"enemies":"3 Sentries","floor":6,"turns":1},{"damage":0,"enemies":"Small Slimes","floor":8,"turns":4},{"damage":0,"enemies":"Blue Slaver","floor":10,"turns":5},{"damage":0,"enemies":"Red Slaver","floor":11,"turns":7},{"damage":48,"enemies":"Gremlin Nob","floor":13,"turns":4}],"seed_played":"-561501214235260553","potions_obtained":[{"floor":8,"key":"sneckomod:MuddlingPotion"},{"floor":11,"key":"GamblersBrew"}],"is_trial":false,"path_per_floor":["M","?","M","$","?","E","R","M","T","M","M","?","E"],"character_chosen":"THE_SILENT","items_purchased":["Accuracy"],"campfire_rested":0,"item_purchase_floors":[4],"current_hp_per_floor":[59,59,59,59,43,43,43,43,53,53,53,42,0,0],"gold":206,"neow_bonus":"THREE_ENEMY_KILL","is_daily":false,"chose_seed":false,"campfire_upgraded":1,"win_rate":0.0,"timestamp":1611404331,"path_taken":["M","?","?","?","?","E","R","M","T","M","M","?","E"],"items_purchased_type":["Card"],"build_version":"2020-12-22","purchased_purges":0,"victory":false,"max_hp_per_floor":[66,66,66,66,66,66,66,66,76,76,76,76,76,76],"card_choices":[{"not_picked":["Slice","Poisoned Stab"],"picked":"Backflip","floor":1},{"not_picked":["Deadly Poison","Slice","PiercingWail"],"picked":"SKIP","floor":3},{"not_picked":["Reflex","PiercingWail"],"picked":"Footwork","floor":6},{"not_picked":["Dash","Blur"],"picked":"Accuracy","floor":8},{"not_picked":["Underhanded Strike","Leg Sweep","Crippling Poison"],"picked":"SKIP","floor":10},{"not_picked":["Flying Knee","Backflip","Quick Slash"],"picked":"SKIP","floor":11}],"player_experience":1796768,"relics_obtained":[{"floor":6,"key":"Letter Opener"},{"floor":9,"key":"Pear"}],"event_choices":[{"damage_healed":0,"gold_gain":0,"player_choice":"Upgraded","damage_taken":0,"max_hp_gain":0,"max_hp_loss":0,"event_name":"Upgrade Shrine","floor":2,"gold_loss":0,"cards_upgraded":["Neutralize"]},{"damage_healed":0,"gold_gain":0,"player_choice":"Take Damage","damage_taken":16,"relics_obtained":["Golden Idol"],"max_hp_gain":0,"max_hp_loss":0,"event_name":"Golden Idol","floor":5,"gold_loss":0},{"damage_healed":0,"gold_gain":75,"player_choice":"Gather Gold","damage_taken":11,"max_hp_gain":0,"max_hp_loss":0,"event_name":"World of Goop","floor":12,"gold_loss":0}],"is_beta":false,"boss_relics":[],"items_purged_floors":[],"is_endless":false,"potions_floor_spawned":[8,11],"killed_by":"Gremlin Nob","ascension_level":14}}