{"host":"njo8qgvy2a57fcny","time":1611404180,"event":{"mods":["Ascension Unlocker","Aspiration","BaseMod","BetterRewards","CCEM","Colored Map","Colored Powertips","Conspire","Custom Start","Downfall","GifTheSpireLib","Halation","Hermit","Hubris","Infinite Spire","Jedi Mod","Mimic Mod","Minty Spire (QoL Compilation)","Quick Restart","Random Character Button","Random Character Mod","Rare Cards Sparkle","Relic Sorter","Replay The Spire","Shop Mod","StSLib","Stuff the Spire","The Animator","The Jungle","The Runesmith","The Servant 0.9.4","vexMod"],"gold_per_floor":[119,119,119,119,131,131,1,36,36,57,57,71,90,90,111,131,131,131,131],"floor_reached":18,"language":"ENG","playtime":630,"items_purged":[],"score":278,"play_id":"7e2ef457-98d0-4940-b794-fc37773ccf8e","local_time":"20210123231620","is_ascension_mode":true,"campfire_choices":[{"data":"KidneyShot","floor":9,"key":"SMITH"},{"data":"Snipe","floor":17,"key":"SMITH"}],"circlet_count":0,"master_deck":["AscendersBane","Strike_S","Strike_S","Strike_S","Strike_S","Defend_S","Defend_S","Defend_S","Defend_S","KidneyShot+1","Exchange","Starlight","Unruled","KidneyShot","Rearm","Injury","Snipe+1","Advance","Luminosity","Dilation","Potential","SpecialFormula","Ricochet","Collapse"],"relics":["Uniform","NeowsBlessing","Golden Idol","StuffTheSpire:HeavyRock","StuffTheSpire:ForceGauntlet"],"acts_visited":["Exordium"],"potions_floor_usage":[10,15],"damage_taken":[{"damage":0,"enemies":"2 Louse","floor":1,"turns":1},{"damage":0,"enemies":"Cultist","floor":5,"turns":1},{"damage":0,"enemies":"Lagavulin","floor":8,"turns":1},{"damage":12,"enemies":"Jaw Worm","floor":10,"turns":3},{"damage":8,"enemies":"Looter","floor":12,"turns":2},{"damage":16,"enemies":"3 Louse","floor":13,"turns":3},{"damage":9,"enemies":"Exordium Thugs","floor":15,"turns":3},{"damage":3,"enemies":"Exordium Wildlife","floor":16,"turns":2},{"damage":41,"enemies":"Hexaghost","floor":18,"turns":10}],"seed_played":"-6117989852388616548","potions_obtained":[{"floor":5,"key":"BlessingOfTheForge"},{"floor":13,"key":"Milkshake"}],"is_trial":false,"path_per_floor":["M","?","PTL","PTL","M","?","$","E","R","M","T","M","M","?","M","M","R","B"],"character_chosen":"THE_SERVANT","items_purchased":["Snipe","Advance"],"campfire_rested":0,"item_purchase_floors":[7,7],"current_hp_per_floor":[54,54,54,54,54,54,54,54,54,42,42,34,18,36,32,34,34,0,0],"gold":131,"neow_bonus":"THREE_ENEMY_KILL","is_daily":false,"chose_seed":false,"campfire_upgraded":2,"win_rate":0.0,"timestamp":1611404180,"path_taken":["M","?","PTL","PTL","?","?","$","E","R","M","T","M","M","?","M","?","R","BOSS"],"items_purchased_type":["Card","Card"],"build_version":"2020-12-22","purchased_purges":0,"victory":false,"max_hp_per_floor":[60,60,60,60,60,60,60,60,60,60,60,60,60,60,60,60,60,60,60],"card_choices":[{"not_picked":["Collapse","TimeWarp"],"picked":"Starlight","floor":1},{"not_picked":["Comet","Starlight"],"picked":"Rearm","floor":5},{"not_picked":["WasteNot","Rewind"],"picked":"Luminosity","floor":8},{"not_picked":["Spin","Rearm"],"picked":"Dilation","floor":10},{"not_picked":["Revamp","ShiftingGears"],"picked":"Potential","floor":12},{"not_picked":["DualDimension","FanOfKnives"],"picked":"SpecialFormula","floor":13},{"not_picked":["ShiftingGears","Starlight"],"picked":"Ricochet","floor":15},{"not_picked":["Desolation","DoubleEdge"],"picked":"Collapse","floor":16}],"player_experience":665806,"relics_obtained":[{"floor":8,"key":"StuffTheSpire:HeavyRock"},{"floor":11,"key":"StuffTheSpire:ForceGauntlet"}],"event_choices":[{"damage_healed":0,"gold_gain":0,"player_choice":"2 cards matched","damage_taken":0,"max_hp_gain":0,"max_hp_loss":0,"event_name":"Match and Keep!","floor":2,"gold_loss":0,"cards_obtained":["Unruled","KidneyShot"]},{"damage_healed":0,"gold_gain":0,"player_choice":"Take Wound","damage_taken":0,"relics_obtained":["Golden Idol"],"max_hp_gain":0,"max_hp_loss":0,"event_name":"Golden Idol","floor":6,"gold_loss":0,"cards_obtained":["Injury"]}],"is_beta":false,"boss_relics":[],"items_purged_floors":[],"is_endless":false,"potions_floor_spawned":[5,13],"killed_by":"Hexaghost","ascension_level":20}}