{"host":"f0gpob8hq9vgebej","time":1611388027,"event":{"mods":["AchievementEnabler","BaseMod","Minty Spire (QoL Compilation)","Quick Restart","SuperFastMode"],"gold_per_floor":[112,126,126,137,137,137,148,161,186,200,200,220,234,22,22,117,117,128,142,18,18,18,18,30,30,30],"floor_reached":25,"language":"KOR","playtime":533,"items_purged":["Strike_G"],"score":305,"play_id":"6a1266c8-8524-442c-9174-fef22ed5a8cf","local_time":"20210123164707","is_ascension_mode":true,"campfire_choices":[{"data":"Phantasmal Killer","floor":6.0,"key":"SMITH"},{"data":"Prepared","floor":11.0,"key":"SMITH"},{"floor":15.0,"key":"REST"},{"data":"Envenom","floor":23,"key":"SMITH"}],"circlet_count":0,"master_deck":["AscendersBane","Strike_G","Strike_G","Strike_G","Strike_G","Defend_G","Defend_G","Defend_G","Defend_G","Defend_G","Survivor","Neutralize","Phantasmal Killer+1","Prepared+1","Dagger Spray","Glass Knife","Tactician","Escape Plan","Escape Plan","Envenom+1","Blade Dance"],"relics":["Ring of the Snake","Tiny Chest","Membership Card","Runic Pyramid","Frozen Egg 2","Toy Ornithopter"],"acts_visited":["Exordium","TheCity"],"potions_floor_usage":[25],"damage_taken":[{"damage":2.0,"enemies":"Jaw Worm","floor":1.0,"turns":5.0},{"damage":2.0,"enemies":"Small Slimes","floor":2.0,"turns":7.0},{"damage":0.0,"enemies":"Cultist","floor":4.0,"turns":4.0},{"damage":17.0,"enemies":"Gremlin Gang","floor":7.0,"turns":4.0},{"damage":13.0,"enemies":"Red Slaver","floor":8.0,"turns":4.0},{"damage":7.0,"enemies":"3 Louse","floor":10.0,"turns":3.0},{"damage":8.0,"enemies":"Large Slime","floor":12.0,"turns":3.0},{"damage":3.0,"enemies":"Blue Slaver","floor":13.0,"turns":3.0},{"damage":26.0,"enemies":"Slime Boss","floor":16.0,"turns":13.0},{"damage":16,"enemies":"Spheric Guardian","floor":18,"turns":4},{"damage":11,"enemies":"Shell Parasite","floor":19,"turns":6},{"damage":42,"enemies":"Snake Plant","floor":24,"turns":6},{"damage":45,"enemies":"Slavers","floor":25,"turns":3}],"seed_played":"2509487045646513646","potions_obtained":[{"floor":2.0,"key":"FairyPotion"},{"floor":10.0,"key":"AttackPotion"},{"floor":12.0,"key":"GhostInAJar"},{"floor":16.0,"key":"Energy Potion"},{"floor":19,"key":"FairyPotion"},{"floor":24,"key":"Swift Potion"}],"is_trial":false,"path_per_floor":["M","M","?","M","?","R","M","M","T","M","R","M","M","$","R","B",null,"M","M","$","?","?","R","M","E"],"character_chosen":"THE_SILENT","items_purchased":["Membership Card","Escape Plan","Frozen Egg 2"],"campfire_rested":1,"item_purchase_floors":[14,14,20],"current_hp_per_floor":[61,59,64,64,57,57,40,27,27,20,20,12,9,9,31,5,58,42,31,31,31,31,31,14,0,0],"gold":30,"neow_bonus":"ONE_RANDOM_RARE_CARD","is_daily":false,"chose_seed":false,"campfire_upgraded":3,"win_rate":0.0,"timestamp":1611388027,"path_taken":["M","M","?","M","?","R","?","M","T","?","R","M","M","$","R","BOSS","M","M","$","?","?","R","M","E"],"items_purchased_type":["Relic","Card","Relic"],"build_version":"2020-12-22","purchased_purges":1,"victory":false,"max_hp_per_floor":[70,70,75,75,75,75,75,75,75,75,75,75,75,75,75,75,75,75,75,75,75,75,75,75,75,75],"card_choices":[{"not_picked":["Outmaneuver","PiercingWail"],"picked":"Prepared","floor":1.0},{"not_picked":["Well Laid Plans","PiercingWail"],"picked":"Dagger Spray","floor":2.0},{"not_picked":["PiercingWail","Well Laid Plans"],"picked":"Glass Knife","floor":4.0},{"not_picked":["Cloak And Dagger","Endless Agony"],"picked":"Tactician","floor":7.0},{"not_picked":["Poisoned Stab","Deadly Poison","Distraction"],"picked":"SKIP","floor":8.0},{"not_picked":["Setup","Choke","Prepared"],"picked":"SKIP","floor":10.0},{"not_picked":["Poisoned Stab","PiercingWail","Footwork"],"picked":"SKIP","floor":12.0},{"not_picked":["Prepared","Reflex"],"picked":"Escape Plan","floor":13.0},{"not_picked":["Bullet Time","Venomology"],"picked":"Envenom","floor":16.0},{"not_picked":["Acrobatics","Deadly Poison","Bane"],"picked":"SKIP","floor":18},{"not_picked":["Deadly Poison","All Out Attack"],"picked":"Blade Dance","floor":19},{"not_picked":["Catalyst","Bane","Dodge and Roll"],"picked":"SKIP","floor":24}],"player_experience":233367,"relics_obtained":[{"floor":9.0,"key":"Tiny Chest"}],"event_choices":[{"damage_healed":0.0,"max_hp_gain":5.0,"max_hp_loss":0.0,"gold_gain":0.0,"event_name":"Big Fish","player_choice":"Donut","floor":3.0,"gold_loss":0.0,"damage_taken":0.0},{"damage_healed":0.0,"max_hp_gain":0.0,"max_hp_loss":0.0,"gold_gain":0.0,"event_name":"Wheel of Change","player_choice":"Damaged","floor":5.0,"gold_loss":0.0,"damage_taken":7.0},{"damage_healed":0,"gold_gain":0,"player_choice":"Ignored","damage_taken":0,"max_hp_gain":0,"max_hp_loss":0,"event_name":"Cursed Tome","floor":21,"gold_loss":0},{"damage_healed":0,"gold_gain":0,"player_choice":"Opened","damage_taken":0,"relics_obtained":["Toy Ornithopter"],"max_hp_gain":0,"max_hp_loss":0,"event_name":"The Mausoleum","floor":22,"gold_loss":0}],"is_beta":false,"boss_relics":[{"not_picked":["Fusion Hammer","Runic Dome"],"picked":"Runic Pyramid"}],"items_purged_floors":[14],"is_endless":false,"potions_floor_spawned":[2,10,12,13,16,19,24],"killed_by":"Slavers","ascension_level":11}}