{"host":"8inpc3yxphy2r27y","time":1611395638,"event":{"mods":["ATMod(阿瑾Mod)","Ascension Reborn","Aspiration","Astrologer","Bard","BaseMod","Better Synergies","Better Vampires","Challenge The Spire","Conspire","Downfall","Energized Spire","FutureSeer","Gremlin Mod","GungeonMod","KinomotoSakuraMod(木之本樱)","Minty Spire (QoL Compilation)","Quick Restart","Red Circlet Mod","Relic Stats","Replay The Spire","RumiaBox-露米娅的神秘盒子","Ryuuou龙王","SIMod","Shop Mod","Spicy Shops","StSLib","TestMod","The Bug Knight","The Construct","The Cursed","The Gatherer","The Hierophant","UnlockEverythingMod","Waifu the Spire","[GremlinLeader]The Maniac","[IsaacMod]以撒尖塔","[JumpMod]舞动尖塔","noobMod","【遗物卡牌】REMEMod","残留之物","篝火指南"],"gold_per_floor":[99,373,373,373,397,411,411,444,543,567,567,583,592,625,643,716,716,90,102,87,87,97,114,114,25,55,55,140,145,176,9,18,94,94,94,110,119,168,177,177,177,208,217,232,232,232,2244,2255,2269,3268,3268,4301,3050,1476,1476,1476,1476],"floor_reached":55,"language":"ZHS","playtime":3573,"items_purged":["Regret"],"score":1918,"play_id":"1e477f8d-88c1-47df-aa39-038d0977ea3b","local_time":"20210123175358","is_ascension_mode":true,"campfire_choices":[{"floor":1.0,"key":"RECALL"}],"circlet_count":0,"master_deck":["AscendersBane","EpicFetus+1","AT_FamilyPortrait+1","Slimebound:RainOfGoop+1","Slimebound:Darklings+1","Slimebound:SamplingLick+1","Slimebound:FinishingTackle+1","Slimebound:SelfFormingGoo+1","Slimebound:RainOfGoop+1","Slimebound:ServeAndProtect+1","Slimebound:Equalize+1","Slimebound:RejuvenatingLick+1","Slimebound:DouseInSlime+1","Slimebound:DivideAndConquer+1","Slimebound:HauntingLick+1","Slimebound:Gluttony+1","Slimebound:CheckThePlaybook+1","downfall:Icky","Slimebound:GoopTackle+1","Slimebound:Replication+1","Slimebound:OozeBath+1","Slimebound:Overexert+1","Slimebound:Teamwork+1","Slimebound:RallyTheTroops+1","Slimebound:OozeBath+1","Slimebound:Overexert+1","Slimebound:Teamwork+1","Slimebound:SelfFormingGoo+1","Slimebound:Darklings+1","Slimebound:FirmFortitude+1","Slimebound:ComboTackle+1","Slimebound:SlimeSlap+1","Slimebound:TongueLash+1","Slimebound:GoopSpray+1","Slimebound:LevelUp+1","Decay","Slimebound:MegaLick+1","Slimebound:Recycling+1","testmod-SunMoon+1","Slimebound:MinionMaster+1","Slimebound:GoopTackle+1","Hallucinations","Slimebound:Schlurp+1","Slimebound:RejuvenatingLick+1","Slimebound:RallyTheTroops+1","Slimebound:LivingWall+1","expansioncontent:LastStand+1","expansioncontent:AwakenDeath+1","Ryuuou:NotRegret","Slimebound:SamplingLick+1","Slimebound:Prepare","Slimebound:LeechEnergy","Slimebound:Gluttony","Overencumbered","downfall:Bewildered","Parasite","REME_ProfessionalPlagiarism+1"],"relics":["HushsDoor","REME_ComplimentaryCards","testmod-TestBox","AT_ATBox","ice","downfall:HeartsMalice","testmod-Charity","PillsDrop","GodSword3","Bottled Lightning","Divine Protection","energizedSpire:NeverEndingSparkler","downfall:HeartBlessingRed","downfall:HeartBlessingGreen","downfall:HeartBlessingBlue","MerchantsRug","GodSword1","aspiration:SneckoTail","Slimebound:MaxSlimesRelic","testmod-OneHitWonder","Chemical X","ReplayTheSpireMod:DimensionalGlitch","Ring of Fury","Golden Egg","MealTicket","EdensBlessing","SecretRecord","DemoMod:BigBoy","Replay:Baseball","AT_ChloranthyRing","testmod-CrystalShield","testmod-Laevatain","Sling","Strange Spoon","Replay:Wax Seal","Bottled Tornado","Toy Ornithopter","Toolbox","conspire:TreasureMap","PlaceholderMod:DaolothFragment","AT_BladeRuinedKing"],"acts_visited":["Exordium","TheCity","TheBeyond","TheEnding"],"potions_floor_usage":[],"damage_taken":[{"damage":0.0,"enemies":"Small Slimes","floor":3.0,"turns":1.0},{"damage":0.0,"enemies":"Jaw Worm","floor":4.0,"turns":1.0},{"damage":0.0,"enemies":"conspire:MimicChest","floor":5.0,"turns":1.0},{"damage":3.0,"enemies":"Cultist","floor":6.0,"turns":2.0},{"damage":43.0,"enemies":"Gremlin Nob","floor":8.0,"turns":4.0},{"damage":21.0,"enemies":"Lagavulin","floor":10.0,"turns":5.0},{"damage":15.0,"enemies":"conspire:2 RoseBushes","floor":12.0,"turns":4.0},{"damage":0.0,"enemies":"Lots of Slimes","floor":13.0,"turns":1.0},{"damage":0.0,"enemies":"HollowMod:MossKnight","floor":14.0,"turns":4.0},{"damage":6.0,"enemies":"Blue Slaver","floor":15.0,"turns":3.0},{"damage":46.0,"enemies":"DF_ARCHETYPE_STREAMLINE","floor":16.0,"turns":6.0},{"damage":7.0,"enemies":"3 Byrds","floor":19.0,"turns":6.0},{"damage":5.0,"enemies":"downfall:FleeingMerchant","floor":20.0,"turns":4.0},{"damage":41.0,"enemies":"conspire:FuzzyDice","floor":22.0,"turns":7.0},{"damage":22.0,"enemies":"Snake Plant","floor":23.0,"turns":3.0},{"damage":56.0,"enemies":"Book of Stabbing","floor":26.0,"turns":4.0},{"damage":9.0,"enemies":"downfall:FleeingMerchant","floor":28.0,"turns":4.0},{"damage":5.0,"enemies":"Centurion and Healer","floor":29.0,"turns":4.0},{"damage":0.0,"enemies":"REME_1_Revenger","floor":30.0,"turns":4.0},{"damage":0.0,"enemies":"downfall:FleeingMerchant","floor":31.0,"turns":4.0},{"damage":2.0,"enemies":"Snecko","floor":32.0,"turns":4.0},{"damage":39.0,"enemies":"IC_MUSHROOM_ARCHETYPE","floor":33.0,"turns":7.0},{"damage":8.0,"enemies":"Orb Walker","floor":36.0,"turns":5.0},{"damage":26.0,"enemies":"3 Darklings","floor":37.0,"turns":4.0},{"damage":32.0,"enemies":"Spire Growth","floor":39.0,"turns":3.0},{"damage":128.0,"enemies":"Giant Head","floor":42.0,"turns":9.0},{"damage":7.0,"enemies":"Maw","floor":43.0,"turns":1.0},{"damage":39.0,"enemies":"4 Shapes","floor":44.0,"turns":3.0},{"damage":14.0,"enemies":"3 Darklings","floor":47.0,"turns":4.0},{"damage":4.0,"enemies":"Jaw Worm Horde","floor":48.0,"turns":3.0},{"damage":87.0,"enemies":"4 Shapes","floor":49.0,"turns":2.0},{"damage":35.0,"enemies":"SI_POISON_ARCHETYPE","floor":50.0,"turns":3.0},{"damage":7.0,"enemies":"downfall:CharBossMerchant","floor":52.0,"turns":4.0},{"damage":513,"enemies":"downfall:NeowBoss","floor":55,"turns":24}],"seed_played":"5454895237554307617","potions_obtained":[{"floor":5.0,"key":"ColorlessPotion"},{"floor":6.0,"key":"PlaceholderMod:PlaceholderPotion"},{"floor":12.0,"key":"Guardian:BlockOnCardUsePotion"},{"floor":30.0,"key":"Block Potion"},{"floor":32.0,"key":"Doom Potion"},{"floor":37.0,"key":"DistilledChaos"},{"floor":42.0,"key":"AttackPotion"}],"is_trial":false,"path_per_floor":["R","?","M","M","?","M","T","E","?","E","?","M","M","E","M","B",null,"R","M","$","?","M","M","T","R","E","?","$","M","E","$","M","B",null,"R","M","M","?","M","?","T","E","M","M","?","?","M","M","M","B",null,"E","$","R","B"],"character_chosen":"SLIMEBOUND","items_purchased":["MerchantsRug","Slimebound:DivideAndConquer","SumBook","Slimebound:MaxSlimesRelic","testmod-OneHitWonder","Chemical X","AT_ChloranthyRing","testmod-CrystalShield","testmod-Laevatain","Sling","Strange Spoon","Replay:Wax Seal","Bottled Tornado","Toy Ornithopter","Toolbox","conspire:TreasureMap","PlaceholderMod:DaolothFragment","AT_BladeRuinedKing","REME_ProfessionalPlagiarism"],"campfire_rested":0,"item_purchase_floors":[18,18,25,31,31,31,53,53,53,53,53,53,54,54,54,54,54,54,54],"current_hp_per_floor":[53,54,54,57,58,58,58,20,21,63,63,53,54,59,56,27,69,79,77,96,96,64,49,49,54,14,14,7,3,4,5,12,169,200,200,193,172,173,146,146,146,24,18,98,83,239,228,228,142,108,213,208,200,200,0,0,0],"gold":1476,"neow_bonus":"THREE_ENEMY_KILL","is_daily":false,"chose_seed":false,"campfire_upgraded":0,"win_rate":0.0,"timestamp":1611395638,"path_taken":["R","?","?","M","?","M","T","E","?","E","?","M","M","E","M","BOSS","R","M","$","?","M","?","T","R","E","?","?","M","E","$","M","BOSS","R","M","M","?","M","?","T","E","?","M","?","?","M","?","M","BOSS","E","$","R","BOSS"],"items_purchased_type":["Relic","Card","Relic","Relic","Relic","Relic","Relic","Relic","Relic","Relic","Relic","Relic","Relic","Relic","Relic","Relic","Relic","Relic","Card"],"build_version":"2020-12-22","purchased_purges":1,"victory":false,"max_hp_per_floor":[59,60,60,63,59,60,60,61,62,63,63,71,72,75,78,83,83,93,132,137,137,175,179,179,184,198,198,200,201,202,203,204,210,210,210,215,222,223,226,226,226,233,234,239,239,239,242,246,247,248,248,250,200,200,215,215,215],"relic_stats":{"Strange Spoon":[1],"counters":[34,142],"MealTicket":15,"Chemical X":[10],"obtain_stats":[{"Divine Protection":10,"Golden Egg":38,"AT_ATBox":0,"aspiration:SneckoTail":30,"downfall:HeartBlessingGreen":18,"DemoMod:GlassGuonStoneRelic":3,"ice":0,"Bottled Tornado":54,"Sling":53,"Centennial Puzzle":14,"testmod-Laevatain":53,"Strawberry":26,"MealTicket":38,"Replay:Wax Seal":53,"KeepersGift":0,"MerchantsRug":18,"conspire:TreasureMap":54,"testmod-TestBox":0,"downfall:HeartsMalice":0,"Replay:Baseball":52,"energizedSpire:NeverEndingSparkler":17,"EdensBlessing":40,"HushsDoor":0,"GodSword3":5,"ReplayTheSpireMod:DimensionalGlitch":34,"testmod-OneHitWonder":31,"GodSword1":24,"PlaceholderMod:DaolothFragment":54,"DemoMod:BigBoy":42,"SecretRecord":41,"testmod-Charity":0,"testmod-CrystalShield":53,"Slimebound:MaxSlimesRelic":31,"downfall:HeartBlessingBlue":18,"PillsDrop":0,"Toolbox":54,"Chemical X":31,"SumBook":25,"AT_ChloranthyRing":53,"HowToJump":0,"downfall:HeartBlessingRed":18,"AT_BladeRuinedKing":54,"Ring of Greed":38,"Strange Spoon":53,"Ring of Fury":38,"Slimebound:AbsorbEndCombat":0,"Bottled Lightning":8,"Toy Ornithopter":54,"REME_ComplimentaryCards":0},{"Divine Protection":6,"Golden Egg":24,"AT_ATBox":0,"aspiration:SneckoTail":19,"downfall:HeartBlessingGreen":11,"DemoMod:GlassGuonStoneRelic":1,"ice":0,"Bottled Tornado":33,"Sling":33,"Centennial Puzzle":9,"testmod-Laevatain":33,"Strawberry":16,"MealTicket":24,"Replay:Wax Seal":33,"KeepersGift":0,"MerchantsRug":11,"conspire:TreasureMap":33,"testmod-TestBox":0,"downfall:HeartsMalice":0,"Replay:Baseball":33,"energizedSpire:NeverEndingSparkler":11,"EdensBlessing":25,"HushsDoor":0,"GodSword3":3,"ReplayTheSpireMod:DimensionalGlitch":22,"testmod-OneHitWonder":20,"GodSword1":15,"PlaceholderMod:DaolothFragment":33,"DemoMod:BigBoy":26,"SecretRecord":25,"testmod-Charity":0,"testmod-CrystalShield":33,"Slimebound:MaxSlimesRelic":20,"downfall:HeartBlessingBlue":11,"PillsDrop":0,"Toolbox":33,"Chemical X":20,"SumBook":15,"AT_ChloranthyRing":33,"HowToJump":0,"downfall:HeartBlessingRed":11,"AT_BladeRuinedKing":33,"Ring of Greed":24,"Strange Spoon":33,"Ring of Fury":24,"Slimebound:AbsorbEndCombat":0,"Bottled Lightning":5,"Toy Ornithopter":33,"REME_ComplimentaryCards":0},{"Divine Protection":10,"Golden Egg":87,"AT_ATBox":0,"aspiration:SneckoTail":63,"downfall:HeartBlessingGreen":27,"DemoMod:GlassGuonStoneRelic":0,"ice":0,"Bottled Tornado":118,"Sling":118,"Centennial Puzzle":18,"testmod-Laevatain":118,"Strawberry":51,"MealTicket":87,"Replay:Wax Seal":118,"KeepersGift":0,"MerchantsRug":27,"conspire:TreasureMap":118,"testmod-TestBox":0,"downfall:HeartsMalice":0,"Replay:Baseball":118,"energizedSpire:NeverEndingSparkler":27,"EdensBlessing":90,"HushsDoor":0,"GodSword3":0,"ReplayTheSpireMod:DimensionalGlitch":78,"testmod-OneHitWonder":67,"GodSword1":47,"PlaceholderMod:DaolothFragment":118,"DemoMod:BigBoy":98,"SecretRecord":90,"testmod-Charity":0,"testmod-CrystalShield":118,"Slimebound:MaxSlimesRelic":67,"downfall:HeartBlessingBlue":27,"PillsDrop":0,"Toolbox":118,"Chemical X":67,"SumBook":47,"AT_ChloranthyRing":118,"HowToJump":0,"downfall:HeartBlessingRed":27,"AT_BladeRuinedKing":118,"Ring of Greed":87,"Strange Spoon":118,"Ring of Fury":87,"Slimebound:AbsorbEndCombat":0,"Bottled Lightning":5,"Toy Ornithopter":118,"REME_ComplimentaryCards":0}],"Toy Ornithopter":0},"card_choices":[{"not_picked":[],"picked":"EpicFetus","floor":0.0},{"not_picked":["Slimebound:ComboTackle","Slimebound:AcidTongue"],"picked":"Slimebound:RainOfGoop","floor":3.0},{"not_picked":["Slimebound:FlameTackle","Slimebound:SplitMire"],"picked":"Slimebound:Darklings","floor":4.0},{"not_picked":["Slimebound:SlimeSpikes","Slimebound:ItLooksTasty"],"picked":"Slimebound:SamplingLick","floor":5.0},{"not_picked":["Bomb","Slimebound:SlimeBarrage"],"picked":"Slimebound:FinishingTackle","floor":6.0},{"not_picked":["Slimebound:HauntingLick","Slimebound:RainOfGoop"],"picked":"Bomb","floor":8.0},{"not_picked":["Slimebound:Schlurp","Slimebound:SlimeSpikes"],"picked":"Bomb","floor":9.0},{"not_picked":["Slimebound:LivingWall","Bomb"],"picked":"Slimebound:SelfFormingGoo","floor":10.0},{"not_picked":["Slimebound:RollThrough","Slimebound:DisruptingSlam"],"picked":"Slimebound:RainOfGoop","floor":12.0},{"not_picked":["Slimebound:RollThrough","Slimebound:ViciousTackle"],"picked":"Slimebound:ServeAndProtect","floor":13.0},{"not_picked":["Slimebound:ProtectTheBoss","Slimebound:ComboTackle"],"picked":"Slimebound:Equalize","floor":14.0},{"not_picked":["Slimebound:Dissolve","Slimebound:HungryTackle"],"picked":"Slimebound:RejuvenatingLick","floor":15.0},{"not_picked":["Slimebound:SelfFormingGoo","Slimebound:DuplicatedForm"],"picked":"Slimebound:DouseInSlime","floor":16.0},{"not_picked":["Slimebound:GoopTackle","Slimebound:ProtectTheBoss"],"picked":"Slimebound:HauntingLick+1","floor":19.0},{"not_picked":["Slimebound:Nibble","Slimebound:SplitMire"],"picked":"Slimebound:Gluttony","floor":20.0},{"not_picked":["Slimebound:PressTheAttack","Slimebound:SplitLeeching"],"picked":"Slimebound:GoopTackle","floor":22.0},{"not_picked":["Slimebound:DivideAndConquer+1","Slimebound:ComboTackle"],"picked":"Slimebound:Replication","floor":23.0},{"not_picked":["Slimebound:DivideAndConquer","Slimebound:BestDefense"],"picked":"Slimebound:ComboTackle","floor":26.0},{"not_picked":["Slimebound:Prepare","Slimebound:FormOfPuddle"],"picked":"Slimebound:SlimeSlap","floor":28.0},{"not_picked":["Slimebound:RollThrough","Slimebound:ProtectTheBoss"],"picked":"Slimebound:TongueLash","floor":29.0},{"not_picked":["Slimebound:RejuvenatingLick+1","Slimebound:GoopTackle"],"picked":"Slimebound:GoopSpray+1","floor":30.0},{"not_picked":["Slimebound:Darklings","Slimebound:FinishingTackle"],"picked":"Slimebound:LevelUp","floor":31.0},{"not_picked":["Slimebound:ForwardTackle","Slimebound:RejuvenatingLick"],"picked":"Slimebound:MegaLick","floor":32.0},{"not_picked":["Slimebound:OneTwoCombo","Slimebound:PrepareCrush"],"picked":"Slimebound:Recycling","floor":33.0},{"not_picked":["Slimebound:Prepare","Slimebound:SlimeBarrage"],"picked":"Slimebound:MinionMaster","floor":36.0},{"not_picked":["Slimebound:DisruptingSlam","Slimebound:SplitMire"],"picked":"Slimebound:GoopTackle+1","floor":37.0},{"not_picked":["Slimebound:RollThrough+1","Slimebound:RainOfGoop"],"picked":"Slimebound:Schlurp+1","floor":39.0},{"not_picked":["Slimebound:Prepare+1","Slimebound:ItLooksTasty"],"picked":"Slimebound:RejuvenatingLick","floor":42.0},{"not_picked":["Slimebound:SlimeSpikes+1","Slimebound:SlimeBrawl+1"],"picked":"Slimebound:RallyTheTroops","floor":43.0},{"not_picked":["Slimebound:SamplingLick+1","Slimebound:RollThrough"],"picked":"Slimebound:LivingWall","floor":44.0},{"not_picked":["expansioncontent:HyperBeam","expansioncontent:YouAreMine"],"picked":"expansioncontent:LastStand","floor":45.0},{"not_picked":["Replay:SS_fish_1","expansioncontent:Hexaburn"],"picked":"expansioncontent:AwakenDeath","floor":45.0},{"not_picked":["Slimebound:ForwardTackle","Slimebound:LeadByExample"],"picked":"Slimebound:SamplingLick+1","floor":47.0},{"not_picked":["Slimebound:HungryTackle","Slimebound:Recollect+1"],"picked":"Slimebound:Prepare","floor":48.0},{"not_picked":["Slimebound:GoopSpray+1","Slimebound:HauntingLick"],"picked":"Slimebound:LeechEnergy","floor":49.0},{"not_picked":["Slimebound:SplitLeeching","Slimebound:SamplingLick"],"picked":"Slimebound:Gluttony","floor":52.0}],"player_experience":42646,"relics_obtained":[{"floor":5.0,"key":"GodSword3"},{"floor":8.0,"key":"Bottled Lightning"},{"floor":10.0,"key":"Divine Protection"},{"floor":14.0,"key":"Centennial Puzzle"},{"floor":24.0,"key":"GodSword1"},{"floor":26.0,"key":"Strawberry"},{"floor":30.0,"key":"aspiration:SneckoTail"},{"floor":38.0,"key":"Ring of Fury"},{"floor":38.0,"key":"Ring of Greed"},{"floor":38.0,"key":"Golden Egg"},{"floor":38.0,"key":"MealTicket"},{"floor":41.0,"key":"SecretRecord"},{"floor":42.0,"key":"DemoMod:BigBoy"},{"floor":52.0,"key":"Replay:Baseball"}],"event_choices":[{"damage_healed":0.0,"max_hp_gain":0.0,"max_hp_loss":0.0,"gold_gain":0.0,"event_name":"给自己的盒子","player_choice":"Swap Relic","floor":40.0,"relics_lost":["Ring of Greed"],"gold_loss":0.0,"damage_taken":0.0,"relics_obtained":["EdensBlessing"]}],"is_beta":false,"boss_relics":[{"not_picked":["energizedSpire:DeadBattery","testmod-CardMagician"],"picked":"energizedSpire:NeverEndingSparkler"},{"not_picked":[]},{"not_picked":["Painkiller Herb","Busted Crown"],"picked":"ReplayTheSpireMod:DimensionalGlitch"},{"not_picked":[]}],"items_purged_floors":[18],"is_endless":false,"potions_floor_spawned":[5,6,12,14,16,22,23,30,32,37,42,43,44,49,52],"killed_by":"downfall:NeowBoss","ascension_level":20}}