{"host":"928gv66myv2vlnsd","time":1611365331,"event":{"mods":["BaseMod","Minty Spire (QoL Compilation)","StSLib"],"gold_per_floor":[116,266,284,284,359,392,392,420,420,41,41,41,75,20,20,97,97,73,90,102,102,2,27,27,62,88,188,188,199,199,112,112,112,112],"floor_reached":33,"language":"ENG","playtime":1287,"items_purged":["Doubt","Shame"],"score":725,"play_id":"75d3ef43-5a19-4011-8f61-c10f8d073fc0","local_time":"20210122202851","is_ascension_mode":true,"campfire_choices":[{"data":"Inflame","floor":7,"key":"SMITH"},{"data":"Heavy Blade","floor":11,"key":"SMITH"},{"floor":15,"key":"REST"},{"floor":24,"key":"REST"},{"data":"Feel No Pain","floor":28,"key":"SMITH"},{"floor":32,"key":"REST"}],"circlet_count":0,"master_deck":["AscendersBane","Strike_R","Strike_R","Defend_R","Defend_R","Defend_R","Defend_R","Bash","Disarm","Inflame+1","Heavy Blade+1","Shockwave","Shrug It Off","Disarm","Cleave","Reaper","Feel No Pain+1","Armaments+1","Seeing Red","Shrug It Off","Sentinel","Flame Barrier+1","Reaper"],"relics":["Burning Blood","NeowsBlessing","Mummified Hand","Bag of Marbles","Anchor","Vajra","Lizard Tail","Oddly Smooth Stone","Empty Cage","Blue Candle","Potion Belt","Orichalcum","Lantern","Peace Pipe","Gremlin Horn"],"acts_visited":["Exordium","TheCity"],"potions_floor_usage":[8,27,27,33],"damage_taken":[{"damage":0,"enemies":"2 Louse","floor":1,"turns":1},{"damage":0,"enemies":"Small Slimes","floor":3,"turns":2},{"damage":0,"enemies":"Gremlin Nob","floor":6,"turns":1},{"damage":30,"enemies":"3 Sentries","floor":8,"turns":7},{"damage":27,"enemies":"Gremlin Nob","floor":13,"turns":4},{"damage":0,"enemies":"The Guardian","floor":16,"turns":11},{"damage":31,"enemies":"2 Thieves","floor":18,"turns":4},{"damage":0,"enemies":"Chosen","floor":19,"turns":5},{"damage":9,"enemies":"Snecko","floor":20,"turns":5},{"damage":86,"enemies":"Slavers","floor":23,"turns":11},{"damage":8,"enemies":"Book of Stabbing","floor":25,"turns":10},{"damage":8,"enemies":"Colosseum Slavers","floor":27,"turns":6},{"damage":20,"enemies":"Colosseum Nobs","floor":27,"turns":6},{"damage":12,"enemies":"Sentry and Sphere","floor":29,"turns":7},{"damage":152,"enemies":"Champ","floor":33,"turns":22}],"seed_played":"1216231628502218515","potions_obtained":[{"floor":1,"key":"Strength Potion"},{"floor":6,"key":"Swift Potion"},{"floor":18,"key":"GamblersBrew"},{"floor":25,"key":"FearPotion"},{"floor":27,"key":"ColorlessPotion"}],"is_trial":false,"path_per_floor":["M","?","M","?","?","E","R","E","T","$","R","?","E","$","R","B",null,"M","M","M","?","$","E","R","E","T","?","R","M","?","$","R","B"],"character_chosen":"IRONCLAD","items_purchased":["Vajra","Shrug It Off","Disarm","Cleave","Reaper"],"campfire_rested":3,"item_purchase_floors":[10,10,10,14,31],"current_hp_per_floor":[74,74,75,80,69,75,75,51,51,51,51,33,12,12,36,42,71,62,77,80,80,80,12,36,34,34,35,35,29,29,29,53,0,0],"gold":112,"neow_bonus":"THREE_ENEMY_KILL","is_daily":false,"chose_seed":false,"campfire_upgraded":3,"win_rate":0.0,"timestamp":1611365331,"path_taken":["M","?","M","?","?","E","R","E","T","$","R","?","E","$","R","BOSS","M","M","M","?","$","E","R","E","T","?","R","M","?","$","R","BOSS"],"items_purchased_type":["Relic","Card","Card","Card","Card"],"build_version":"2020-12-22","purchased_purges":2,"victory":false,"max_hp_per_floor":[75,75,75,80,80,80,80,80,80,80,80,80,80,80,80,80,80,80,80,80,80,80,80,80,80,80,80,80,80,80,80,80,80,80],"card_choices":[{"not_picked":["Entrench","Searing Blow"],"picked":"Disarm","floor":1},{"not_picked":["Iron Wave","Dropkick"],"picked":"Inflame","floor":3},{"not_picked":["Clash","Infernal Blade"],"picked":"Heavy Blade","floor":6},{"not_picked":["Intimidate","Havoc"],"picked":"Shockwave","floor":8},{"not_picked":["Blood for Blood","Searing Blow","Reckless Charge"],"picked":"SKIP","floor":13},{"not_picked":["Bludgeon","Double Tap"],"picked":"Reaper","floor":16},{"not_picked":["Flex+1","Whirlwind"],"picked":"Feel No Pain","floor":18},{"not_picked":["Rupture","Body Slam"],"picked":"Armaments+1","floor":19},{"not_picked":["Rupture","Headbutt+1"],"picked":"Seeing Red","floor":20},{"not_picked":["Wild Strike+1","Spot Weakness"],"picked":"Shrug It Off","floor":23},{"not_picked":["Rupture","Body Slam"],"picked":"Sentinel","floor":25},{"not_picked":["Evolve","Body Slam"],"picked":"Flame Barrier+1","floor":29}],"player_experience":1295606,"relics_obtained":[{"floor":6,"key":"Mummified Hand"},{"floor":8,"key":"Bag of Marbles"},{"floor":9,"key":"Anchor"},{"floor":13,"key":"Oddly Smooth Stone"},{"floor":23,"key":"Potion Belt"},{"floor":25,"key":"Orichalcum"},{"floor":26,"key":"Lantern"},{"floor":27,"key":"Peace Pipe"},{"floor":27,"key":"Gremlin Horn"}],"event_choices":[{"damage_healed":0,"gold_gain":150,"player_choice":"AGREE","damage_taken":0,"max_hp_gain":0,"max_hp_loss":0,"event_name":"Liars Game","floor":2,"gold_loss":0,"cards_obtained":["Doubt"]},{"damage_healed":0,"gold_gain":0,"player_choice":"Donut","damage_taken":0,"max_hp_gain":5,"max_hp_loss":0,"event_name":"Big Fish","floor":4,"gold_loss":0},{"damage_healed":0,"gold_gain":75,"player_choice":"Gather Gold","damage_taken":11,"max_hp_gain":0,"max_hp_loss":0,"event_name":"World of Goop","floor":5,"gold_loss":0},{"damage_healed":0,"gold_gain":0,"player_choice":"Success","damage_taken":18,"relics_obtained":["Lizard Tail"],"max_hp_gain":0,"max_hp_loss":0,"event_name":"Scrap Ooze","floor":12,"gold_loss":0},{"damage_healed":0,"gold_gain":0,"player_choice":"Stole Relic","damage_taken":0,"relics_obtained":["Blue Candle"],"max_hp_gain":0,"max_hp_loss":0,"event_name":"Addict","floor":21,"gold_loss":0,"cards_obtained":["Shame"]},{"damage_healed":0,"gold_gain":0,"player_choice":"Fight","damage_taken":0,"max_hp_gain":0,"max_hp_loss":0,"event_name":"Colosseum","floor":27,"gold_loss":0},{"damage_healed":0,"gold_gain":0,"player_choice":"Fought Nobs","damage_taken":0,"max_hp_gain":0,"max_hp_loss":0,"event_name":"Colosseum","floor":27,"gold_loss":0},{"cards_removed":["Strike_R"],"damage_healed":0,"gold_gain":0,"player_choice":"Purged","damage_taken":0,"max_hp_gain":0,"max_hp_loss":0,"event_name":"Purifier","floor":30,"gold_loss":0}],"is_beta":false,"boss_relics":[{"not_picked":["Black Blood","Fusion Hammer"],"picked":"Empty Cage"}],"items_purged_floors":[10,22],"is_endless":false,"potions_floor_spawned":[1,6,18,25,27,27],"killed_by":"Champ","ascension_level":19}}