{"host":"f9ztaq6figs4snwj","time":1611408517,"event":{"mods":["BaseMod","Bestiary","Colored Map","Colored Powertips","Curses Come First","DeckTracker","Minty Spire (QoL Compilation)","Quick Restart","StSLib"],"gold_per_floor":[116,116,191,10,25,25,59,59,85,103,103,121,21,43,43,139,139,112,132,150,7,26,26,36,46,46,59,159,159,159,170,170,272,272,284,298,298,312,31,31,42,42,42,42,42,42,42],"floor_reached":46,"language":"ENG","playtime":3758,"items_purged":["Strike_G","Strike_G","Endless Agony"],"score":536,"play_id":"5abb59ad-4abe-4cb3-aeb1-2f951cd2febb","local_time":"20210123142837","is_ascension_mode":true,"campfire_choices":[{"data":"Endless Agony","floor":6.0,"key":"SMITH"},{"floor":8.0,"key":"REST"},{"floor":15.0,"key":"REST"},{"data":"Noxious Fumes","floor":23,"key":"SMITH"},{"floor":30,"key":"REST"},{"data":"Noxious Fumes","floor":32,"key":"SMITH"},{"floor":40,"key":"REST"},{"floor":42,"key":"RECALL"}],"circlet_count":0,"master_deck":["Survivor","Neutralize","Dagger Throw","Blur","Endless Agony+1","Expertise","Backflip","After Image","Bullet Time+1","Tools of the Trade+1","After Image+1","Backflip","Noxious Fumes+1","Blur","Footwork+1","RitualDagger","Noxious Fumes+1","Envenom","Finisher","Predator","Corpse Explosion","Bouncing Flask","A Thousand Cuts","Reflex","After Image"],"relics":["Ring of the Snake","Bag of Preparation","Kunai","Art of War","Odd Mushroom","Astrolabe","Tingsha","Gremlin Horn","Pandora\u0027s Box","Oddly Smooth Stone","Turnip"],"acts_visited":["Exordium","TheCity","TheBeyond"],"potions_floor_usage":[28,28,33,36,46,46,46],"damage_taken":[{"damage":0.0,"enemies":"Cultist","floor":1.0,"turns":3.0},{"damage":0.0,"enemies":"Jaw Worm","floor":5.0,"turns":5.0},{"damage":56.0,"enemies":"3 Sentries","floor":7.0,"turns":13.0},{"damage":0.0,"enemies":"Small Slimes","floor":10.0,"turns":3.0},{"damage":7.0,"enemies":"Exordium Thugs","floor":12.0,"turns":7.0},{"damage":41.0,"enemies":"The Mushroom Lair","floor":14.0,"turns":8.0},{"damage":34.0,"enemies":"The Guardian","floor":16.0,"turns":17.0},{"damage":6.0,"enemies":"2 Thieves","floor":18.0,"turns":5.0},{"damage":0.0,"enemies":"3 Byrds","floor":19.0,"turns":8.0},{"damage":2.0,"enemies":"Shelled Parasite and Fungi","floor":20.0,"turns":14.0},{"damage":6,"enemies":"Snecko","floor":22,"turns":10},{"damage":0,"enemies":"3 Cultists","floor":24,"turns":6},{"damage":0,"enemies":"Cultist and Chosen","floor":25,"turns":10},{"damage":0,"enemies":"Snecko","floor":27,"turns":8},{"damage":0,"enemies":"Colosseum Slavers","floor":28,"turns":5},{"damage":28,"enemies":"Colosseum Nobs","floor":28,"turns":9},{"damage":0,"enemies":"Snake Plant","floor":31,"turns":6},{"damage":14,"enemies":"Collector","floor":33,"turns":11},{"damage":16,"enemies":"Orb Walker","floor":35,"turns":4},{"damage":27,"enemies":"3 Darklings","floor":36,"turns":5},{"damage":20,"enemies":"Spire Growth","floor":38,"turns":8},{"damage":5,"enemies":"Writhing Mass","floor":41,"turns":5},{"damage":36,"enemies":"Transient","floor":46,"turns":4}],"seed_played":"793079967697589110","potions_obtained":[{"floor":1.0,"key":"Regen Potion"},{"floor":7.0,"key":"SneckoOil"},{"floor":10.0,"key":"Dexterity Potion"},{"floor":18.0,"key":"AttackPotion"},{"floor":24,"key":"AttackPotion"},{"floor":27,"key":"SteroidPotion"},{"floor":31,"key":"Swift Potion"},{"floor":33,"key":"Fire Potion"},{"floor":35,"key":"Block Potion"},{"floor":36,"key":"Fire Potion"}],"is_trial":false,"path_per_floor":["M","?","?","$","M","R","E","R","T","M","?","M","$","?","R","B",null,"M","M","M","$","M","R","M","M","T","M","?","?","R","M","R","B",null,"M","M","?","M","$","R","M","R","T","?","?","M"],"character_chosen":"THE_SILENT","items_purchased":["Blur","Endless Agony","Endless Agony","Noxious Fumes","Oddly Smooth Stone"],"campfire_rested":4,"item_purchase_floors":[4,4,21,21,39],"current_hp_per_floor":[70,70,63,63,63,63,20,41,41,41,64,57,57,16,37,3,70,64,64,62,62,56,56,56,56,56,56,28,22,43,43,43,29,70,54,27,27,7,7,26,21,21,21,21,21,0,0],"gold":42,"neow_bonus":"RANDOM_COMMON_RELIC","is_daily":false,"chose_seed":false,"campfire_upgraded":3,"win_rate":0.0,"timestamp":1611408517,"path_taken":["M","?","?","$","M","R","E","R","T","?","?","M","?","?","R","BOSS","M","M","M","$","M","R","M","M","T","M","?","?","R","M","R","BOSS","M","M","?","M","$","R","M","R","T","?","?","M"],"items_purchased_type":["Card","Card","Card","Card","Relic"],"build_version":"2020-12-22","purchased_purges":3,"victory":false,"max_hp_per_floor":[70,70,70,70,70,70,70,70,70,70,70,70,70,70,70,70,70,70,70,70,70,70,70,70,70,70,70,70,70,70,70,70,70,70,70,70,66,66,66,66,66,66,66,66,63,63,63],"card_choices":[{"not_picked":["Terror","Choke"],"picked":"Dagger Throw","floor":1.0},{"not_picked":["Escape Plan","Deadly Poison"],"picked":"Expertise","floor":5.0},{"not_picked":["Underhanded Strike","Dagger Spray"],"picked":"Backflip","floor":7.0},{"not_picked":["Cloak And Dagger","Backstab","Distraction"],"picked":"SKIP","floor":10.0},{"not_picked":["Sucker Punch","Flying Knee","Blade Dance"],"picked":"SKIP","floor":12.0},{"not_picked":["Acrobatics","Eviscerate"],"picked":"Endless Agony","floor":14.0},{"not_picked":["Envenom","Doppelganger"],"picked":"After Image","floor":16.0},{"not_picked":["Flechettes","Quick Slash","Accuracy"],"picked":"SKIP","floor":18.0},{"not_picked":["Blur","Cloak And Dagger+1"],"picked":"Backflip","floor":19.0},{"not_picked":["Dodge and Roll","Flying Knee","Dagger Spray"],"picked":"SKIP","floor":20.0},{"not_picked":["Escape Plan","Backstab","Bane"],"picked":"SKIP","floor":22},{"not_picked":["Quick Slash","Bouncing Flask"],"picked":"Blur","floor":24},{"not_picked":["Blade Dance","Slice"],"picked":"Footwork+1","floor":25},{"not_picked":["Malaise","Expertise","Sucker Punch"],"picked":"SKIP","floor":27},{"not_picked":["Deflect+1","Dagger Throw"],"picked":"Noxious Fumes","floor":31},{"not_picked":["Wraith Form v2","Malaise"],"picked":"Envenom","floor":33},{"not_picked":["Deflect","Outmaneuver"],"picked":"Reflex","floor":35},{"not_picked":["Bane","Dagger Throw","Crippling Poison"],"picked":"SKIP","floor":36},{"not_picked":["Slice","Cloak And Dagger+1","Poisoned Stab+1"],"picked":"SKIP","floor":38},{"not_picked":["Prepared+1","Sucker Punch"],"picked":"After Image","floor":41}],"player_experience":389039,"relics_obtained":[{"floor":7.0,"key":"Kunai"},{"floor":9.0,"key":"Art of War"},{"floor":14.0,"key":"Odd Mushroom"},{"floor":28,"key":"Tingsha"},{"floor":28,"key":"Gremlin Horn"},{"floor":43,"key":"Turnip"}],"event_choices":[{"damage_healed":0.0,"max_hp_gain":0.0,"max_hp_loss":0.0,"gold_gain":0.0,"event_name":"The Cleric","player_choice":"Leave","floor":2.0,"gold_loss":0.0,"damage_taken":0.0},{"damage_healed":0.0,"max_hp_gain":0.0,"max_hp_loss":0.0,"gold_gain":75.0,"event_name":"FaceTrader","player_choice":"Touch","floor":3.0,"gold_loss":0.0,"damage_taken":7.0},{"damage_healed":23.0,"max_hp_gain":0.0,"max_hp_loss":0.0,"gold_gain":0.0,"event_name":"Big Fish","player_choice":"Banana","floor":11.0,"gold_loss":0.0,"damage_taken":0.0},{"damage_healed":0.0,"max_hp_gain":0.0,"max_hp_loss":0.0,"gold_gain":0.0,"event_name":"Mushrooms","player_choice":"Fought Mushrooms","floor":14.0,"gold_loss":0.0,"damage_taken":0.0},{"damage_healed":0,"gold_gain":0,"player_choice":"Fight","damage_taken":0,"max_hp_gain":0,"max_hp_loss":0,"event_name":"Colosseum","floor":28,"gold_loss":0},{"damage_healed":0,"gold_gain":0,"player_choice":"Fought Nobs","damage_taken":0,"max_hp_gain":0,"max_hp_loss":0,"event_name":"Colosseum","floor":28,"gold_loss":0},{"damage_healed":0,"gold_gain":0,"player_choice":"Joined the Cult","damage_taken":6,"max_hp_gain":0,"max_hp_loss":0,"event_name":"Nest","floor":29,"gold_loss":0,"cards_obtained":["RitualDagger"]},{"damage_healed":0,"gold_gain":0,"player_choice":"Max HP","damage_taken":0,"max_hp_gain":0,"max_hp_loss":4,"event_name":"Winding Halls","floor":37,"gold_loss":0},{"cards_removed":["Endless Agony"],"damage_healed":0,"gold_gain":0,"player_choice":"Removed Attack","damage_taken":0,"max_hp_gain":0,"max_hp_loss":0,"event_name":"Falling","floor":44,"gold_loss":0},{"cards_removed":["Parasite"],"damage_healed":0,"gold_gain":0,"player_choice":"Purged","damage_taken":0,"max_hp_gain":0,"max_hp_loss":0,"event_name":"Purifier","floor":45,"gold_loss":0}],"is_beta":false,"boss_relics":[{"not_picked":["Fusion Hammer","HoveringKite"],"picked":"Astrolabe"},{"not_picked":["Runic Pyramid","Busted Crown"],"picked":"Pandora\u0027s Box"}],"items_purged_floors":[4,13,39],"is_endless":false,"potions_floor_spawned":[1,7,10,18,24,27,31,33,35,36],"killed_by":"Transient","ascension_level":4}}