{"host":"8leyeoghtk7ha4z2","time":1611371809,"event":{"mods":["BaseMod","Colored Map","Downfall","Minty Spire (QoL Compilation)","StSLib"],"gold_per_floor":[99,113,113,18,31,31,58,58,58,58,58,58],"floor_reached":10,"language":"ENG","playtime":749,"items_purged":[],"score":54,"play_id":"53aba766-ae9a-4796-aa99-5d0e9f2356e7","local_time":"20210122221649","is_ascension_mode":false,"campfire_choices":[{"data":"hexamod:Float","floor":1,"key":"SMITH"},{"floor":6,"key":"REST"},{"data":"hexamod:SoulSteal","floor":8,"key":"SMITH"}],"circlet_count":0,"master_deck":["hexamod:Strike","hexamod:Strike","hexamod:Strike","hexamod:Defend","hexamod:Defend","hexamod:Defend","hexamod:Defend","hexamod:Sear","hexamod:Float+1","hexamod:BurningTouch","hexamod:SoulSteal+1","hexamod:TurnItUp","hexamod:SoulSteal+1"],"relics":["hexamod:SpiritBrand","Dream Catcher"],"acts_visited":["Exordium"],"potions_floor_usage":[],"damage_taken":[{"damage":0,"enemies":"Small Slimes","floor":2,"turns":4},{"damage":0,"enemies":"downfall:FleeingMerchant","floor":4,"turns":4},{"damage":18,"enemies":"Cultist","floor":5,"turns":5},{"damage":96,"enemies":"Gremlin Nob","floor":10,"turns":5}],"seed_played":"-7980216276760480159","potions_obtained":[],"is_trial":false,"path_per_floor":["R","M","?","$","M","R","T","R","?","E"],"character_chosen":"THE_SPIRIT","items_purchased":["hexamod:TurnItUp"],"campfire_rested":1,"item_purchase_floors":[4],"current_hp_per_floor":[77,77,77,77,59,77,77,77,77,0,0,0],"gold":58,"neow_bonus":"TEN_PERCENT_HP_BONUS","is_daily":false,"chose_seed":false,"campfire_upgraded":2,"win_rate":0.0,"timestamp":1611371809,"path_taken":["R","M","?","$","M","R","T","R","?","E"],"items_purchased_type":["Card"],"build_version":"2020-12-22","purchased_purges":0,"victory":false,"max_hp_per_floor":[77,77,77,77,77,77,77,77,77,77,77,77],"card_choices":[{"not_picked":["hexamod:CatchUp","hexamod:NightmareGuise"],"picked":"hexamod:BurningTouch","floor":2},{"not_picked":["hexamod:AdvancingGuard","hexamod:Hexaguard"],"picked":"hexamod:SoulSteal","floor":4},{"not_picked":["hexamod:HeatShield","hexamod:Firestarter","hexamod:HauntingEcho"],"picked":"SKIP","floor":5}],"player_experience":144682,"relics_obtained":[{"floor":7,"key":"Dream Catcher"}],"event_choices":[{"cards_removed":["hexamod:Strike"],"damage_healed":0,"gold_gain":0,"player_choice":"Card Removal","damage_taken":0,"max_hp_gain":0,"max_hp_loss":0,"event_name":"The Cleric","floor":3,"gold_loss":0}],"is_beta":false,"boss_relics":[],"items_purged_floors":[],"is_endless":false,"potions_floor_spawned":[],"killed_by":"Gremlin Nob","ascension_level":0}}