{"host":"xkfvvb2eqyo6l3km","time":1611446199,"event":{"mods":["AchievementEnabler","AlwaysNeverKeys","BaseMod","Better Third Choice","BetterRewards","Block Reminder","Card Forge","Colored Map","Colored Powertips","DeckTracker","Energized Spire","Force Act Four","Hubris","Jorbs\u0027s Wanderer Trilogy","Minty Spire (QoL Compilation)","Permanent Neow","Quick Restart","Replay The Spire","Spicy Shops","StSLib","The Blackbeard","The Blue Laboratory","The Cursed","The Disciple","The Hierophant","The Necromancer","The Sage","The Valiant","vexMod"],"gold_per_floor":[109,284,284,299,574,45,62,62,89,105,122,140,175,187,187,287,287,307,26,26,44,44,73,87,87,111,146,146,195,215,215,215],"floor_reached":31,"language":"ENG","playtime":1821,"items_purged":["Defend_W","Strike_W"],"score":297,"play_id":"d8ef9cd0-1ebf-4032-b0c7-4c28653a92f8","local_time":"20210123215639","is_ascension_mode":false,"campfire_choices":[{"data":"Bone_Spikes","floor":8.0,"key":"SMITH"},{"data":"Bones_to_Steel","floor":15.0,"key":"SMITH"},{"floor":25,"key":"REST"}],"circlet_count":0,"master_deck":["Strike_W+1","Strike_W+1","Defend_W","Defend_W","Defend_W","Negative_Energy_Arrows","Bone_Wall","Bone_Armory","Bone_Spikes+1","Negative_Energy_Javelin","Bone_Bullets","Spectral_Walk","Negative_Energy_Javelin","Scare","Whirlwind_of_Bones","Bones_to_Steel+1","Bone_Spikes+1","Consume_Illness","Negative_Energy_Sphere","Thousand_Bone_Knives"],"relics":["Vampire_Amulet","Hammer of Thor","Seething Fire","Anvil of the Gods","Incense Burner","Replay:Towering Pillar of Hats","Singing Bowl","hubris:OldNail","Medical Kit","MealTicket","hubris:TenFootPole","Calipers","hubris:HollowSoul","Membership Card","Lantern","hubris:Icosahedron","Ginger","Toy Ornithopter","Whetstone","Pet Ghost"],"acts_visited":["Exordium","TheCity"],"potions_floor_usage":[29,29],"damage_taken":[{"damage":2.0,"enemies":"Small Slimes","floor":1.0,"turns":4.0},{"damage":1.0,"enemies":"Jaw Worm","floor":4.0,"turns":4.0},{"damage":0.0,"enemies":"2 Louse","floor":7.0,"turns":3.0},{"damage":9.0,"enemies":"Gremlin Gang","floor":10.0,"turns":5.0},{"damage":5.0,"enemies":"Lots of Slimes","floor":11.0,"turns":4.0},{"damage":2.0,"enemies":"3 Louse","floor":12.0,"turns":3.0},{"damage":16.0,"enemies":"Gremlin Nob","floor":13.0,"turns":4.0},{"damage":11.0,"enemies":"Large Slime","floor":14.0,"turns":5.0},{"damage":29.0,"enemies":"Slime Boss","floor":16.0,"turns":11.0},{"damage":14.0,"enemies":"2 Thieves","floor":18.0,"turns":5.0},{"damage":17.0,"enemies":"3 Byrds","floor":21.0,"turns":6.0},{"damage":24.0,"enemies":"Replay:Snechameleon","floor":23.0,"turns":8.0},{"damage":23.0,"enemies":"Snake Plant","floor":24.0,"turns":6.0},{"damage":25,"enemies":"Gremlin Leader","floor":27,"turns":10},{"damage":32,"enemies":"Slavers","floor":29,"turns":7},{"damage":35,"enemies":"Shelled Parasite and Fungi","floor":30,"turns":10},{"damage":19,"enemies":"3 Cultists","floor":31,"turns":3}],"seed_played":"922524606271709626","potions_obtained":[{"floor":4.0,"key":"ColorlessPotion"},{"floor":7.0,"key":"SteroidPotion"},{"floor":11.0,"key":"Milkshake"},{"floor":14.0,"key":"Energy Potion"},{"floor":18.0,"key":"blueLaboratory:ExaltedPotion"},{"floor":23.0,"key":"Fire Potion"}],"is_trial":false,"path_per_floor":["M","?","?","M","?","$","M","R","T","M","M","M","E","M","R","B",null,"M","$","?","M","$","E","M","R","T","E","?","E","M","M"],"character_chosen":"NECROMANCER","items_purchased":["Bone_Armory","Replay:Towering Pillar of Hats","Singing Bowl","hubris:OldNail","Medical Kit","MealTicket","Membership Card","Lantern"],"campfire_rested":1,"item_purchase_floors":[0,0,0,6,6,6,19,19],"current_hp_per_floor":[42,42,42,43,43,43,47,47,47,46,51,55,41,34,34,15,77,65,77,77,66,77,55,34,57,57,48,48,34,8,0,0],"gold":215,"neow_bonus":"","is_daily":false,"chose_seed":false,"campfire_upgraded":2,"win_rate":0.0,"timestamp":1611446199,"path_taken":["M","?","?","M","?","$","M","R","T","M","?","M","E","M","R","BOSS","M","?","?","M","$","E","M","R","T","E","?","E","M","?"],"items_purchased_type":["Card","Relic","Relic","Relic","Relic","Relic","Relic","Relic"],"build_version":"2020-12-22","purchased_purges":2,"victory":false,"max_hp_per_floor":[75,75,75,75,75,75,75,75,75,75,75,75,75,75,75,77,77,77,77,77,77,77,77,77,77,77,79,79,81,83,83,83],"card_choices":[{"not_picked":["Stop_Heart","Summon_Undead_Army"],"picked":"Bone_Spikes","floor":1.0},{"not_picked":["Life_Tap","Blood_Whip"],"picked":"Negative_Energy_Javelin","floor":4.0},{"not_picked":["Slay_Living","Consume_Illness"],"picked":"Bone_Bullets","floor":7.0},{"not_picked":["Vampiric_Strike","Death_Knell"],"picked":"Spectral_Walk","floor":10.0},{"not_picked":["Bone_Armor","Summon_Undead"],"picked":"Negative_Energy_Javelin","floor":11.0},{"not_picked":["Summon_Lich","Consume_Illness"],"picked":"Scare","floor":12.0},{"not_picked":["Summon_Undead","Consume_Illness"],"picked":"Whirlwind_of_Bones","floor":13.0},{"not_picked":["Scare","Death_Knell"],"picked":"Bones_to_Steel","floor":14.0},{"not_picked":["Blood_Wake","Summon_Vampire_Lady","Hellfire"],"picked":"Singing Bowl","floor":16.0},{"not_picked":["Toxic_Smoke_Screen","Plague_Bolt"],"picked":"Bone_Spikes+1","floor":18.0},{"not_picked":["Blood_Shield","Blood_Whip+1"],"picked":"Consume_Illness","floor":21.0},{"not_picked":["Negative_Energy_Burst","Negative_Energy_Javelin"],"picked":"Negative_Energy_Sphere","floor":23.0},{"not_picked":["Consume_Illness+1","Bone_Armor"],"picked":"Thousand_Bone_Knives","floor":24.0},{"not_picked":["Life_Tap","Plague_Bolt+1","Blood_Wake"],"picked":"Singing Bowl","floor":27},{"not_picked":["Blood_Magic","Shackles_Of_Pain","Bone_Shift"],"picked":"Singing Bowl","floor":29},{"not_picked":["Consume_Illness","Finger_Of_Death","Stop_Heart"],"picked":"Singing Bowl","floor":30}],"player_experience":286125,"relics_obtained":[{"floor":9.0,"key":"hubris:TenFootPole"},{"floor":13.0,"key":"Calipers"},{"floor":23.0,"key":"Ginger"},{"floor":26,"key":"Toy Ornithopter"},{"floor":27,"key":"Whetstone"},{"floor":29,"key":"Pet Ghost"}],"event_choices":[{"damage_healed":0.0,"max_hp_gain":0.0,"max_hp_loss":0.0,"gold_gain":175.0,"event_name":"betterThird:BetterSerpent","player_choice":"AGREE","floor":2.0,"gold_loss":0.0,"damage_taken":109.0},{"cards_removed":["Strike_W"],"damage_healed":0.0,"max_hp_gain":0.0,"max_hp_loss":0.0,"gold_gain":0.0,"event_name":"Living Wall","player_choice":"Forget","floor":3.0,"gold_loss":0.0,"damage_taken":0.0},{"damage_healed":0.0,"max_hp_gain":0.0,"max_hp_loss":0.0,"gold_gain":275.0,"event_name":"Golden Shrine","player_choice":"Desecrate","floor":5.0,"gold_loss":0.0,"damage_taken":0.0,"cards_obtained":["Regret"]},{"damage_healed":0,"gold_gain":0,"player_choice":"Ignored","damage_taken":0,"max_hp_gain":0,"max_hp_loss":0,"event_name":"NoteForYourself","floor":28,"gold_loss":0}],"is_beta":false,"boss_relics":[{"not_picked":["vexMod:NewClearReactor","hubris:GrandSneckoEye"],"picked":"hubris:HollowSoul"}],"items_purged_floors":[6,19],"is_endless":false,"potions_floor_spawned":[4,7,11,12,14,18,23,24],"killed_by":"3 Cultists","ascension_level":0}}