{"host":"deyrtfrmqzu7hb38","time":1611374432,"event":{"mods":["Act Like it!","BaseMod","Better Note","BetterRewards","Block Reminder","Conspire","Elementarium","Evolution","Fox Events","Friendly Minions","Gold Saver","Infinite Spire","Minty Spire (QoL Compilation)","Puzzle Mod","Rare Cards Sparkle","Relic Filter","Relic Stats","Replay The Spire","Spicy Shops","StSLib","The Death Knight","The Runesmith","Treasure Hunter","Unceasing Turn Reminder","Useless Jewels Mod","Virulent Crown","Wandering Minibosses"],"gold_per_floor":[115,131,203,220,240,275,275,275,275,299,299,299,311,329,329,427,427,403,423,423,423,443,475,492,492,492,492,537,537,555,569,585,596,596,598,598],"floor_reached":35,"language":"ENG","playtime":3309,"items_purged":["Defend_R"],"score":366,"play_id":"5f86b5ed-d45b-4101-bd7c-9d9b7c51cbc0","local_time":"20210123120032","is_ascension_mode":true,"campfire_choices":[{"data":"Bash","floor":7,"key":"SMITH"},{"data":"Replay:Undeath\u0027s Touch","floor":11,"key":"SMITH"},{"floor":15,"key":"REST"},{"data":"Double Tap","floor":27,"key":"SMITH"},{"data":"ReplayTheSpireMod:Chaos Vortex","floor":29,"key":"SMITH"},{"data":"ReplayTheSpireMod:Corrosion Curse","floor":34,"key":"SMITH"}],"circlet_count":0,"master_deck":["Strike_R+1","Strike_R+1","Strike_R+1","Strike_R+1","Strike_R+1","Defend_R","Defend_R","Defend_R","Bash+1","ReplayTheSpireMod:Muscle Training","TH:CopperCoins","Twin Strike","TH:DeckOfManyThings","TH:BikiniMail","Replay:Undeath\u0027s Touch+1","TH:DeckOfManyThings","ReplayTheSpireMod:Muscle Training","ReplayTheSpireMod:Corrosion Curse+1","TH:DeckOfManyThings","Double Tap+1","Pummel","Good Instincts","ReplayTheSpireMod:Chaos Vortex+1","TH:CopperCoins","TH:BikiniMail"],"relics":["Burning Blood","EVO:Axolotl","Replay:Bottled Eggs","Quantum Egg","Sundial","Odd Mushroom","Runesmith:Nanobots","Busted Crown","infinitespire:Lychee Nut","Replay:Bronze Core","infinitespire:Lychee Nut","Bag of Preparation"],"acts_visited":["Exordium","TheCity"],"potions_floor_usage":[6,16,16,23,24,30,30,35],"damage_taken":[{"damage":6,"enemies":"Cultist","floor":1,"turns":3},{"damage":7,"enemies":"Small Slimes","floor":2,"turns":4},{"damage":2,"enemies":"2 Louse","floor":4,"turns":3},{"damage":42,"enemies":"Exordium Thugs","floor":5,"turns":6},{"damage":17,"enemies":"Gremlin Nob","floor":6,"turns":3},{"damage":21,"enemies":"The Mushroom Lair","floor":10,"turns":4},{"damage":14,"enemies":"Red Slaver","floor":13,"turns":2},{"damage":0,"enemies":"Gremlin Gang","floor":14,"turns":3},{"damage":14,"enemies":"Slime Boss","floor":16,"turns":3},{"damage":45,"enemies":"2 Thieves","floor":18,"turns":5},{"damage":33,"enemies":"Shell Parasite","floor":19,"turns":5},{"damage":9,"enemies":"Snecko","floor":22,"turns":9},{"damage":37,"enemies":"Slavers","floor":23,"turns":6},{"damage":45,"enemies":"3 Cultists","floor":24,"turns":7},{"damage":35,"enemies":"conspire:HollyBat","floor":30,"turns":9},{"damage":1,"enemies":"Centurion and Healer","floor":31,"turns":6},{"damage":9,"enemies":"3 Cultists","floor":32,"turns":5},{"damage":1,"enemies":"Snake Plant","floor":33,"turns":3},{"damage":55,"enemies":"Automaton","floor":35,"turns":6}],"seed_played":"5297459976476334897","potions_obtained":[{"floor":5,"key":"Swift Potion"},{"floor":10,"key":"Death Potion"},{"floor":13,"key":"Strength Potion"},{"floor":14,"key":"DeathKnight:RimePotion"},{"floor":16,"key":"LiquidBronze"},{"floor":19,"key":"Languid Potion"},{"floor":23,"key":"DeathKnight:RimePotion"},{"floor":32,"key":"Weak Potion"},{"floor":33,"key":"GamblersBrew"}],"is_trial":false,"path_per_floor":["M","M","T","M","M","E","R","?","T","?","R","T","M","M","R","B",null,"M","M","?","AVR","M","E","M","PTL","PTL","R","T","R","M","M","M","M","R","B"],"character_chosen":"IRONCLAD","items_purchased":[],"campfire_rested":1,"item_purchase_floors":[],"current_hp_per_floor":[88,87,87,88,52,41,41,41,41,26,26,26,18,24,50,42,88,49,22,10,10,51,36,18,18,18,18,18,18,10,35,49,49,49,0,0],"gold":598,"neow_bonus":"TEN_PERCENT_HP_BONUS","is_daily":false,"chose_seed":false,"campfire_upgraded":5,"win_rate":0.0,"timestamp":1611374432,"path_taken":["M","M","?","M","M","E","R","?","T","?","R","?","M","M","R","BOSS","M","M","?","AVR","?","E","M","PTL","PTL","R","T","R","?","M","M","M","R","BOSS"],"items_purchased_type":[],"build_version":"2020-12-22","purchased_purges":1,"victory":false,"max_hp_per_floor":[88,88,88,88,88,88,88,88,88,88,88,88,88,88,88,88,88,88,88,88,66,66,49,49,49,49,49,49,49,49,49,49,49,49,49,49],"relic_stats":{"Busted Crown":30,"counters":[19,92],"Sundial":[8],"Bag of Preparation":[10],"obtain_stats":[{"Runesmith:Nanobots":12,"Busted Crown":17,"Sundial":9,"infinitespire:Lychee Nut":21,"Quantum Egg":6,"Replay:Bronze Core":21,"Bag of Preparation":28,"EVO:Axolotl":0,"Replay:Bottled Eggs":3,"Odd Mushroom":10,"Burning Blood":0},{"Runesmith:Nanobots":6,"Busted Crown":9,"Sundial":5,"infinitespire:Lychee Nut":11,"Quantum Egg":5,"Replay:Bronze Core":11,"Bag of Preparation":14,"EVO:Axolotl":0,"Replay:Bottled Eggs":2,"Odd Mushroom":6,"Burning Blood":0},{"Runesmith:Nanobots":23,"Busted Crown":31,"Sundial":19,"infinitespire:Lychee Nut":41,"Quantum Egg":19,"Replay:Bronze Core":41,"Bag of Preparation":63,"EVO:Axolotl":0,"Replay:Bottled Eggs":7,"Odd Mushroom":23,"Burning Blood":0}],"Burning Blood":99},"card_choices":[{"not_picked":["Run Through","Clothesline","Disarm"],"picked":"SKIP","floor":1},{"not_picked":["Anger","Blood for Blood"],"picked":"ReplayTheSpireMod:Muscle Training","floor":2},{"not_picked":["TH:PixieDust"],"picked":"TH:CopperCoins","floor":3},{"not_picked":["Body Slam","ReplayTheSpireMod:Strike From Hell"],"picked":"Twin Strike","floor":4},{"not_picked":["Anger","Blood for Blood","Double Tap"],"picked":"SKIP","floor":5},{"not_picked":["TH:Mimic"],"picked":"TH:DeckOfManyThings","floor":6},{"not_picked":["Carnage","Headbutt","ReplayTheSpireMod:LeadingStrike"],"picked":"SKIP","floor":6},{"not_picked":["TH:PixieDust"],"picked":"TH:BikiniMail","floor":9},{"not_picked":["Perfected Strike","Twin Strike"],"picked":"Replay:Undeath\u0027s Touch","floor":10},{"not_picked":["TH:ElvenBoots"],"picked":"TH:DeckOfManyThings","floor":12},{"not_picked":["Warcry","Headbutt"],"picked":"ReplayTheSpireMod:Muscle Training","floor":13},{"not_picked":["Evolve","Dark Embrace"],"picked":"ReplayTheSpireMod:Corrosion Curse","floor":14},{"not_picked":["TH:TreasureMap"],"picked":"TH:DeckOfManyThings","floor":16},{"not_picked":["Offering","Corruption"],"picked":"Double Tap","floor":16},{"not_picked":[],"picked":"Pummel","floor":18},{"not_picked":["Thunderclap"],"picked":"SKIP","floor":19},{"not_picked":["Sever Soul"],"picked":"SKIP","floor":22},{"not_picked":[],"picked":"TH:CopperCoins","floor":23},{"not_picked":["conspire:Purge"],"picked":"SKIP","floor":23},{"not_picked":["Thunderclap"],"picked":"SKIP","floor":24},{"not_picked":[],"picked":"TH:BikiniMail","floor":28},{"not_picked":["Anger"],"picked":"SKIP","floor":30},{"not_picked":["Defy Death"],"picked":"SKIP","floor":31},{"not_picked":["ReplayTheSpireMod:Strike From Hell+1"],"picked":"SKIP","floor":32},{"not_picked":["Warcry"],"picked":"SKIP","floor":33}],"player_experience":408647,"relics_obtained":[{"floor":3,"key":"Replay:Bottled Eggs"},{"floor":6,"key":"Quantum Egg"},{"floor":9,"key":"Sundial"},{"floor":10,"key":"Odd Mushroom"},{"floor":12,"key":"Runesmith:Nanobots"},{"floor":23,"key":"infinitespire:Lychee Nut"},{"floor":28,"key":"Bag of Preparation"}],"event_choices":[{"damage_healed":0,"gold_gain":0,"player_choice":"Fought Mushrooms","damage_taken":0,"max_hp_gain":0,"max_hp_loss":0,"event_name":"Mushrooms","floor":10,"gold_loss":0},{"damage_healed":0,"gold_gain":0,"player_choice":"CARD ","damage_taken":12,"max_hp_gain":0,"max_hp_loss":0,"event_name":"Knowing Skull","floor":20,"potions_obtained":[],"gold_loss":0,"cards_obtained":["Good Instincts"]}],"is_beta":false,"boss_relics":[{"not_picked":["conspire:RoyalGoblet","Electric Blood"],"picked":"Busted Crown"}],"items_purged_floors":[21],"is_endless":false,"potions_floor_spawned":[5,10,13,14,16,19,23,32,33],"killed_by":"Automaton","ascension_level":2}}