{"host":"sboty77psj7t2cnn","time":1611387684,"event":{"mods":["Aspiration","BaseMod","Beaked The Cultist","Better Match","Better Vampires","ChefMod","Colored Map","Conspire","Dio Mod","Downfall","Hubris","Infinite Spire","Jorbs\u0027s Wanderer Trilogy","Minty Spire (QoL Compilation)","StSLib","The Witch"],"gold_per_floor":[99,112,123,123,0,13,60,93,113,146,165,185,185,214,229,333,333,333,349,349,274,293,306,354,374,374,388,388,399,399,425,438,534,534,534,548,567,567,567,580,629,642,660,680,680,693,693,725,736,736],"floor_reached":51,"language":"SPA","playtime":3564,"items_purged":["dioMod:Strike","dioMod:Defend"],"score":813,"play_id":"5df87b98-07ee-4a12-b554-3ced4bb2b2fb","local_time":"20210123014124","is_ascension_mode":true,"campfire_choices":[{"data":"Bite","floor":1,"key":"SMITH"},{"floor":13,"key":"REST"},{"data":"conspire:Banana","floor":18,"key":"SMITH"},{"floor":28,"key":"REST"},{"floor":30,"key":"REST"},{"data":"dioMod:GoodbyeJojo","floor":35,"key":"SMITH"}],"circlet_count":0,"master_deck":["dioMod:Strike","dioMod:Strike","dioMod:Strike","Bite+1","dioMod:Defend","dioMod:Defend","dioMod:Defend","dioMod:CutDeep","dioMod:SecretPlan+1","dioMod:Muda","conspire:Banana+1","dioMod:StreetSign","dioMod:MudaMudaMuda","dioMod:DaggerToss","dioMod:SecretPlan","dioMod:Muda","dioMod:Pluck","dioMod:DoubleTime","RitualDagger","dioMod:SecretPlan","dioMod:BloodSuck","dioMod:Pluck","infinitespire:Collect","infinitespire:Gouge","infinitespire:FutureSight","dioMod:BloodSuck","dioMod:BloodTransfusion+1","dioMod:Freeze","dioMod:GoodbyeJojo+1","dioMod:SevenPageMuda","dioMod:Hiss+1","dioMod:Muda+1","infinitespire:Fortify","infinitespire:Starlight","dioMod:BloodSuck+1","dioMod:DaggerSpree","dioMod:UltimateSacrifice","dioMod:LaserVision","dioMod:SadisticLaugh","dioMod:DaggerSpree","Parasite","dioMod:BloodSplash+1"],"relics":["dioMod:VampireBlood","hubris:OldNail","aspiration:ChemicalBlood","Blood Vial","hubris:Zylophone","conspire:RoyalGoblet","infinitespire:PuzzleCube","hubris:SlimyHat","infinitespire:CheckeredPen","hubris:VirtuousBlindfold","beaked:MawFillet","PreservedInsect","hubris:Icosahedron","infinitespire:Lychee Nut"],"acts_visited":["Exordium","TheCity","TheBeyond"],"potions_floor_usage":[6,8,10,14,14,16,16,16,16,16,16,22,22,22,23,25,25,27,31,32,33,33,33,43,49,49,49,50,50,50],"damage_taken":[{"damage":0,"enemies":"2 Louse","floor":2,"turns":2},{"damage":6,"enemies":"Cultist","floor":3,"turns":4},{"damage":0,"enemies":"downfall:FleeingMerchant","floor":5,"turns":4},{"damage":8,"enemies":"Small Slimes","floor":6,"turns":4},{"damage":42,"enemies":"Gremlin Nob","floor":8,"turns":5},{"damage":4,"enemies":"Exordium Wildlife","floor":9,"turns":4},{"damage":29,"enemies":"3 Sentries","floor":10,"turns":8},{"damage":20,"enemies":"Exordium Thugs","floor":11,"turns":4},{"damage":20,"enemies":"Red Slaver","floor":12,"turns":5},{"damage":17,"enemies":"Gremlin Nob","floor":14,"turns":4},{"damage":6,"enemies":"2 Fungi Beasts","floor":15,"turns":3},{"damage":70,"enemies":"DF_ARCHETYPE_STREAMLINE","floor":16,"turns":9},{"damage":36,"enemies":"Shell Parasite","floor":19,"turns":7},{"damage":24,"enemies":"Snecko","floor":22,"turns":5},{"damage":53,"enemies":"Sentry and Sphere","floor":23,"turns":7},{"damage":18,"enemies":"Cultist and Chosen","floor":25,"turns":6},{"damage":43,"enemies":"Snecko","floor":27,"turns":6},{"damage":35,"enemies":"Shelled Parasite and Fungi","floor":29,"turns":4},{"damage":48,"enemies":"Book of Stabbing","floor":31,"turns":5},{"damage":34,"enemies":"Snake Plant","floor":32,"turns":4},{"damage":51,"enemies":"SI_MIRROR_ARCHETYPE","floor":33,"turns":8},{"damage":22,"enemies":"Orb Walker","floor":36,"turns":3},{"damage":27,"enemies":"3 Darklings","floor":37,"turns":4},{"damage":18,"enemies":"Maw","floor":40,"turns":5},{"damage":34,"enemies":"Jaw Worm Horde","floor":42,"turns":3},{"damage":16,"enemies":"Transient","floor":43,"turns":5},{"damage":23,"enemies":"4 Shapes","floor":44,"turns":4},{"damage":35,"enemies":"Spire Growth","floor":46,"turns":3},{"damage":23,"enemies":"Giant Head","floor":48,"turns":5},{"damage":29,"enemies":"Writhing Mass","floor":49,"turns":5},{"damage":201,"enemies":"WA_ARCHETYPE_DIVINITY","floor":50,"turns":8}],"seed_played":"3405030475731940132","potions_obtained":[{"floor":2,"key":"SkillPotion"},{"floor":3,"key":"Ancient Potion"},{"floor":9,"key":"dioMod:HumanBlood"},{"floor":11,"key":"Regen Potion"},{"floor":12,"key":"SteroidPotion"},{"floor":14,"key":"ColorlessPotion"},{"floor":16,"key":"Weak Potion"},{"floor":23,"key":"Dexterity Potion"},{"floor":32,"key":"Energy Potion"},{"floor":37,"key":"Dexterity Potion"},{"floor":40,"key":"sneckomod:MuddlingPotion"},{"floor":43,"key":"DistilledChaos"},{"floor":48,"key":"Fire Potion"}],"is_trial":false,"path_per_floor":["R","M","M","?","$","M","T","E","M","E","M","M","R","E","M","B",null,"R","M","?","?","M","M","T","M","AVR","M","R","M","R","E","M","B",null,"R","M","M","AVR","?","M","T","M","M","M","?","M","?","E","M","B",null],"character_chosen":"THE_DEFAULT","items_purchased":["dioMod:Muda","conspire:Banana"],"campfire_rested":3,"item_purchase_floors":[5,5],"current_hp_per_floor":[82,82,82,82,82,83,83,48,54,47,42,31,57,54,61,8,91,91,72,66,66,58,26,26,36,36,22,60,60,100,91,84,93,137,137,128,128,128,128,142,142,133,167,166,158,187,187,140,143,22],"gold":736,"neow_bonus":"TEN_PERCENT_HP_BONUS","is_daily":false,"chose_seed":false,"campfire_upgraded":3,"win_rate":0.0,"timestamp":1611387684,"path_taken":["R","M","M","?","$","M","T","E","M","E","?","M","R","E","M","BOSS","R","M","?","?","?","M","T","M","AVR","M","R","M","R","E","M","BOSS","R","M","M","AVR","?","M","T","M","M","M","?","?","?","E","M","BOSS"],"items_purchased_type":["Card","Card"],"build_version":"2020-12-22","purchased_purges":2,"victory":true,"max_hp_per_floor":[82,82,82,82,82,83,83,84,85,86,87,88,88,89,91,91,91,91,99,99,99,107,117,117,123,123,129,129,135,135,137,137,137,137,137,147,151,151,151,165,165,165,173,173,173,187,187,140,150,164],"card_choices":[{"not_picked":["dioMod:FlyAway","dioMod:VengefulMuda"],"picked":"dioMod:CutDeep","floor":2},{"not_picked":["dioMod:Roundabout","dioMod:ComposedMuda"],"picked":"dioMod:SecretPlan","floor":3},{"not_picked":["dioMod:BlendIn","dioMod:ComposedMuda"],"picked":"dioMod:DominatingPresence","floor":5},{"not_picked":["dioMod:SadisticLaugh","dioMod:Donut"],"picked":"dioMod:StreetSign","floor":6},{"not_picked":["dioMod:SadisticLaugh","dioMod:CautiousMuda","dioMod:HeavyLifting"],"picked":"SKIP","floor":8},{"not_picked":["dioMod:FlyAway","dioMod:Roundabout"],"picked":"dioMod:MudaMudaMuda","floor":9},{"not_picked":["dioMod:DaggerSpree","dioMod:HeavyLifting"],"picked":"dioMod:DaggerToss","floor":10},{"not_picked":["dioMod:WRYYY","dioMod:BlendIn","dioMod:ComboFever"],"picked":"SKIP","floor":11},{"not_picked":["dioMod:LaserVision","dioMod:ComposedMuda"],"picked":"dioMod:SecretPlan","floor":12},{"not_picked":["dioMod:MudaMudaMuda","dioMod:StreetSign"],"picked":"dioMod:Muda","floor":14},{"not_picked":["dioMod:BlendIn","dioMod:WRYYY","dioMod:BloodShield"],"picked":"SKIP","floor":15},{"not_picked":["dioMod:Regeneration","dioMod:PathToHeaven"],"picked":"dioMod:Pluck","floor":16},{"not_picked":["dioMod:ComposedMuda","dioMod:LaserVision"],"picked":"dioMod:DoubleTime","floor":19},{"not_picked":["dioMod:DaggerSpree","dioMod:BlendIn+1"],"picked":"dioMod:SecretPlan","floor":22},{"not_picked":["dioMod:BlendIn","dioMod:DaggerToss"],"picked":"dioMod:BloodSuck","floor":23},{"not_picked":["dioMod:Roundabout+1","dioMod:DoubleTime"],"picked":"dioMod:Pluck","floor":25},{"not_picked":["dioMod:MudaMudaMuda","dioMod:TripleThreat"],"picked":"dioMod:BloodSuck","floor":27},{"not_picked":["dioMod:CoffinBath","dioMod:MudaMudaMuda+1"],"picked":"dioMod:BloodTransfusion+1","floor":29},{"not_picked":["dioMod:CautiousMuda","dioMod:Diversion"],"picked":"dioMod:Freeze","floor":31},{"not_picked":["dioMod:SecretPlan","dioMod:SadisticLaugh"],"picked":"dioMod:GoodbyeJojo","floor":32},{"not_picked":["dioMod:PhantomBlood","dioMod:UltimateSacrifice"],"picked":"dioMod:SevenPageMuda","floor":33},{"not_picked":["dioMod:ComposedMuda+1","dioMod:BloodSuck+1"],"picked":"dioMod:Hiss+1","floor":36},{"not_picked":["dioMod:SadisticLaugh","dioMod:GoodbyeJojo+1"],"picked":"dioMod:Muda+1","floor":37},{"not_picked":["dioMod:GoodbyeJojo+1","dioMod:CutDeep"],"picked":"dioMod:BloodSuck+1","floor":40},{"not_picked":["dioMod:DaggerToss+1","dioMod:DoubleTime"],"picked":"dioMod:DominatingPresence+1","floor":42},{"not_picked":["dioMod:Diversion+1","dioMod:ComposedMuda+1","dioMod:CoffinBath+1"],"picked":"SKIP","floor":43},{"not_picked":["dioMod:Diversion+1","dioMod:Roundabout"],"picked":"dioMod:DaggerSpree","floor":44},{"not_picked":["dioMod:DominatingPresence+1","dioMod:BloodShield+1"],"picked":"dioMod:SadisticLaugh","floor":46},{"not_picked":["dioMod:Donut","dioMod:BloodShield"],"picked":"dioMod:DaggerSpree","floor":48},{"not_picked":["dioMod:BloodShield+1","dioMod:LaserVision"],"picked":"dioMod:BloodSplash+1","floor":49}],"player_experience":377179,"relics_obtained":[{"floor":7,"key":"hubris:OldNail"},{"floor":8,"key":"aspiration:ChemicalBlood"},{"floor":10,"key":"Blood Vial"},{"floor":14,"key":"hubris:Zylophone"},{"floor":24,"key":"infinitespire:PuzzleCube"},{"floor":31,"key":"infinitespire:CheckeredPen"},{"floor":48,"key":"infinitespire:Lychee Nut"}],"event_choices":[{"damage_healed":0,"gold_gain":0,"player_choice":"2","damage_taken":0,"max_hp_gain":0,"max_hp_loss":0,"event_name":"betterMatch:BetterMatch","floor":21,"gold_loss":0,"cards_obtained":[]},{"damage_healed":0,"gold_gain":0,"player_choice":"Leave","damage_taken":0,"max_hp_gain":0,"max_hp_loss":0,"event_name":"conspire:Investor","floor":47,"gold_loss":0}],"is_beta":false,"boss_relics":[{"not_picked":["Runic Pyramid","SlaversCollar"],"picked":"conspire:RoyalGoblet"},{"not_picked":["hubris:HollowSoul","SacredBark"],"picked":"hubris:VirtuousBlindfold"}],"items_purged_floors":[26,38],"is_endless":false,"potions_floor_spawned":[2,3,9,11,14,16,19,22,23,36,37,48],"ascension_level":1}}