{"host":"sav7uxregyirlf69","time":1611416581,"event":{"mods":["AchievementEnabler","BaseMod","Colored Map","DeckTracker","Keyboard Shortcuts","Minty Spire (QoL Compilation)","READ ME - Guardian Mod","StSLib","SuperFastMode"],"gold_per_floor":[116,131,149,199,213,213,244,258,258,228,35,53,67,79,79,158,158,177,177,154,154,54,54,54,54],"floor_reached":24,"language":"KOR","playtime":434,"items_purged":["Strike_G","Strike_G"],"score":404,"play_id":"9a18b6c7-dbc5-446f-a5ab-7f415cb618ee","local_time":"20210124004301","is_ascension_mode":true,"campfire_choices":[{"data":"Masterful Stab","floor":6,"key":"SMITH"},{"data":"Bouncing Flask","floor":15,"key":"SMITH"},{"floor":23,"key":"REST"}],"circlet_count":0,"master_deck":["AscendersBane","Strike_G","Defend_G","Defend_G","Defend_G","Defend_G","Defend_G","Survivor","Neutralize","Masterful Stab+1","Dagger Spray","Dagger Spray","Blade Dance","Footwork","Reflex","Finisher","Bouncing Flask+1","Blur","Adrenaline","Malaise","Crippling Poison","Concentrate","Tools of the Trade"],"relics":["Ring of the Snake","NeowsBlessing","Pantograph","Empty Cage","Nloth\u0027s Gift"],"acts_visited":["Exordium","TheCity"],"potions_floor_usage":[7,12,16,24],"damage_taken":[{"damage":0,"enemies":"Jaw Worm","floor":1,"turns":1},{"damage":0,"enemies":"Cultist","floor":2,"turns":1},{"damage":0,"enemies":"2 Louse","floor":3,"turns":1},{"damage":11,"enemies":"Red Slaver","floor":5,"turns":4},{"damage":39,"enemies":"Gremlin Nob","floor":7,"turns":4},{"damage":2,"enemies":"2 Fungi Beasts","floor":8,"turns":3},{"damage":19,"enemies":"Exordium Thugs","floor":10,"turns":4},{"damage":0,"enemies":"Blue Slaver","floor":12,"turns":2},{"damage":0,"enemies":"Red Slaver","floor":13,"turns":3},{"damage":0,"enemies":"2 Fungi Beasts","floor":14,"turns":4},{"damage":22,"enemies":"The Guardian","floor":16,"turns":11},{"damage":4,"enemies":"Spheric Guardian","floor":18,"turns":3},{"damage":34,"enemies":"2 Thieves","floor":20,"turns":5},{"damage":45,"enemies":"Book of Stabbing","floor":24,"turns":6}],"seed_played":"-4721052404117885802","potions_obtained":[{"floor":1,"key":"Regen Potion"},{"floor":10,"key":"GhostInAJar"},{"floor":12,"key":"ColorlessPotion"},{"floor":13,"key":"SpeedPotion"},{"floor":16,"key":"LiquidMemories"}],"is_trial":false,"path_per_floor":["M","M","M","?","M","R","E","M","T","M","$","M","M","M","R","B",null,"M","?","M","?","$","R","E"],"character_chosen":"THE_SILENT","items_purchased":["Bouncing Flask","DistilledChaos"],"campfire_rested":1,"item_purchase_floors":[11,11],"current_hp_per_floor":[59,59,59,59,48,48,31,29,29,10,10,10,10,10,10,13,60,56,56,22,22,22,44,0,0],"gold":54,"neow_bonus":"THREE_ENEMY_KILL","is_daily":false,"chose_seed":false,"campfire_upgraded":2,"win_rate":0.0,"timestamp":1611416581,"path_taken":["M","M","M","?","M","R","E","M","T","?","$","M","M","?","R","BOSS","M","?","?","?","?","R","E"],"items_purchased_type":["Card","Potion"],"build_version":"2020-12-22","purchased_purges":2,"victory":false,"max_hp_per_floor":[66,66,66,66,66,66,76,76,76,76,76,76,76,76,76,76,76,76,76,76,76,76,76,76,76],"card_choices":[{"not_picked":["Well Laid Plans","Dagger Throw"],"picked":"Masterful Stab","floor":1},{"not_picked":["Flying Knee","Dagger Throw"],"picked":"Dagger Spray","floor":2},{"not_picked":["Underhanded Strike","Infinite Blades"],"picked":"Dagger Spray","floor":3},{"not_picked":["Outmaneuver","Dagger Spray"],"picked":"Blade Dance","floor":5},{"not_picked":["A Thousand Cuts","Poisoned Stab"],"picked":"Footwork","floor":7},{"not_picked":["Skewer","Acrobatics"],"picked":"Reflex","floor":8},{"not_picked":["Prepared","Slice"],"picked":"Finisher","floor":10},{"not_picked":["Bane","Flying Knee"],"picked":"Blur","floor":12},{"not_picked":["Outmaneuver","Reflex"],"picked":"Adrenaline","floor":13},{"not_picked":["Blade Dance","Quick Slash","Blur"],"picked":"SKIP","floor":14},{"not_picked":["Unload","Die Die Die"],"picked":"Malaise","floor":16},{"not_picked":["Deflect","Quick Slash"],"picked":"Crippling Poison","floor":18},{"not_picked":["Malaise","Acrobatics"],"picked":"Concentrate","floor":20}],"player_experience":1366624,"relics_obtained":[{"floor":7,"key":"Pear"},{"floor":9,"key":"Pantograph"}],"event_choices":[{"damage_healed":0,"gold_gain":50,"player_choice":"Pray","damage_taken":0,"max_hp_gain":0,"max_hp_loss":0,"event_name":"Golden Shrine","floor":4,"gold_loss":0},{"damage_healed":0,"gold_gain":0,"player_choice":"Traded Relic","damage_taken":0,"relics_obtained":["Nloth\u0027s Gift"],"max_hp_gain":0,"max_hp_loss":0,"event_name":"N\u0027loth","floor":19,"relics_lost":["Pear"],"gold_loss":0},{"damage_healed":0,"gold_gain":0,"player_choice":"1 cards matched","damage_taken":0,"max_hp_gain":0,"max_hp_loss":0,"event_name":"Match and Keep!","floor":21,"gold_loss":0,"cards_obtained":["Tools of the Trade"]}],"is_beta":false,"boss_relics":[{"not_picked":["HoveringKite","Philosopher\u0027s Stone"],"picked":"Empty Cage"}],"items_purged_floors":[11,22],"is_endless":false,"potions_floor_spawned":[1,10,12,13,16,20],"killed_by":"Book of Stabbing","ascension_level":20}}