{"host":"clf2hd4adhiiw0zf","time":1611391021,"event":{"mods":["AchievementEnabler","BaseMod","Beaked The Cultist","Bestiary","Dark Map","Downfall","Gremlin Mod","Hermit","Jorbs\u0027s Wanderer Trilogy","Marisa????????","Minty Spire (QoL Compilation)","Shop Mod","StSLib","The Cursed","The Servant 0.9.4","UnlockEverythingMod"],"gold_per_floor":[0,0,13,13,13,29,29,29,64,64,92,106,6,20,31,131,131,31,31,50,50,35,35,35,35,35,20,20,55,55,81,100,197,197,197,211,227,227,241,255,255,155,155,80,80,112,112,125,142,142,142,170,20,20,20,20],"floor_reached":57,"language":"ENG","playtime":3223,"items_purged":["downfall:Aged"],"score":1068,"play_id":"7ea21994-5f4d-4c54-b84a-4fd649f2258b","local_time":"20210123013701","is_ascension_mode":true,"campfire_choices":[{"floor":1.0,"key":"RECALL"},{"data":"Shame","floor":8.0,"key":"PURGE"},{"data":"stsjorbsmod:Procrastination","floor":10.0,"key":"PURGE"},{"data":"Guardian:TwinSlam","floor":13.0,"key":"SMITH"},{"data":"Guardian:CompilePackage","floor":18.0,"key":"SMITH"},{"data":"Guardian:HyperBeam_Guardian","floor":23.0,"key":"SMITH"},{"data":"Regret","floor":26.0,"key":"PURGE"},{"floor":30.0,"key":"DIG"},{"floor":35.0,"key":"DIG"},{"data":"Wraith","floor":42.0,"key":"PURGE"},{"data":"Guardian:BodySlam","floor":45.0,"key":"SMITH"},{"floor":54.0,"key":"REST"}],"circlet_count":0,"master_deck":["Guardian:Strike_Guardian","Guardian:Strike_Guardian","Guardian:Strike_Guardian","Guardian:Defend_Guardian","Guardian:Defend_Guardian","Guardian:Defend_Guardian","Guardian:Defend_Guardian","Guardian:CurlUp","Guardian:TwinSlam+1","Guardian:ShieldCharger","Guardian:VentSteam","Guardian:BodySlam+1","Guardian:ArmoredProtocol","Guardian:Recover","Guardian:HyperBeam_Guardian+1","Guardian:BronzeOrb","Guardian:CompilePackage+1","CurseOfTheBell","Guardian:StasisStrike","Guardian:RollAttack","RitualDagger+1","TheCursedMod:Dregs","Guardian:MultiBeam+1","Guardian:DonusPower","Guardian:SphericShield","Guardian:DonusPower","Guardian:BaubleBeam","Guardian:Orbwalk+1","stsjorbsmod:Procrastination","Writhe","Guardian:BodySlam"],"relics":["Guardian:ModeShifter","Peace Pipe","downfall:ExtraCursedKey","Kunai","Toy Ornithopter","Pen Nib","downfall:HeartBlessingGreen","Calling Bell","Gremlin Horn","Incense Burner","downfall:HeartBlessingRed","PreservedInsect","downfall:RedIOU","Shovel","Bronze Scales","Bag of Preparation","Nunchaku","downfall:HeartBlessingBlue","Guardian:StasisEgg","Guardian:StasisCodex","Ginger","Chemical X"],"acts_visited":["Exordium","TheCity","TheBeyond","TheEnding"],"potions_floor_usage":[56],"damage_taken":[{"damage":6.0,"enemies":"Jaw Worm","floor":3.0,"turns":5.0},{"damage":2.0,"enemies":"2 Louse","floor":6.0,"turns":4.0},{"damage":20.0,"enemies":"Gremlin Nob","floor":9.0,"turns":6.0},{"damage":12.0,"enemies":"Lagavulin","floor":11.0,"turns":8.0},{"damage":0.0,"enemies":"Small Slimes","floor":12.0,"turns":4.0},{"damage":0.0,"enemies":"Gremlin Gang","floor":14.0,"turns":5.0},{"damage":0.0,"enemies":"2 Fungi Beasts","floor":15.0,"turns":1.0},{"damage":7.0,"enemies":"DF_ARCHETYPE_STREAMLINE","floor":16.0,"turns":6.0},{"damage":0.0,"enemies":"Chosen","floor":19.0,"turns":1.0},{"damage":9.0,"enemies":"3 Cultists","floor":20.0,"turns":4.0},{"damage":10.0,"enemies":"downfall:FleeingMerchant","floor":22.0,"turns":4.0},{"damage":0.0,"enemies":"downfall:FleeingMerchant","floor":27.0,"turns":4.0},{"damage":0.0,"enemies":"downfall:FleeingMerchant","floor":29.0,"turns":2.0},{"damage":19.0,"enemies":"Slavers","floor":31.0,"turns":3.0},{"damage":10.0,"enemies":"Sentry and Sphere","floor":32.0,"turns":3.0},{"damage":11.0,"enemies":"IC_MUSHROOM_ARCHETYPE","floor":33.0,"turns":5.0},{"damage":4.0,"enemies":"Orb Walker","floor":36.0,"turns":2.0},{"damage":3.0,"enemies":"3 Shapes","floor":37.0,"turns":2.0},{"damage":16.0,"enemies":"Spire Growth","floor":39.0,"turns":4.0},{"damage":10.0,"enemies":"Jaw Worm Horde","floor":40.0,"turns":4.0},{"damage":0.0,"enemies":"Reptomancer","floor":46.0,"turns":4.0},{"damage":0.0,"enemies":"Sphere and 2 Shapes","floor":48.0,"turns":4.0},{"damage":0.0,"enemies":"3 Darklings","floor":49.0,"turns":3.0},{"damage":14.0,"enemies":"WA_ARCHETYPE_DIVINITY","floor":50.0,"turns":7.0},{"damage":49.0,"enemies":"downfall:CharBossMerchant","floor":52.0,"turns":6.0},{"damage":0.0,"enemies":"downfall:NeowBoss","floor":55.0,"turns":6.0},{"damage":54,"enemies":"downfall:NeowBoss","floor":56,"turns":16}],"seed_played":"8632523537040927845","potions_obtained":[{"floor":6.0,"key":"bronze:BurnAndBuffPotion"},{"floor":11.0,"key":"champ:CounterPotion"},{"floor":12.0,"key":"PowerPotion"},{"floor":15.0,"key":"Fire Potion"},{"floor":21.0,"key":"CultistPotion"},{"floor":31.0,"key":"Energy Potion"},{"floor":32.0,"key":"LiquidMemories"},{"floor":33.0,"key":"FearPotion"},{"floor":37.0,"key":"Fruit Juice"},{"floor":48.0,"key":"DuplicationPotion"}],"is_trial":false,"path_per_floor":["R","?","M","?","?","M","T","R","E","R","E","M","R","M","M","B",null,"R","M","M","?","$","R","T","?","R","$","?","$","R","E","M","B",null,"R","M","M","?","M","M","T","R","?","$","R","E","?","M","M","B",null,"E","$","R","B","B",null],"character_chosen":"GUARDIAN","items_purchased":["Guardian:SphericShield","Guardian:Gem_Synthetic","Chemical X"],"campfire_rested":1,"item_purchase_floors":[29,29,53],"current_hp_per_floor":[80,80,74,74,74,72,72,72,52,52,40,40,40,40,40,38,80,80,80,71,71,61,61,61,61,61,66,66,66,66,47,37,31,80,80,76,83,83,67,57,57,67,67,67,67,67,67,67,67,58,95,46,46,74,74,25],"gold":20,"neow_bonus":"ONE_RARE_RELIC","is_daily":false,"chose_seed":false,"campfire_upgraded":4,"win_rate":0.0,"timestamp":1611391021,"path_taken":["R","?","M","?","?","M","T","R","E","R","E","M","R","M","M","BOSS","R","M","M","?","$","R","T","?","R","$","?","?","R","E","M","BOSS","R","M","?","?","M","M","T","R","?","?","R","E","?","M","M","BOSS","E","$","R","BOSS","BOSS"],"items_purchased_type":["Card","Card","Relic"],"build_version":"2020-12-22","purchased_purges":1,"victory":true,"max_hp_per_floor":[80,80,80,80,80,80,80,80,80,80,80,80,80,80,80,80,80,80,80,80,80,80,80,80,80,80,80,80,80,80,80,80,80,80,80,80,85,85,85,85,85,95,95,95,95,95,95,95,95,95,95,95,95,95,95,95],"card_choices":[{"not_picked":["Guardian:VentSteam","Guardian:Gem_Yellow"],"picked":"Guardian:ShieldCharger","floor":3.0},{"not_picked":["Guardian:PrismaticBarrier","Guardian:Suspension"],"picked":"Guardian:VentSteam","floor":6.0},{"not_picked":["Guardian:Incinerate","Guardian:SpikerProtocol"],"picked":"Guardian:BodySlam","floor":9.0},{"not_picked":["Guardian:BodySlam","Guardian:VentSteam"],"picked":"Guardian:ArmoredProtocol","floor":11.0},{"not_picked":["Guardian:TemporalShield","Guardian:Gem_Purple"],"picked":"Guardian:Recover","floor":12.0},{"not_picked":["Guardian:Gem_Cyan","Guardian:TemporalShield"],"picked":"Guardian:HyperBeam_Guardian","floor":14.0},{"not_picked":["Guardian:TimeCapacitor","Guardian:Gem_Cyan"],"picked":"Guardian:BronzeOrb","floor":15.0},{"not_picked":["Guardian:SphericShield","Guardian:RevengeProtocol"],"picked":"Guardian:CompilePackage","floor":16.0},{"not_picked":["Guardian:MultiBeam","Guardian:PiercingHide+1"],"picked":"Guardian:StasisStrike","floor":19.0},{"not_picked":["Guardian:TimeCapacitor","Guardian:PrimingBeam"],"picked":"Guardian:RollAttack","floor":20.0},{"not_picked":["Guardian:Gem_Crimson","Guardian:Planning"],"picked":"Guardian:Gem_Green","floor":22.0},{"not_picked":["Guardian:Gem_Cyan","Guardian:ChargeCore"],"picked":"Guardian:MultiBeam+1","floor":27.0},{"not_picked":["Guardian:ShieldCharger","Guardian:Suspension"],"picked":"Guardian:DonusPower","floor":29.0},{"not_picked":["Guardian:ChargeCore","Guardian:Gem_Cyan","Guardian:FloatingOrbs"],"picked":"SKIP","floor":31.0},{"not_picked":["Guardian:TemporalShield","Guardian:Gem_Yellow"],"picked":"Guardian:DonusPower","floor":32.0},{"not_picked":["Guardian:StasisStrike","Guardian:FastForward"],"picked":"Guardian:BaubleBeam","floor":33.0},{"not_picked":["Guardian:Gem_Purple","Guardian:Harden+1"],"picked":"Guardian:TemporalStrike+1","floor":36.0},{"not_picked":["Guardian:ChargeCore+1","Guardian:Planning"],"picked":"Guardian:Gem_Lightblue","floor":37.0},{"not_picked":["Guardian:Recover","Guardian:Emergency"],"picked":"Guardian:Orbwalk+1","floor":39.0},{"not_picked":["Guardian:ShieldCharger+1","Guardian:TemporalStrike+1","Guardian:ArmoredProtocol"],"picked":"SKIP","floor":40.0},{"not_picked":["Guardian:Gem_Lightblue","Guardian:TemporalStrike+1"],"picked":"Guardian:BodySlam","floor":46.0},{"not_picked":["Guardian:ChargeCore","Guardian:Suspension+1"],"picked":"Guardian:Gem_Red","floor":48.0},{"not_picked":["Guardian:GuardianWhirl","Guardian:PiercingHide","Guardian:WalkerClaw"],"picked":"SKIP","floor":49.0},{"not_picked":["Guardian:TemporalShield+1","Guardian:FierceBash"],"picked":"Guardian:Gem_Blue","floor":52.0}],"player_experience":86010,"relics_obtained":[{"floor":7.0,"key":"Kunai"},{"floor":9.0,"key":"Toy Ornithopter"},{"floor":11.0,"key":"Pen Nib"},{"floor":17.0,"key":"Bag of Marbles"},{"floor":17.0,"key":"Gremlin Horn"},{"floor":17.0,"key":"Incense Burner"},{"floor":24.0,"key":"PreservedInsect"},{"floor":30.0,"key":"Bronze Scales"},{"floor":31.0,"key":"Bag of Preparation"},{"floor":35.0,"key":"Nunchaku"},{"floor":46.0,"key":"Guardian:StasisCodex"},{"floor":52.0,"key":"Ginger"}],"event_choices":[{"damage_healed":0.0,"max_hp_gain":0.0,"max_hp_loss":0.0,"gold_gain":0.0,"event_name":"OrinTheCat","player_choice":"Ignored","floor":38.0,"gold_loss":0.0,"damage_taken":0.0},{"cards_removed":["Guardian:TemporalStrike"],"damage_healed":0.0,"max_hp_gain":0.0,"max_hp_loss":0.0,"gold_gain":0.0,"event_name":"Falling","player_choice":"Removed Attack","floor":47.0,"gold_loss":0.0,"damage_taken":0.0}],"is_beta":false,"boss_relics":[{"not_picked":["SlaversCollar","Sozu"],"picked":"Calling Bell"},{"not_picked":["Velvet Choker","Runic Dome","Coffee Dripper"]}],"items_purged_floors":[44],"is_endless":false,"potions_floor_spawned":[6,11,12,15,31,32,33,37,48],"ascension_level":1}}