{"host":"4evnc443c98ww2zl","time":1611366874,"event":{"mods":["BaseMod","Better Third Choice","Hermit","Koishi","Luminous","Minty Spire (QoL Compilation)","Remilia??????","Robot Space Explorer","StSLib","The Administrix","The Bug Knight","The Cursed","TheSwordswoman"],"gold_per_floor":[113,113,131,131,144,175,192,225,250,250,270,270,302,320,320,420,420,435,435,56,56,56,56,89,124,124,159,175,188,218,71,71,171,171,184,184,184,0,13,45,45,70,96,121,140,172,199,211,223,235,247,259,1,1],"floor_reached":55,"language":"ENG","playtime":4194,"items_purged":["TheCursedMod:CircleOfFlame"],"score":1459,"play_id":"0c72b5fa-0587-485a-ae89-f12e08e1b717","local_time":"20210122195434","daily_mods":["SealedDeck","Diverse","Colorless Cards","Heirloom","DeadlyEvents","Elite Swarm"],"is_ascension_mode":false,"campfire_choices":[{"floor":10,"key":"RECALL"},{"data":"Iron Wave","floor":12,"key":"SMITH"},{"data":"Beam Cell","floor":15,"key":"SMITH"},{"data":"Armaments","floor":23,"key":"SMITH"},{"data":"Koishi:RuptureMind","floor":32,"key":"SMITH"},{"data":"DeusExMachina","floor":41,"key":"SMITH"},{"data":"After Image","floor":49,"key":"SMITH"},{"data":"AdministrixMod:JustRewards","floor":52,"key":"SMITH"}],"circlet_count":0,"master_deck":["HollowMod:NewLittleFool","BowlingBash+1","Armaments+1","hermit:LowProfile","Cold Snap","Beam Cell+1","Deflect+1","RobotSpaceExplorer:GlueShot","ClearTheMind+1","AdministrixMod:JustRewards+1","HollowMod:SoulStrike","TheCursedMod:Stigma","Ball Lightning","Iron Wave+1","RobotSpaceExplorer:ChargingLaser","RobotSpaceExplorer:MiniDrones","hermit:RoundhouseKick","Koishi:RuptureMind+1","DeusExMachina+1","LessonLearned","Die Die Die","blazmod:BeTheBlade","Koishi:DreadfulBlow","RobotSpaceExplorer:MiniBoosters+1","Luminous:Mirror_Force_Luminous+1","Koishi:UnseenTerror+1","Madness+1","Madness+1","Chrysalis+1","After Image+1","Secret Technique+1","HollowMod:DoubleDash+1","Wish+1"],"relics":["ScarletHat","Unceasing Top","Pantograph","Meat on the Bone","HollowMod:LifeEnderRelic","Coffee Dripper","Nilry\u0027s Codex","Prayer Wheel","Turnip","Gungnir","Toxic Egg 2","Boot","Pen Nib","HollowMod:PaleOreRelic","PreservedInsect","Busted Crown","Red Mask","Bag of Marbles","Shuriken","Dream Catcher","ScarletDevilRocket","Singing Bowl","MawBank","Happy Flower"],"acts_visited":["Exordium","TheCity","TheBeyond","TheEnding"],"potions_floor_usage":[11,13,14,24,25,27,30,40,45,50,54,54,54],"damage_taken":[{"damage":0,"enemies":"Small Slimes","floor":1,"turns":1},{"damage":0,"enemies":"Jaw Worm","floor":3,"turns":2},{"damage":0,"enemies":"Cultist","floor":5,"turns":2},{"damage":21,"enemies":"HollowMod:MossKnight","floor":6,"turns":5},{"damage":2,"enemies":"2 Fungi Beasts","floor":7,"turns":3},{"damage":2,"enemies":"Gremlin Nob","floor":8,"turns":3},{"damage":0,"enemies":"3 Louse","floor":11,"turns":3},{"damage":0,"enemies":"HollowMod:MossKnight","floor":13,"turns":4},{"damage":10,"enemies":"Exordium Thugs","floor":14,"turns":2},{"damage":19,"enemies":"The Guardian","floor":16,"turns":8},{"damage":2,"enemies":"3 Byrds","floor":18,"turns":3},{"damage":17,"enemies":"Slavers","floor":24,"turns":5},{"damage":14,"enemies":"Gremlin Leader","floor":25,"turns":2},{"damage":0,"enemies":"Book of Stabbing","floor":27,"turns":3},{"damage":0,"enemies":"Snake Plant","floor":28,"turns":2},{"damage":0,"enemies":"3 Cultists","floor":29,"turns":3},{"damage":10,"enemies":"HollowMod:Nosk","floor":30,"turns":3},{"damage":0,"enemies":"Automaton","floor":33,"turns":7},{"damage":0,"enemies":"Orb Walker","floor":35,"turns":2},{"damage":0,"enemies":"3 Darklings","floor":39,"turns":2},{"damage":8,"enemies":"Giant Head","floor":40,"turns":6},{"damage":0,"enemies":"Reptomancer","floor":42,"turns":2},{"damage":0,"enemies":"Nemesis","floor":44,"turns":2},{"damage":20,"enemies":"Writhing Mass","floor":45,"turns":3},{"damage":4,"enemies":"Giant Head","floor":46,"turns":4},{"damage":10,"enemies":"Nemesis","floor":47,"turns":4},{"damage":0,"enemies":"Nemesis","floor":48,"turns":2},{"damage":35,"enemies":"Donu and Deca","floor":50,"turns":6},{"damage":58,"enemies":"The Heart","floor":54,"turns":7}],"seed_played":"8029309055538193638","potions_obtained":[{"floor":4,"key":"ColorlessPotion"},{"floor":4,"key":"SneckoOil"},{"floor":4,"key":"Explosive Potion"},{"floor":6,"key":"AttackPotion"},{"floor":13,"key":"EssenceOfSteel"},{"floor":16,"key":"FearPotion"},{"floor":25,"key":"LiquidBronze"},{"floor":29,"key":"AttackPotion"},{"floor":33,"key":"Regen Potion"},{"floor":35,"key":"LiquidBronze"},{"floor":44,"key":"Weak Potion"},{"floor":47,"key":"AttackPotion"}],"is_trial":true,"path_per_floor":["M","?","M","?","M","E","M","E","T","R","M","R","E","M","R","B",null,"M","?","$","?","$","R","E","E","T","E","M","M","E","$","R","B",null,"M","$","?","?","M","E","R","E","T","E","M","E","E","?","R","B",null,"R","$","B",null],"character_chosen":"REMILIA","items_purchased":["Prayer Wheel","PreservedInsect","PowerPotion","DistilledChaos","Happy Flower"],"campfire_rested":0,"item_purchase_floors":[20,31,53,53,53],"current_hp_per_floor":[75,60,60,60,60,39,37,35,35,35,47,47,51,41,41,47,75,73,57,57,57,57,57,40,38,38,38,38,41,44,44,44,73,75,75,75,66,66,66,75,75,75,75,75,62,64,57,63,63,46,74,74,74,31],"gold":1,"neow_bonus":"","is_daily":false,"chose_seed":false,"campfire_upgraded":7,"win_rate":0.0,"timestamp":1611366874,"path_taken":["M","?","M","?","M","E","M","E","T","R","M","R","E","M","R","BOSS","M","?","$","?","?","R","E","?","T","E","?","M","E","$","R","BOSS","M","$","?","?","?","E","R","E","T","E","M","E","?","?","R","BOSS","R","$","BOSS"],"items_purchased_type":["Relic","Relic","Potion","Potion","Relic"],"build_version":"2020-12-22","purchased_purges":1,"victory":true,"max_hp_per_floor":[75,75,75,75,75,75,75,75,75,75,75,75,75,75,75,75,75,75,75,75,75,75,75,75,75,75,75,75,75,75,75,75,75,75,75,75,75,75,75,75,75,75,75,75,75,75,77,74,74,74,74,74,74,74],"card_choices":[{"not_picked":["hermit:Showdown","BowlingBash"],"picked":"HollowMod:SoulStrike","floor":1},{"not_picked":["AdministrixMod:NewWardrobe","Gash"],"picked":"TheCursedMod:Stigma","floor":3},{"not_picked":["ScarletGensokyo","Skewer"],"picked":"Ball Lightning","floor":5},{"not_picked":["CurseOfVladTepes","TheCursedMod:ShockAndAwe","Corpse Explosion"],"picked":"SKIP","floor":6},{"not_picked":["TheCursedMod:WearCloak","Clothesline"],"picked":"Iron Wave","floor":7},{"not_picked":["HollowMod:VoidDash","QueenOfMidnight"],"picked":"RobotSpaceExplorer:ChargingLaser","floor":8},{"not_picked":["Rebound","VampirishNight"],"picked":"RobotSpaceExplorer:MiniDrones","floor":11},{"not_picked":["Koishi:SilentAndRestless","Limit Break"],"picked":"hermit:RoundhouseKick","floor":13},{"not_picked":["Koishi:CatchAndRose","HollowMod:BlackTendrils"],"picked":"TheCursedMod:CircleOfFlame","floor":14},{"not_picked":["AdministrixMod:Schism","hermit:FatalDesire"],"picked":"Koishi:RuptureMind","floor":16},{"not_picked":["HollowMod:ChannelNail+1","HollowMod:MonomonsArchive+1","TheCursedMod:FleshFromBone"],"picked":"SKIP","floor":18},{"not_picked":["Koishi:MindStellarRelief","blazmod:VisionsOfButterflies"],"picked":"DeusExMachina","floor":24},{"not_picked":["Koishi:SilentAndRestless","The Bomb+1"],"picked":"LessonLearned","floor":25},{"not_picked":["blazmod:SeismicSlash","ForecastOfChange"],"picked":"Die Die Die","floor":27},{"not_picked":["TheCursedMod:WearCloak+1","Riddle With Holes"],"picked":"blazmod:BeTheBlade","floor":28},{"not_picked":["AdministrixMod:TouchOfCinnabar+1","RobotSpaceExplorer:StarDust+1"],"picked":"Koishi:DreadfulBlow","floor":28},{"not_picked":["Dropkick+1","hermit:CursedWeapon"],"picked":"RobotSpaceExplorer:MiniBoosters+1","floor":29},{"not_picked":["Tempest+1","Koishi:SpiritedAway","Storm"],"picked":"SKIP","floor":29},{"not_picked":["hermit:Purgatory","DevaForm","Metamorphosis+1"],"picked":"SKIP","floor":30},{"not_picked":["Koishi:GrowingPain","TheCursedMod:ManaCirculation"],"picked":"Luminous:Mirror_Force_Luminous+1","floor":33},{"not_picked":[],"picked":"Koishi:UnseenTerror+1","floor":35},{"not_picked":["RobotSpaceExplorer:ImprovisedAttack+1"],"picked":"SKIP","floor":35},{"not_picked":["HollowMod:TaintedHusks+1"],"picked":"SKIP","floor":39},{"not_picked":["blazmod:SidewaySolace+1"],"picked":"SKIP","floor":39},{"not_picked":[],"picked":"Chrysalis+1","floor":40},{"not_picked":[],"picked":"After Image","floor":42},{"not_picked":[],"picked":"Secret Technique+1","floor":44},{"not_picked":[],"picked":"HollowMod:DoubleDash+1","floor":45},{"not_picked":["Barrage+1"],"picked":"SKIP","floor":45},{"not_picked":[],"picked":"Wish+1","floor":46},{"not_picked":["Luminous:Dark_Crescendo_Luminous"],"picked":"Singing Bowl","floor":47}],"player_experience":1090361,"relics_obtained":[{"floor":6,"key":"Pantograph"},{"floor":8,"key":"Meat on the Bone"},{"floor":13,"key":"HollowMod:LifeEnderRelic"},{"floor":19,"key":"Nilry\u0027s Codex"},{"floor":24,"key":"Gungnir"},{"floor":25,"key":"Toxic Egg 2"},{"floor":26,"key":"Boot"},{"floor":27,"key":"Pen Nib"},{"floor":30,"key":"HollowMod:PaleOreRelic"},{"floor":40,"key":"Bag of Marbles"},{"floor":42,"key":"Shuriken"},{"floor":43,"key":"Dream Catcher"},{"floor":44,"key":"ScarletDevilRocket"},{"floor":46,"key":"Singing Bowl"},{"floor":47,"key":"MawBank"}],"event_choices":[{"damage_healed":75,"gold_gain":0,"player_choice":"Upgrade","damage_taken":15,"max_hp_gain":0,"max_hp_loss":75,"event_name":"betterThird:BetterShining","floor":2,"gold_loss":0,"cards_upgraded":["ClearTheMind","BowlingBash"]},{"damage_healed":0,"gold_gain":0,"player_choice":"Got Potions","damage_taken":0,"max_hp_gain":0,"max_hp_loss":0,"event_name":"Lab","floor":4,"gold_loss":0},{"damage_healed":0,"gold_gain":0,"player_choice":"Obtained Book","damage_taken":16,"max_hp_gain":0,"max_hp_loss":0,"event_name":"Cursed Tome","floor":19,"gold_loss":0},{"damage_healed":0,"gold_gain":0,"player_choice":"Opened","damage_taken":0,"relics_obtained":["Turnip"],"max_hp_gain":0,"max_hp_loss":0,"event_name":"The Mausoleum","floor":21,"gold_loss":0},{"damage_healed":0,"gold_gain":0,"player_choice":"Embrace Madness","damage_taken":9,"max_hp_gain":0,"max_hp_loss":0,"event_name":"Winding Halls","floor":37,"gold_loss":0,"cards_obtained":["Madness","Madness"]},{"damage_healed":0,"gold_gain":0,"player_choice":"Paid","damage_taken":0,"relics_obtained":["Red Mask"],"max_hp_gain":0,"max_hp_loss":0,"event_name":"Tomb of Lord Red Mask","floor":38,"gold_loss":184}],"is_beta":false,"boss_relics":[{"not_picked":["Ectoplasm","Black Star"],"picked":"Coffee Dripper"},{"not_picked":["Runic Pyramid","Astrolabe"],"picked":"Busted Crown"}],"items_purged_floors":[20],"is_endless":false,"potions_floor_spawned":[6,7,8,13,16,25,29,33,35,44,47],"ascension_level":0}}