{"host":"uu8qcv8llpcbwyus","time":1611389651,"event":{"mods":["100% Spire Juice","BaseMod","CapriCore","Conspire","Downfall","HololiveMod","Hubris","Marisa（霧雨　魔理沙）","Minty Spire (QoL Compilation)","Reimu（博??梦）","Remilia（蕾米莉?）","Replay The Spire","StSLib","The Administrix","The Animator","The Gatherer","The Immortal","The Servant 0.9.4","TheSwordswoman","WarShipGirlsR/??少女R mod","Yakumo Yukari mod"],"gold_per_floor":[86,104,104,127,157,157,204,229,279,279,279,279,302,402,402,533,533,558,267,267,296,296,343,343,381,381,381,430,430,430,463,463,596,596,626,652,576,632,679,762,762,762,832,832,832,832,868,943,943,985,985,985,806,869,893],"floor_reached":56,"language":"ENG","playtime":2958,"items_purged":[],"score":1690,"play_id":"0dc726a8-76bd-4457-a5b0-fc2a702f2aac","local_time":"20210123001411","is_ascension_mode":true,"campfire_choices":[{"data":"Hololive_CallAmaneKanata","floor":6,"key":"SMITH"},{"data":"Hololive_CallUsadaPekora","floor":11,"key":"SMITH"},{"data":"Hololive_CallTokinoSora","floor":15,"key":"SMITH"},{"data":"Hololive_CallYozoraMel","floor":24,"key":"SMITH"},{"data":"Hololive_Spy","floor":29,"key":"SMITH"},{"data":"Hololive_CallInugamiKorone","floor":32,"key":"SMITH"},{"data":"Hololive_CallShishiroBotan","floor":42,"key":"SMITH"},{"floor":45,"key":"RECALL"},{"data":"Hololive_MaximGun","floor":49,"key":"SMITH"},{"data":"Hololive_DurableLive","floor":52,"key":"SMITH"}],"circlet_count":0,"master_deck":["Hololive_Strike+1","Hololive_Strike","Hololive_Defend+1","Hololive_Defend","Hololive_CallSakuraMiko","Hololive_CallAmaneKanata+1","Hololive_CallUsadaPekora+1","Hololive_DevilCharm+1","Hololive_Spy+1","Hololive_MaximGun+1","Finesse","Hololive_CallTokinoSora+1","Hololive_ScarfAndHalo","Hololive_CallMomosuzuNene+12","Hololive_CallYozoraMel+1","Hololive_Spy+1","Hololive_CallInugamiKorone+1","Hololive_FlyingPonyTail","Hololive_Nanodesu","Hololive_FlyingPonyTail","Hololive_Teleport","Hololive_CallShishiroBotan+1","Hololive_DurableLive+1","Hololive_FlyingPonyTail","Hololive_CocoNews","Hololive_StarCraft"],"relics":["Hololive_TheStar","Juzu Bracelet","conspire:TopHat","Anchor","Philosopher\u0027s Stone","CaptainsWheel","Girya","Red Mask","Torii","Hololive_LightStick","GremlinMask","Coffee Dripper","Gremlin Food","HornCleat","Frozen Egg 2","Ice Cream","Simple Rune","Bottled Flame"],"acts_visited":["TheCity","TheBeyond","TheEnding"],"potions_floor_usage":[16,40,55,55],"damage_taken":[{"damage":0.0,"enemies":"Small Slimes","floor":1.0,"turns":3.0},{"damage":0,"enemies":"Jaw Worm","floor":2,"turns":3},{"damage":0,"enemies":"Cultist","floor":5,"turns":3},{"damage":0,"enemies":"Lagavulin","floor":7,"turns":4},{"damage":2,"enemies":"Gremlin Gang","floor":8,"turns":3},{"damage":0,"enemies":"Lots of Slimes","floor":13,"turns":4},{"damage":0,"enemies":"Slime Boss","floor":16,"turns":6},{"damage":0,"enemies":"conspire:FuzzyDice","floor":18,"turns":5},{"damage":0,"enemies":"2 Thieves","floor":21,"turns":4},{"damage":0,"enemies":"Book of Stabbing","floor":23,"turns":4},{"damage":0,"enemies":"Masked Bandits","floor":25,"turns":4},{"damage":0,"enemies":"Replay:Snechameleon","floor":28,"turns":4},{"damage":0,"enemies":"Centurion and Healer","floor":31,"turns":3},{"damage":0,"enemies":"Collector","floor":33,"turns":5},{"damage":0,"enemies":"3 Darklings","floor":35,"turns":4},{"damage":0,"enemies":"Orb Walker","floor":36,"turns":2},{"damage":0,"enemies":"Transient","floor":38,"turns":5},{"damage":0,"enemies":"Maw","floor":39,"turns":5},{"damage":0,"enemies":"Reptomancer","floor":40,"turns":4},{"damage":0,"enemies":"R_Hoarder","floor":47,"turns":4},{"damage":0,"enemies":"2 Orb Walkers","floor":48,"turns":5},{"damage":0,"enemies":"Donu and Deca","floor":50,"turns":5},{"damage":0,"enemies":"Shield and Spear","floor":54,"turns":4},{"damage":0,"enemies":"The Heart","floor":55,"turns":7}],"seed_played":"7130782201292807104","potions_obtained":[{"floor":1,"key":"SpeedPotion"},{"floor":5,"key":"FearPotion"},{"floor":13,"key":"Weak Potion"},{"floor":18,"key":"AttackPotion"},{"floor":23,"key":"Adrenaline Potion"},{"floor":47,"key":"LiquidMemories"}],"is_trial":false,"path_per_floor":["M","M","?","T","M","R","E","M","T","?","R","?","M","?","R","B",null,"M","$","?","M","?","E","R","?","T","$","E","R","?","M","R","B",null,"M","M","$","M","M","E","?","R","T","T","R","?","E","?","R","B",null,"R","$","E","B",null],"character_chosen":"Hololive_HololiveCharacter","items_purchased":["CaptainsWheel","Hololive_Teleport","Elixir","Simple Rune"],"campfire_rested":0,"item_purchase_floors":[19,37,53,53],"current_hp_per_floor":[35,35,35,35,35,35,35,33,33,33,33,33,33,33,33,33,35,35,35,35,35,35,35,35,35,35,35,35,35,35,35,35,35,35,35,35,35,35,35,35,35,35,35,35,35,35,35,35,35,35,35,35,35,35,35],"gold":893,"neow_bonus":"REMOVE_CARD","is_daily":false,"chose_seed":false,"campfire_upgraded":9,"win_rate":0.0,"timestamp":1611389651,"path_taken":["M","M","?","?","M","R","E","M","T","?","R","?","M","?","R","BOSS","M","?","?","M","?","E","R","?","T","$","E","R","?","M","R","BOSS","M","M","$","M","M","E","?","R","T","?","R","?","E","?","R","BOSS","R","$","E","BOSS"],"items_purchased_type":["Relic","Card","Potion","Relic"],"build_version":"2020-12-22","purchased_purges":0,"victory":true,"max_hp_per_floor":[35,35,35,35,35,35,35,35,35,35,35,35,35,35,35,35,35,35,35,35,35,35,35,35,35,35,35,35,35,35,35,35,35,35,35,35,35,35,35,35,35,35,35,35,35,35,35,35,35,35,35,35,35,35,35],"card_choices":[{"not_picked":["Hololive_CallOkamiMio","Hololive_SoulCatcher","Hololive_Psychosis"],"picked":"Hololive_DevilCharm","floor":1},{"not_picked":["Hololive_CallMoonaHoshinova","Hololive_HuntDinosaur","Hololive_CallMurasakiShion"],"picked":"Hololive_Spy","floor":2},{"not_picked":["Hololive_HuntDinosaur","Hololive_Trident","Hololive_Psychosis","Hololive_Breathe"],"picked":"SKIP","floor":5},{"not_picked":["Hololive_OvertimeWork","Hololive_SoulCatcher","Hololive_CocoNews"],"picked":"Hololive_MaximGun","floor":7},{"not_picked":["Hololive_Psychosis","Hololive_CallAmaneKanata","Hololive_CocoNews","Hololive_Breathe"],"picked":"SKIP","floor":8},{"not_picked":["Hololive_Drill","Hololive_CocoNews","Hololive_LuckPotion"],"picked":"Hololive_CallTokinoSora","floor":13},{"not_picked":["Hololive_ASMR","Hololive_AWSL","Hololive_Recruit"],"picked":"Hololive_ScarfAndHalo","floor":16},{"not_picked":["Hololive_Drill","Hololive_CallTsunomakiWatame","Hololive_Psychosis+1"],"picked":"Hololive_CallMomosuzuNene","floor":18},{"not_picked":["Hololive_CallShiroganeNoel","Hololive_Rebound","Hololive_CallMinatoAqua"],"picked":"Hololive_CallYozoraMel","floor":21},{"not_picked":["Hololive_CallCivia","Hololive_ASMR","Hololive_Watashimo"],"picked":"Hololive_Spy+1","floor":23},{"not_picked":["Hololive_Sequa","Hololive_OpenUp","Hololive_Breathe+1"],"picked":"Hololive_CallInugamiKorone","floor":28},{"not_picked":["Hololive_CallCivia","Hololive_CallInugamiKorone+1","Hololive_CallSpadeEcho"],"picked":"Hololive_FlyingPonyTail","floor":31},{"not_picked":["Hololive_DurableLive","Hololive_BeCareful","Hololive_StarCraft"],"picked":"Hololive_Nanodesu","floor":33},{"not_picked":["Hololive_Yoholoon","Hololive_Drill","Hololive_Psychosis"],"picked":"Hololive_FlyingPonyTail","floor":35},{"not_picked":["Hololive_CallUruhaRushia+1","Hololive_Rebound+1","Hololive_CocoNews+1","Hololive_CallShiroganeNoel"],"picked":"SKIP","floor":36},{"not_picked":["Hololive_OvertimeWork","Hololive_CallSakuraMiko+1","Hololive_Drill","Hololive_CallYuzukiChoco+1"],"picked":"SKIP","floor":38},{"not_picked":["Hololive_DiamondStrike","Hololive_CocoNews+1","Hololive_RevenueBasedLive"],"picked":"Hololive_CallShishiroBotan","floor":39},{"not_picked":["Hololive_Sequa","Hololive_CallTsunomakiWatame","Hololive_CallHoushouMarine"],"picked":"Hololive_DurableLive","floor":40},{"not_picked":["Hololive_CallRosalyn+1","Hololive_CocoNews","Hololive_LuckPotion+1"],"picked":"Hololive_FlyingPonyTail","floor":47},{"not_picked":["Hololive_Drill+1","Hololive_HuntDinosaur","Hololive_Trident+1"],"picked":"Hololive_CocoNews","floor":48},{"not_picked":["Hololive_CallShiroganeNoel+1","Hololive_OvertimeWork+1","Hololive_CallHoshimachiSuisei+1"],"picked":"Hololive_StarCraft","floor":54}],"player_experience":1133999,"relics_obtained":[{"floor":4,"key":"Juzu Bracelet"},{"floor":7,"key":"conspire:TopHat"},{"floor":9,"key":"Anchor"},{"floor":23,"key":"Girya"},{"floor":25,"key":"Red Mask"},{"floor":26,"key":"Torii"},{"floor":28,"key":"Hololive_LightStick"},{"floor":40,"key":"Gremlin Food"},{"floor":43,"key":"HornCleat"},{"floor":47,"key":"Frozen Egg 2"},{"floor":48,"key":"Ice Cream"},{"floor":54,"key":"Bottled Flame"}],"event_choices":[{"damage_healed":0,"gold_gain":0,"player_choice":"1 cards matched","damage_taken":0,"max_hp_gain":0,"max_hp_loss":0,"event_name":"Match and Keep!","floor":10,"gold_loss":0,"cards_obtained":["Finesse"]},{"damage_healed":0,"gold_gain":0,"player_choice":"Bought 0 Potions","damage_taken":0,"max_hp_gain":0,"max_hp_loss":0,"event_name":"The Woman in Blue","floor":12,"gold_loss":0},{"damage_healed":0,"gold_gain":100,"player_choice":"Pray","damage_taken":0,"max_hp_gain":0,"max_hp_loss":0,"event_name":"Golden Shrine","floor":14,"gold_loss":0},{"cards_removed":["Hololive_CallArtia"],"damage_healed":0,"gold_gain":0,"player_choice":"Card Removal","damage_taken":0,"max_hp_gain":0,"max_hp_loss":0,"event_name":"Wheel of Change","floor":20,"gold_loss":0},{"damage_healed":0,"gold_gain":0,"player_choice":"Ignored","damage_taken":0,"max_hp_gain":0,"max_hp_loss":0,"event_name":"Ghosts","floor":22,"gold_loss":0},{"damage_healed":0,"gold_gain":0,"player_choice":"Fought Bandits","damage_taken":0,"max_hp_gain":0,"max_hp_loss":0,"event_name":"Masked Bandits","floor":25,"gold_loss":0},{"damage_healed":0,"gold_gain":0,"player_choice":"Trade","damage_taken":0,"relics_obtained":["GremlinMask"],"max_hp_gain":0,"max_hp_loss":0,"event_name":"FaceTrader","floor":30,"gold_loss":0},{"damage_healed":0,"gold_gain":0,"player_choice":"Ignored","damage_taken":0,"max_hp_gain":0,"max_hp_loss":0,"event_name":"SecretPortal","floor":41,"gold_loss":0},{"cards_removed":["Hololive_CallTokoyamiTowa"],"damage_healed":0,"gold_gain":0,"player_choice":"Removed Power","damage_taken":0,"max_hp_gain":0,"max_hp_loss":0,"event_name":"Falling","floor":46,"gold_loss":0},{"damage_healed":0,"gold_gain":0,"player_choice":"Fight","damage_taken":0,"max_hp_gain":0,"max_hp_loss":0,"event_name":"Mysterious Sphere","floor":48,"gold_loss":0}],"is_beta":false,"boss_relics":[{"not_picked":["Pandora\u0027s Box","Cursed Key"],"picked":"Philosopher\u0027s Stone"},{"not_picked":["Honey Jar","Painkiller Herb"],"picked":"Coffee Dripper"}],"items_purged_floors":[],"is_endless":false,"potions_floor_spawned":[1,5,13,18,21,23,31,33,35,47,48,54],"ascension_level":2}}