{"host":"wpobqx0jtxs252ev","time":1611372388,"event":{"mods":["AchievementEnabler","Act Like it!","BaseMod","Better Altar","Better Note","Better Sensory Stone","Better Skull","Better Third Choice","Colored Powertips","Downfall","Infinite Spire","Marisa????????","Mimic Mod","Minty Spire (QoL Compilation)","Relic Stats","Replay The Spire","Spire Arcade","StSLib","The Jungle","The Runesmith"],"gold_per_floor":[109,109,34,262,94,128,128,146,146,146,175,175,185,201,201,299,299,312,312,327,343,360,393,393,428,509,509,540,540,540,570,570,665,665,675,754,764,764,782,809,809,109,109,109,109,123,123,153,153,153],"floor_reached":51,"language":"ENG","playtime":7948,"items_purged":["Strike_G","Strike_G","downfall:Haunted"],"score":797,"play_id":"c1b0397f-b765-425f-9ea8-2528bee0e33d","local_time":"20210123002628","is_ascension_mode":true,"campfire_choices":[{"floor":7,"key":"REST"},{"data":"Neutralize","floor":10,"key":"SMITH"},{"data":"Blade Dance","floor":12,"key":"SMITH"},{"data":"Strike_G","floor":15,"key":"PURGE"},{"data":"Footwork","floor":30,"key":"SMITH"},{"floor":32,"key":"DIG"},{"data":"Choke","floor":41,"key":"SMITH"},{"floor":49,"key":"DIG"}],"circlet_count":0,"master_deck":["Strike_G+1","Defend_G+1","Defend_G+1","Defend_G","Defend_G","Survivor","Neutralize+1","Blade Dance+1","Infinite Blades","Blade Dance","Footwork+1","Die Die Die","ReplayTheSpireMod:The Works","Choke+1","Blade Dance","Concentrate","Necronomicurse","Storm of Steel","Venomology","Prepared+1","Fluid Movement+1","Catalyst","Replay:Dark Deal","Replay:Dark Deal","Infinite Blades+1","infinitespire:Execution","After Image+1"],"relics":["Whetstone","Sizzling Blood","Bag of Preparation","Blue Doll","CaptainsWheel","Simple Rune","Snack Pack","Replay:Fungal Core","ReplayTheSpireMod:Ninjato","Letter Opener","Oddly Smooth Stone","Paper Crane","Necronomicon","Ornamental Fan","Pen Nib","Frozen Egg 2","infinitespire:Cupcake","Blood Vial","Ring of Hypnosis","Ring of Fangs","Smiling Mask","Toolbox","FossilizedHelix","Peace Pipe","infinitespire:CursedDice","Chameleon Ring"],"acts_visited":["Exordium","TheCity","TheBeyond"],"potions_floor_usage":[11,16,20,20,28,33,33,39,40,40,46,48,50,50],"damage_taken":[{"damage":0,"enemies":"Cultist","floor":1,"turns":5},{"damage":17,"enemies":"3 Sentries","floor":6,"turns":10},{"damage":0,"enemies":"Small Slimes","floor":8,"turns":3},{"damage":5,"enemies":"Gremlin Nob","floor":11,"turns":4},{"damage":0,"enemies":"2 Louse","floor":13,"turns":2},{"damage":0,"enemies":"Exordium Wildlife","floor":14,"turns":4},{"damage":17,"enemies":"Fading Forest","floor":16,"turns":11},{"damage":20,"enemies":"Chosen","floor":18,"turns":8},{"damage":10,"enemies":"2 Thieves","floor":20,"turns":5},{"damage":50,"enemies":"Snake Plant","floor":21,"turns":7},{"damage":17,"enemies":"3 Cultists","floor":22,"turns":5},{"damage":32,"enemies":"Slavers","floor":23,"turns":6},{"damage":3,"enemies":"Gremlin Leader","floor":25,"turns":5},{"damage":8,"enemies":"Book of Stabbing","floor":28,"turns":4},{"damage":0,"enemies":"Gremlin Leader","floor":31,"turns":4},{"damage":3,"enemies":"Automaton","floor":33,"turns":4},{"damage":0,"enemies":"Orb Walker","floor":35,"turns":1},{"damage":15,"enemies":"3 Shapes","floor":37,"turns":2},{"damage":3,"enemies":"Transient","floor":39,"turns":5},{"damage":0,"enemies":"Giant Head","floor":40,"turns":6},{"damage":18,"enemies":"Writhing Mass","floor":46,"turns":4},{"damage":0,"enemies":"Jaw Worm Horde","floor":48,"turns":2},{"damage":0,"enemies":"Replay:Hell Engine","floor":50,"turns":10}],"seed_played":"-2428177982505978354","potions_obtained":[{"floor":6,"key":"Fruit Juice"},{"floor":11,"key":"ColorlessPotion"},{"floor":16,"key":"SkillPotion"},{"floor":18,"key":"AttackPotion"},{"floor":22,"key":"EssenceOfSteel"},{"floor":23,"key":"Poison Potion"},{"floor":25,"key":"bronze:BurnAndBuffPotion"},{"floor":28,"key":"Swift Potion"},{"floor":36,"key":"Poison Potion"},{"floor":39,"key":"GamblersBrew"},{"floor":40,"key":"SpeedPotion"},{"floor":46,"key":"Explosive Potion"}],"is_trial":false,"path_per_floor":["M","?","$","?","$","E","R","M","T","R","E","R","M","M","R","B",null,"M","?","M","M","M","E","T","E","T","?","E","?","R","E","R","B",null,"M","?","M","?","M","E","R","$","T","?","?","M","?","MIM","R","B",null],"character_chosen":"THE_SILENT","items_purchased":["Infinite Blades","Catalyst","Toolbox","Replay:Dark Deal","Infinite Blades+1","FossilizedHelix"],"campfire_rested":1,"item_purchase_floors":[5,42,42,42,42,42],"current_hp_per_floor":[70,74,74,26,26,13,35,39,39,39,43,43,49,63,63,74,79,63,63,71,39,38,28,28,51,51,35,41,41,41,57,57,79,79,79,79,76,76,79,79,79,79,79,59,59,55,55,65,65,79],"gold":153,"neow_bonus":"RANDOM_COMMON_RELIC","is_daily":false,"chose_seed":false,"campfire_upgraded":4,"win_rate":0.0,"timestamp":1611372388,"path_taken":["M","?","$","?","$","E","R","?","T","R","E","R","M","M","R","BOSS","M","?","?","M","M","E","?","E","T","?","E","?","R","E","R","BOSS","M","?","?","?","M","E","R","$","T","?","?","?","?","?","R","BOSS"],"items_purchased_type":["Card","Card","Relic","Card","Card","Relic"],"build_version":"2020-12-22","purchased_purges":3,"victory":true,"max_hp_per_floor":[70,74,74,74,74,74,74,74,74,74,79,79,79,79,79,79,79,79,79,79,79,79,79,79,79,79,79,79,79,79,79,79,79,79,79,79,79,79,79,79,79,79,79,79,79,79,79,79,79,79],"relic_stats":{"Blood Vial":8,"Peace Pipe":1,"counters":[23,117],"Ornamental Fan":[296],"Pen Nib":[24],"Bag of Preparation":[44],"Necronomicon":[17],"Whetstone":["Strike_G","Strike_G"],"Letter Opener":[168],"Smiling Mask":75,"obtain_stats":[{"Blue Doll":4,"Sizzling Blood":2,"Bag of Preparation":4,"Whetstone":0,"Smiling Mask":40,"Blood Vial":36,"Ring of Fangs":38,"Chameleon Ring":49,"Toolbox":42,"Necronomicon":27,"Ring of the Snake":0,"ReplayTheSpireMod:Ninjato":23,"Replay:Fungal Core":17,"Ring of Hypnosis":38,"infinitespire:CursedDice":48,"Oddly Smooth Stone":25,"Pen Nib":31,"Letter Opener":24,"Paper Crane":26,"Frozen Egg 2":32,"Peace Pipe":43,"CaptainsWheel":6,"Ornamental Fan":28,"Simple Rune":9,"Snack Pack":11,"FossilizedHelix":42,"infinitespire:Cupcake":34},{"Blue Doll":1,"Sizzling Blood":1,"Bag of Preparation":1,"Whetstone":0,"Smiling Mask":20,"Blood Vial":17,"Ring of Fangs":18,"Chameleon Ring":22,"Toolbox":20,"Necronomicon":13,"Ring of the Snake":0,"ReplayTheSpireMod:Ninjato":12,"Replay:Fungal Core":7,"Ring of Hypnosis":18,"infinitespire:CursedDice":22,"Oddly Smooth Stone":13,"Pen Nib":15,"Letter Opener":12,"Paper Crane":13,"Frozen Egg 2":15,"Peace Pipe":20,"CaptainsWheel":2,"Ornamental Fan":14,"Simple Rune":3,"Snack Pack":4,"FossilizedHelix":20,"infinitespire:Cupcake":16},{"Blue Doll":5,"Sizzling Blood":5,"Bag of Preparation":5,"Whetstone":0,"Smiling Mask":101,"Blood Vial":88,"Ring of Fangs":90,"Chameleon Ring":107,"Toolbox":101,"Necronomicon":75,"Ring of the Snake":0,"ReplayTheSpireMod:Ninjato":70,"Replay:Fungal Core":39,"Ring of Hypnosis":90,"infinitespire:CursedDice":107,"Oddly Smooth Stone":75,"Pen Nib":83,"Letter Opener":70,"Paper Crane":75,"Frozen Egg 2":83,"Peace Pipe":101,"CaptainsWheel":15,"Ornamental Fan":79,"Simple Rune":18,"Snack Pack":22,"FossilizedHelix":101,"infinitespire:Cupcake":87}]},"card_choices":[{"not_picked":["Masterful Stab","Dagger Spray"],"picked":"Blade Dance","floor":1},{"not_picked":["Cloak And Dagger","Draining Mist"],"picked":"Blade Dance","floor":6},{"not_picked":["Acrobatics","Dagger Spray","Crippling Poison"],"picked":"SKIP","floor":8},{"not_picked":["Dagger Throw","Bouncing Flask","Acrobatics"],"picked":"SKIP","floor":11},{"not_picked":["Dodge and Roll","Flying Knee","Sucker Punch"],"picked":"SKIP","floor":13},{"not_picked":["Poisoned Stab","PiercingWail"],"picked":"Footwork","floor":14},{"not_picked":["Doppelganger","ReplayTheSpireMod:From All Sides"],"picked":"Die Die Die","floor":16},{"not_picked":["Backflip","Flying Knee","Catalyst"],"picked":"SKIP","floor":18},{"not_picked":["Sucker Punch","Underhanded Strike"],"picked":"Choke","floor":20},{"not_picked":["PiercingWail","Deadly Poison"],"picked":"Blade Dance","floor":21},{"not_picked":["Toxin Wave","ReplayTheSpireMod:Tripwire","Underhanded Strike"],"picked":"SKIP","floor":22},{"not_picked":["Poison Darts","Heel Hook"],"picked":"Concentrate","floor":23},{"not_picked":["Dagger Throw+1","All Out Attack+1","Blade Dance"],"picked":"SKIP","floor":25},{"not_picked":["Toxin Wave+1","Reflex","Hidden Blade"],"picked":"SKIP","floor":28},{"not_picked":["Blade Dance","Tactician"],"picked":"Storm of Steel","floor":31},{"not_picked":["Burst","Poison Darts"],"picked":"Venomology","floor":33},{"not_picked":["ReplayTheSpireMod:Scrap Shanks+1","Sucker Punch","Prepared"],"picked":"SKIP","floor":35},{"not_picked":["Deflect","Poisoned Stab+1"],"picked":"Prepared+1","floor":36},{"not_picked":["Dagger Throw","Toxin Wave+1","Slice+1"],"picked":"SKIP","floor":37},{"not_picked":["Dodge and Roll","Heel Hook"],"picked":"Fluid Movement+1","floor":39},{"not_picked":["Quick Slash+1","Cloak And Dagger+1","Blur"],"picked":"SKIP","floor":40},{"not_picked":["infinitespire:Oblivion","infinitespire:Starlight"],"picked":"infinitespire:Execution","floor":44},{"not_picked":["Eviscerate+1","ReplayTheSpireMod:Tripwire"],"picked":"After Image+1","floor":46}],"player_experience":222994,"relics_obtained":[{"floor":6,"key":"CaptainsWheel"},{"floor":9,"key":"Simple Rune"},{"floor":11,"key":"Snack Pack"},{"floor":23,"key":"ReplayTheSpireMod:Ninjato"},{"floor":24,"key":"Letter Opener"},{"floor":25,"key":"Oddly Smooth Stone"},{"floor":26,"key":"Paper Crane"},{"floor":27,"key":"Necronomicon"},{"floor":28,"key":"Ornamental Fan"},{"floor":31,"key":"Pen Nib"},{"floor":32,"key":"Frozen Egg 2"},{"floor":36,"key":"Blood Vial"},{"floor":38,"key":"Ring of Hypnosis"},{"floor":38,"key":"Ring of Fangs"},{"floor":40,"key":"Smiling Mask"},{"floor":43,"key":"Peace Pipe"},{"floor":48,"key":"infinitespire:CursedDice"},{"floor":49,"key":"Chameleon Ring"}],"event_choices":[{"damage_healed":0,"gold_gain":228,"player_choice":"RE RE GO GO ","damage_taken":54,"relics_obtained":["Bag of Preparation","Blue Doll"],"max_hp_gain":0,"max_hp_loss":0,"event_name":"betterSkull:BetterSkull","floor":4,"gold_loss":0,"cards_upgraded":[]},{"damage_healed":0,"gold_gain":0,"cards_transformed":["Defend_G"],"player_choice":"Transformed","damage_taken":0,"max_hp_gain":0,"max_hp_loss":0,"event_name":"Transmorgrifier","floor":19,"gold_loss":0,"cards_obtained":["ReplayTheSpireMod:The Works"]},{"damage_healed":0,"gold_gain":0,"player_choice":"Obtained Book","damage_taken":16,"max_hp_gain":0,"max_hp_loss":0,"event_name":"Cursed Tome","floor":27,"gold_loss":0},{"damage_healed":0,"gold_gain":0,"player_choice":"Ignored","damage_taken":0,"max_hp_gain":0,"max_hp_loss":0,"event_name":"Mysterious Sphere","floor":45,"gold_loss":0},{"cards_removed":["Strike_G"],"damage_healed":0,"gold_gain":0,"player_choice":"Removed Attack","damage_taken":0,"max_hp_gain":0,"max_hp_loss":0,"event_name":"Falling","floor":47,"gold_loss":0}],"is_beta":false,"boss_relics":[{"not_picked":["Pandora\u0027s Box","Replay:Wanted Poster"],"picked":"Replay:Fungal Core"},{"not_picked":["Coffee Dripper","Honey Jar"],"picked":"infinitespire:Cupcake"}],"items_purged_floors":[3,5,42],"is_endless":false,"potions_floor_spawned":[6,11,16,18,22,23,25,28,39,40,46],"ascension_level":2}}