{"host":"bq4pt811tk9yrmjl","time":1611407833,"event":{"mods":["AchievementEnabler","BaseMod","Colored Map","Colored Powertips","Defuse TimeMaze Blight","Hermit","Minty Spire (QoL Compilation)","StSLib","SuperFastMode"],"gold_per_floor":[113,113,113,188,201,229,229,248,271,286,286,299,311,311,311,414,414,433,433,433],"floor_reached":19,"language":"ENG","playtime":268,"items_purged":[],"score":204,"play_id":"40b97087-7ee6-4897-ab34-16519695ce5b","local_time":"20210123111713","is_ascension_mode":true,"campfire_choices":[{"floor":7.0,"key":"RECALL"},{"data":"Cleave","floor":11,"key":"SMITH"},{"data":"Rampage","floor":15,"key":"SMITH"}],"circlet_count":0,"master_deck":["Strike_R","Strike_R","Strike_R","Strike_R","Strike_R","Defend_R","Defend_R","Defend_R","Defend_R","Bash","Cleave+1","Clash","Carnage","Rampage+1","Berserk","Metallicize"],"relics":["Black Blood","NeowsBlessing","Blood Vial"],"acts_visited":["Exordium","TheCity"],"potions_floor_usage":[10,13,16,16,18],"damage_taken":[{"damage":0.0,"enemies":"2 Louse","floor":1.0,"turns":1.0},{"damage":0.0,"enemies":"Small Slimes","floor":5.0,"turns":1.0},{"damage":0.0,"enemies":"Lagavulin","floor":6.0,"turns":1.0},{"damage":3.0,"enemies":"Jaw Worm","floor":8.0,"turns":4.0},{"damage":1,"enemies":"Gremlin Gang","floor":10,"turns":2},{"damage":7,"enemies":"Blue Slaver","floor":12,"turns":2},{"damage":10,"enemies":"Looter","floor":13,"turns":3},{"damage":64,"enemies":"Hexaghost","floor":16,"turns":11},{"damage":36,"enemies":"Shell Parasite","floor":18,"turns":6},{"damage":0,"enemies":"Spheric Guardian","floor":19,"turns":2}],"seed_played":"-855261893241887918","potions_obtained":[{"floor":5.0,"key":"Ancient Potion"},{"floor":8.0,"key":"DuplicationPotion"},{"floor":10,"key":"Energy Potion"},{"floor":13,"key":"AttackPotion"},{"floor":14,"key":"HeartOfIron"},{"floor":16,"key":"SteroidPotion"}],"is_trial":false,"path_per_floor":["M","?","?","?","M","E","R","M","T","M","R","M","M","?","R","B",null,"M","M"],"character_chosen":"IRONCLAD","items_purchased":[],"campfire_rested":0,"item_purchase_floors":[],"current_hp_per_floor":[80,80,85,74,80,85,85,85,85,85,85,84,81,81,81,25,85,61,63,63],"gold":433,"neow_bonus":"THREE_ENEMY_KILL","is_daily":false,"chose_seed":false,"campfire_upgraded":2,"win_rate":0.0,"timestamp":1611407833,"path_taken":["M","?","?","?","?","E","R","M","T","M","R","?","M","?","R","BOSS","M","?"],"items_purchased_type":[],"build_version":"2020-12-22","purchased_purges":0,"victory":false,"max_hp_per_floor":[80,80,85,85,85,85,85,85,85,85,85,85,85,85,85,85,85,85,85,85],"card_choices":[{"not_picked":["Headbutt","Warcry"],"picked":"Cleave","floor":1.0},{"not_picked":["Inflame","Searing Blow","Sentinel"],"picked":"SKIP","floor":5.0},{"not_picked":["Perfected Strike","Pommel Strike"],"picked":"Clash","floor":6.0},{"not_picked":["Headbutt","Flex","Exhume"],"picked":"SKIP","floor":8.0},{"not_picked":["Heavy Blade","Thunderclap"],"picked":"Carnage","floor":10},{"not_picked":["Dual Wield","Flex","Cleave"],"picked":"SKIP","floor":12},{"not_picked":["Battle Trance","Shrug It Off"],"picked":"Rampage","floor":13},{"not_picked":["Corruption","Brutality"],"picked":"Berserk","floor":16},{"not_picked":["Sever Soul","Clash"],"picked":"Metallicize","floor":18}],"player_experience":219080,"relics_obtained":[{"floor":6.0,"key":"Blood Vial"}],"event_choices":[{"damage_healed":0.0,"max_hp_gain":0.0,"max_hp_loss":0.0,"gold_gain":0.0,"event_name":"The Cleric","player_choice":"Leave","floor":2.0,"gold_loss":0.0,"damage_taken":0.0},{"damage_healed":0.0,"max_hp_gain":5.0,"max_hp_loss":0.0,"gold_gain":0.0,"event_name":"Big Fish","player_choice":"Donut","floor":3.0,"gold_loss":0.0,"damage_taken":0.0},{"damage_healed":0.0,"max_hp_gain":0.0,"max_hp_loss":0.0,"gold_gain":75.0,"event_name":"World of Goop","player_choice":"Gather Gold","floor":4.0,"gold_loss":0.0,"damage_taken":11.0},{"damage_healed":0,"gold_gain":0,"player_choice":"Got Potions","damage_taken":0,"max_hp_gain":0,"max_hp_loss":0,"event_name":"Lab","floor":14,"gold_loss":0}],"is_beta":false,"boss_relics":[{"not_picked":["Black Star","Philosopher\u0027s Stone"],"picked":"Black Blood"}],"items_purged_floors":[],"is_endless":false,"potions_floor_spawned":[5,8,10,13,16],"killed_by":"Spheric Guardian","ascension_level":1}}