{"host":"gudagy66iu284b8o","time":1611397091,"event":{"mods":["Aspiration","BaseMod","Marisa（F雨　魔理沙）","Minty Spire (QoL Compilation)","Nova Terra(诺娃・泰拉)","StSLib","The Alterego","The Senshi","The Servant 0.9.4","UnlockEverythingMod","WarShipGirlsR/战舰少女R mod"],"gold_per_floor":[119,136,136,136,13,43,74,117,129,141,176,188,213,238,250,262,262],"floor_reached":16,"language":"ZHS","playtime":685,"items_purged":["NovaMod:EMP"],"score":116,"play_id":"26812e74-37eb-4e44-9606-95d8543287db","local_time":"20210123181811","daily_mods":["Shiny","Vintage","Heirloom"],"is_ascension_mode":true,"campfire_choices":[{"floor":12,"key":"REST"},{"data":"NovaMod:RadioactiveSource","floor":15,"key":"SMITH"}],"circlet_count":0,"master_deck":["NovaMod:InfernalIgniter","NovaMod:WeaknessInsights","NovaMod:SabotageDrone","NovaMod:DefensiveDrone","NovaMod:StealthMode","NovaMod:Missile","NovaMod:ScienceVessel+1","NovaMod:Valkyrie+1","NovaMod:NuclearRefining","NovaMod:RadioactiveSource+1","NovaMod:ExtremeReovery","NovaMod:SecondaryDamage","NovaMod:GhostOps","NovaMod:RadiationWarrior","NovaMod:AirDrop","NovaMod:Blink","NovaMod:PulseGrenade","NovaMod:PulseGrenade","NovaMod:QuickResponse","NovaMod:Thor","NovaMod:Snipe","NovaMod:WidowMine"],"relics":["NovaMod:GhostSuit","Bird Faced Urn","Whetstone","Gremlin Horn","aspiration:BabyByrd","MawBank","PreservedInsect","InkBottle","Mummified Hand","Mercury Hourglass","Nunchaku","aspiration:ChemicalBlood","aspiration:Lifesprig"],"acts_visited":["Exordium"],"potions_floor_usage":[16,16,16,16],"damage_taken":[{"damage":7,"enemies":"2 Louse","floor":1,"turns":4},{"damage":16,"enemies":"Jaw Worm","floor":2,"turns":4},{"damage":34,"enemies":"Gremlin Nob","floor":6,"turns":5},{"damage":0,"enemies":"Small Slimes","floor":7,"turns":2},{"damage":28,"enemies":"3 Sentries","floor":8,"turns":6},{"damage":12,"enemies":"Looter","floor":13,"turns":3},{"damage":13,"enemies":"2 Fungi Beasts","floor":14,"turns":3},{"damage":38,"enemies":"The Guardian","floor":16,"turns":4}],"seed_played":"-3649060815888440470","potions_obtained":[{"floor":2,"key":"Energy Potion"},{"floor":8,"key":"FearPotion"},{"floor":16,"key":"SpeedPotion"}],"is_trial":true,"path_per_floor":["M","M","?","?","$","E","M","E","T","?","T","R","M","M","R","B"],"character_chosen":"NOVA","items_purchased":["NovaMod:Thor"],"campfire_rested":1,"item_purchase_floors":[5],"current_hp_per_floor":[75,63,63,63,63,39,41,21,21,18,18,42,34,29,29,0,0],"gold":262,"neow_bonus":"","is_daily":false,"chose_seed":false,"campfire_upgraded":1,"win_rate":0.0,"timestamp":1611397091,"path_taken":["M","M","?","?","$","E","M","E","T","?","?","R","M","M","R","BOSS"],"items_purchased_type":["Card"],"build_version":"2020-12-22","purchased_purges":1,"victory":false,"max_hp_per_floor":[80,80,80,80,80,80,80,80,80,80,80,80,80,80,80,80,80],"card_choices":[{"not_picked":["NovaMod:SwiftChop","NovaMod:Blink"],"picked":"NovaMod:Snipe","floor":6},{"not_picked":["NovaMod:CovertOps","NovaMod:JetAssault"],"picked":"NovaMod:WidowMine","floor":8}],"player_experience":5979,"relics_obtained":[{"floor":1,"key":"Whetstone"},{"floor":2,"key":"Gremlin Horn"},{"floor":6,"key":"MawBank"},{"floor":7,"key":"PreservedInsect"},{"floor":8,"key":"InkBottle"},{"floor":9,"key":"Mummified Hand"},{"floor":11,"key":"Nunchaku"},{"floor":13,"key":"aspiration:ChemicalBlood"},{"floor":14,"key":"aspiration:Lifesprig"}],"event_choices":[{"damage_healed":0,"gold_gain":0,"player_choice":"Success","damage_taken":3,"relics_obtained":["Mercury Hourglass"],"max_hp_gain":0,"max_hp_loss":0,"event_name":"Scrap Ooze","floor":10,"gold_loss":0}],"is_beta":false,"boss_relics":[],"items_purged_floors":[5],"is_endless":true,"potions_floor_spawned":[2,8,13],"killed_by":"The Guardian","ascension_level":1}}