{"host":"skx52d3x4g37h2em","time":1611362321,"event":{"mods":["Act Like it!","BaseMod","Colored Map","Downfall","Highlight Path","Minty Spire (QoL Compilation)","Quick Restart","Relic Sorter","Replay The Spire","StSLib"],"gold_per_floor":[99,118,135,235,235,265,265,57,86,97,97,97,127,302,315,419,419,419,433,433,433,443,443,443,543,553,586,777,790,790,458,476,476,476,476],"floor_reached":33,"language":"ENG","playtime":1894,"items_purged":["ReplayTheSpireMod:Splinters"],"score":348,"play_id":"e4263ae7-b9ff-4998-995e-3c5a03ef9f97","local_time":"20210123033841","is_ascension_mode":false,"campfire_choices":[{"data":"Guardian:PiercingHide","floor":12.0,"key":"SMITH"},{"data":"Guardian:DonusPower","floor":23.0,"key":"SMITH"},{"floor":30,"key":"REST"}],"circlet_count":0,"master_deck":["Guardian:Strike_Guardian","Guardian:Strike_Guardian","Guardian:Strike_Guardian","Guardian:Strike_Guardian","Guardian:Defend_Guardian","Guardian:Defend_Guardian","Guardian:Defend_Guardian","Guardian:Defend_Guardian","Guardian:CurlUp","Guardian:TwinSlam","Guardian:TemporalStrike+1","Guardian:RollAttack","Guardian:StasisStrike+1","Guardian:Incinerate","Guardian:PiercingHide+1","Guardian:SentryBeam","Doubt","Guardian:DonusPower+1","Guardian:TemporalShield","Guardian:ExploitGems","Finesse","Guardian:FloatingOrbs+1","Guardian:Incinerate","Guardian:DonusPower"],"relics":["Guardian:ModeShifter","Guardian:PickAxe","Letter Opener","TungstenRod","Guide Book","Odd Mushroom","Ring of Hypnosis","Blue Candle","Philosopher\u0027s Stone","Divine Protection","StoneCalendar","Replay:Bottled Steam","Peace Pipe","Orrery"],"acts_visited":["Exordium","TheCity"],"potions_floor_usage":[33,33],"damage_taken":[{"damage":0.0,"enemies":"2 Louse","floor":2.0,"turns":3.0},{"damage":6.0,"enemies":"Jaw Worm","floor":3.0,"turns":4.0},{"damage":8.0,"enemies":"Jaw Worm","floor":5.0,"turns":4.0},{"damage":31.0,"enemies":"Lagavulin","floor":6.0,"turns":6.0},{"damage":0.0,"enemies":"downfall:FleeingMerchant","floor":8.0,"turns":4.0},{"damage":10.0,"enemies":"The Mushroom Lair","floor":9.0,"turns":3.0},{"damage":7.0,"enemies":"Small Slimes","floor":10.0,"turns":3.0},{"damage":7.0,"enemies":"Gremlin Nob","floor":13.0,"turns":4.0},{"damage":3.0,"enemies":"2 Fungi Beasts","floor":15.0,"turns":4.0},{"damage":0.0,"enemies":"WA_ARCHETYPE_RETAIN","floor":16.0,"turns":8.0},{"damage":5.0,"enemies":"Spheric Guardian","floor":19.0,"turns":4.0},{"damage":7.0,"enemies":"Shell Parasite","floor":22.0,"turns":4.0},{"damage":6.0,"enemies":"IC_STATUS_ARCHETYPE","floor":25.0,"turns":5.0},{"damage":5.0,"enemies":"Centurion and Healer","floor":26.0,"turns":4.0},{"damage":22.0,"enemies":"Slavers","floor":27.0,"turns":5.0},{"damage":10,"enemies":"Snecko","floor":29,"turns":6},{"damage":0,"enemies":"downfall:FleeingMerchant","floor":31,"turns":4},{"damage":20,"enemies":"Cultist and Chosen","floor":32,"turns":5},{"damage":15,"enemies":"DF_ARCHETYPE_CLAW","floor":33,"turns":5}],"seed_played":"1457051737657902902","potions_obtained":[{"floor":1.0,"key":"Flashbang"},{"floor":1.0,"key":"Cursed Concoction"},{"floor":6.0,"key":"hexamod:SoulburnPotion"},{"floor":9.0,"key":"Weak Potion"},{"floor":15.0,"key":"Block Potion"},{"floor":19.0,"key":"Fruit Juice"},{"floor":26.0,"key":"BlessingOfTheForge"},{"floor":29,"key":"Strength Potion"},{"floor":32,"key":"CultistPotion"}],"is_trial":false,"path_per_floor":["R_BF","M","M","?","?","E","T","$","?","M","?","R","E","?","M","B",null,"R","M","?","?","M","R","T","?","M","E","?","M","R","$","M","B"],"character_chosen":"GUARDIAN","items_purchased":["Guardian:Incinerate","Guide Book","Finesse","Orrery"],"campfire_rested":1,"item_purchase_floors":[8,8,31,31],"current_hp_per_floor":[88,88,82,82,74,43,43,43,33,26,26,26,19,19,16,16,88,88,88,73,56,49,49,49,43,38,16,16,6,35,35,15,0,0,0],"gold":476,"neow_bonus":"TEN_PERCENT_HP_BONUS","is_daily":false,"chose_seed":false,"campfire_upgraded":2,"win_rate":0.0,"timestamp":1611362321,"path_taken":["R_BF","M","M","?","?","E","T","$","?","M","?","R","E","?","M","BOSS","R","M","?","?","M","R","T","?","?","E","?","M","R","$","M","BOSS"],"items_purchased_type":["Card","Relic","Card","Relic"],"build_version":"2020-12-22","purchased_purges":1,"victory":false,"max_hp_per_floor":[88,88,88,88,88,88,88,88,88,88,88,88,88,88,88,88,88,88,93,93,98,98,98,98,98,98,98,98,98,98,98,98,98,98,98],"card_choices":[{"not_picked":["Guardian:Planning","Guardian:Suspension"],"picked":"Guardian:TemporalStrike","floor":2.0},{"not_picked":["Guardian:ChargeCore","Guardian:VentSteam"],"picked":"Guardian:RollAttack","floor":3.0},{"not_picked":["Guardian:PrismaticBeam","Guardian:VentSteam"],"picked":"Guardian:StasisStrike","floor":6.0},{"not_picked":["Guardian:Gem_Cyan","Guardian:Gem_Red"],"picked":"Guardian:Gem_Orange","floor":8.0},{"not_picked":["Guardian:Gem_White","Guardian:Recover"],"picked":"Guardian:PiercingHide","floor":9.0},{"not_picked":["Guardian:Planning","Guardian:Gem_White","Guardian:PrimingBeam"],"picked":"SKIP","floor":10.0},{"not_picked":["Guardian:Gem_Purple","Guardian:ChargeCore"],"picked":"Guardian:SentryBeam","floor":13.0},{"not_picked":["Guardian:Gem_Blue","Guardian:CrystalBeam","Guardian:Gem_Red"],"picked":"SKIP","floor":15.0},{"not_picked":["Guardian:StasisStrike","Guardian:BaubleBeam"],"picked":"Guardian:Gem_Synthetic","floor":16.0},{"not_picked":["Guardian:Gem_Lightblue","Guardian:VentSteam"],"picked":"Guardian:DonusPower","floor":19.0},{"not_picked":["Guardian:PrismaticBeam","Guardian:TemporalStrike","Guardian:SpikerProtocol"],"picked":"SKIP","floor":22.0},{"not_picked":["Guardian:SentryBeam+1","Guardian:PrismaticBarrier"],"picked":"Guardian:TemporalShield","floor":25.0},{"not_picked":["Guardian:Gem_Green","Guardian:Gem_Synthetic","Guardian:VentSteam"],"picked":"SKIP","floor":26.0},{"not_picked":["Guardian:PiercingHide+1","Guardian:CrystalBeam","Guardian:TemporalShield"],"picked":"SKIP","floor":27.0},{"not_picked":["Guardian:SentryBeam","Guardian:ShieldCharger","Guardian:BaubleBeam"],"picked":"SKIP","floor":29},{"not_picked":["Guardian:Recover","Guardian:PiercingHide"],"picked":"Guardian:ExploitGems","floor":31},{"not_picked":["Guardian:RefractedBeam+1","Guardian:Harden"],"picked":"Guardian:FloatingOrbs+1","floor":31},{"not_picked":["Guardian:TemporalStrike","Guardian:Gem_Red"],"picked":"Guardian:Incinerate","floor":31},{"not_picked":["Guardian:CrystalBeam+1","Guardian:BaubleBeam"],"picked":"Guardian:DonusPower","floor":31},{"not_picked":["Guardian:BronzeArmor","Guardian:Gem_Synthetic","Guardian:Recover"],"picked":"SKIP","floor":32}],"player_experience":132801,"relics_obtained":[{"floor":6.0,"key":"Letter Opener"},{"floor":7.0,"key":"TungstenRod"},{"floor":9.0,"key":"Odd Mushroom"},{"floor":11.0,"key":"Ring of Hypnosis"},{"floor":13.0,"key":"Blue Candle"},{"floor":24.0,"key":"Divine Protection"},{"floor":25.0,"key":"StoneCalendar"},{"floor":25.0,"key":"Replay:Bottled Steam"},{"floor":27.0,"key":"Peace Pipe"}],"event_choices":[{"damage_healed":0.0,"max_hp_gain":0.0,"max_hp_loss":0.0,"gold_gain":0.0,"event_name":"Mushrooms","player_choice":"Fought Mushrooms","floor":9.0,"gold_loss":0.0,"damage_taken":0.0}],"is_beta":false,"boss_relics":[{"not_picked":["Replay:Wanted Poster","Snecko Eye"],"picked":"Philosopher\u0027s Stone"}],"items_purged_floors":[31],"is_endless":false,"potions_floor_spawned":[6,9,10,15,19,26,29,32],"killed_by":"DF_ARCHETYPE_CLAW","ascension_level":0}}