{"host":"nnt34ungdh9fkcmy","time":1611437477,"event":{"mods":["BaseMod","Downfall","Minty Spire (QoL Compilation)","StSLib","SuperFastMode"],"gold_per_floor":[99,119,136,156,176,209,209,309,323,125,25,59,59,75,89,184,184,84,103,103,118,118,132,200,225,240,240,250,275,285,314,332,431,431,331,343,358,114,126,72,98,108,124,136,136,151,151,186,199,199,199,224,50,50,50,50],"floor_reached":57,"language":"ENG","playtime":3150,"items_purged":["bronze:Strike","Slimebound:Tackle+1","Slimebound:Tackle+1","Slimebound:Tackle+1"],"score":1422,"play_id":"ef74d13f-3eee-4e05-a7d4-fa8b78806e32","local_time":"20210123143117","is_ascension_mode":true,"campfire_choices":[{"floor":1,"key":"RECALL"},{"data":"bronze:Boost","floor":11,"key":"SMITH"},{"floor":18,"key":"REST"},{"floor":27,"key":"REST"},{"floor":35,"key":"REST"},{"floor":45,"key":"REST"},{"floor":47,"key":"REST"},{"floor":54,"key":"REST"}],"circlet_count":0,"master_deck":["bronze:Replicate","bronze:Goto","Parasite","bronze:Constructor","bronze:FineTuning","bronze:Terminator","bronze:Separator","bronze:Boost+1","bronze:InfiniteBeams+1","bronze:Shell","bronze:Optimize+1","bronze:FunctionCard","bronze:Branch","bronze:Boost","bronze:Flail+1","bronze:Iterate+1","bronze:BronzeArmor","bronze:HardenedForm+1","bronze:ClassDefault+1","bronze:Virus","bronze:Optimize+1","bronze:Library+1","bronze:Return","bronze:FunctionCard","bronze:Repulsor+1","Parasite","bronze:FineTuning","bronze:Fortify+1","bronze:ClassDefault+1","bronze:ClassDefault+1"],"relics":["bronze:BronzeCore","bronze:Timepiece","The Courier","Frozen Egg 2","Vajra","downfall:HeartBlessingRed","Ornamental Fan","bronze:BottledCode","Fusion Hammer","downfall:HeartBlessingGreen","Pantograph","Bag of Preparation","Smiling Mask","Pandora\u0027s Box","downfall:HeartBlessingBlue","Sling","ClockworkSouvenir","HornCleat","Akabeko","bronze:CableSpool","champ:DuelingGlove","Happy Flower"],"acts_visited":["Exordium","TheCity","TheBeyond","TheEnding"],"potions_floor_usage":[19,56,56],"damage_taken":[{"damage":0,"enemies":"2 Louse","floor":2,"turns":2},{"damage":2,"enemies":"Cultist","floor":3,"turns":5},{"damage":0,"enemies":"Small Slimes","floor":4,"turns":5},{"damage":2,"enemies":"Blue Slaver","floor":5,"turns":5},{"damage":3,"enemies":"Lagavulin","floor":6,"turns":6},{"damage":9,"enemies":"Gremlin Gang","floor":9,"turns":7},{"damage":0,"enemies":"downfall:FleeingMerchant","floor":10,"turns":4},{"damage":19,"enemies":"Gremlin Nob","floor":12,"turns":4},{"damage":0,"enemies":"3 Louse","floor":14,"turns":4},{"damage":8,"enemies":"Blue Slaver","floor":15,"turns":2},{"damage":12,"enemies":"DF_ARCHETYPE_STREAMLINE","floor":16,"turns":9},{"damage":26,"enemies":"Spheric Guardian","floor":19,"turns":8},{"damage":4,"enemies":"Chosen","floor":21,"turns":4},{"damage":0,"enemies":"Snake Plant","floor":23,"turns":3},{"damage":0,"enemies":"Gremlin Leader","floor":25,"turns":6},{"damage":0,"enemies":"Chosen and Byrds","floor":26,"turns":4},{"damage":0,"enemies":"Cultist and Chosen","floor":28,"turns":2},{"damage":0,"enemies":"Centurion and Healer","floor":30,"turns":2},{"damage":0,"enemies":"Slavers","floor":31,"turns":4},{"damage":0,"enemies":"Chosen and Byrds","floor":32,"turns":4},{"damage":1,"enemies":"SI_MIRROR_ARCHETYPE","floor":33,"turns":7},{"damage":10,"enemies":"Orb Walker","floor":36,"turns":3},{"damage":6,"enemies":"3 Shapes","floor":37,"turns":8},{"damage":0,"enemies":"downfall:FleeingMerchant","floor":38,"turns":4},{"damage":0,"enemies":"Writhing Mass","floor":39,"turns":5},{"damage":0,"enemies":"downfall:FleeingMerchant","floor":40,"turns":1},{"damage":0,"enemies":"Transient","floor":42,"turns":5},{"damage":0,"enemies":"4 Shapes","floor":43,"turns":4},{"damage":0,"enemies":"Maw","floor":44,"turns":6},{"damage":0,"enemies":"Writhing Mass","floor":46,"turns":6},{"damage":0,"enemies":"Nemesis","floor":48,"turns":5},{"damage":0,"enemies":"3 Darklings","floor":49,"turns":2},{"damage":31,"enemies":"IC_BLOCK_ARCHETYPE","floor":50,"turns":8},{"damage":0,"enemies":"downfall:CharBossMerchant","floor":52,"turns":5},{"damage":1,"enemies":"downfall:NeowBoss","floor":55,"turns":10},{"damage":0,"enemies":"downfall:NeowBossFinal","floor":56,"turns":7}],"seed_played":"-4031288694015646006","potions_obtained":[{"floor":3,"key":"BlessingOfTheForge"},{"floor":5,"key":"Block Potion"},{"floor":6,"key":"CultistPotion"},{"floor":19,"key":"bronze:CleanCodePotion"},{"floor":46,"key":"LiquidBronze"}],"is_trial":false,"path_per_floor":["R","M","M","M","M","E","T","?","M","$","R","E","?","M","M","B",null,"R","M","?","M","?","M","T","E","M","R","M","T","M","E","M","B",null,"R","M","M","$","M","$","T","M","M","M","R","M","R","E","M","B",null,"E","$","R","B","B",null],"character_chosen":"THE_AUTOMATON","items_purchased":["Vajra","bronze:Repulsor+1","Sling","ClockworkSouvenir","HornCleat","Happy Flower"],"campfire_rested":6,"item_purchase_floors":[10,38,38,40,40,53],"current_hp_per_floor":[70,70,68,68,66,63,63,63,54,54,54,35,35,35,27,15,60,60,34,34,30,30,30,30,30,30,48,48,48,48,48,48,59,60,70,60,54,54,54,54,54,54,54,54,70,70,70,70,70,39,70,70,70,70,69,70],"gold":50,"neow_bonus":"ONE_RARE_RELIC","is_daily":false,"chose_seed":false,"campfire_upgraded":1,"win_rate":0.0,"timestamp":1611437477,"path_taken":["R","M","M","M","M","E","T","?","M","?","R","E","?","M","M","BOSS","R","M","?","M","?","M","T","E","M","R","M","?","M","E","M","BOSS","R","M","M","$","M","$","T","M","M","M","R","M","R","E","M","BOSS","E","$","R","BOSS","BOSS"],"items_purchased_type":["Relic","Card","Relic","Relic","Relic","Relic"],"build_version":"2020-12-22","purchased_purges":4,"victory":true,"max_hp_per_floor":[70,70,70,70,70,70,70,70,70,70,70,70,60,60,60,60,60,60,60,60,60,60,60,60,60,60,60,60,60,60,60,60,60,60,70,70,70,70,70,70,70,70,70,70,70,70,70,70,70,70,70,70,70,70,70,70],"card_choices":[{"not_picked":["bronze:BitShift","bronze:DelayedSlice"],"picked":"bronze:Constructor","floor":2},{"not_picked":["bronze:WildBeam","bronze:Deprecate"],"picked":"bronze:FineTuning","floor":3},{"not_picked":["bronze:Return","bronze:FineTuning"],"picked":"bronze:Terminator","floor":4},{"not_picked":["bronze:Turbo","bronze:Branch"],"picked":"bronze:Separator","floor":5},{"not_picked":["bronze:Frontload","bronze:BitShift","bronze:AlphaBuild"],"picked":"SKIP","floor":6},{"not_picked":["bronze:Invalidate","bronze:FineTuning"],"picked":"bronze:Boost","floor":9},{"not_picked":["bronze:Frontload","bronze:Turbo"],"picked":"bronze:InfiniteBeams+1","floor":10},{"not_picked":["bronze:ShipIt","bronze:Frontload"],"picked":"bronze:Shell","floor":12},{"not_picked":["bronze:Constructor","bronze:DelayedSlice","bronze:Overheat"],"picked":"SKIP","floor":14},{"not_picked":["bronze:BitShift","bronze:BuggyMess"],"picked":"bronze:Optimize+1","floor":15},{"not_picked":["bronze:Assembly","bronze:RecursiveStrike"],"picked":"bronze:Hardcode+1","floor":16},{"not_picked":["bronze:Shield","bronze:BronzeOrb","bronze:BuggyMess"],"picked":"SKIP","floor":19},{"not_picked":["bronze:FollowUp","bronze:DelayedSlice"],"picked":"bronze:Branch","floor":21},{"not_picked":["bronze:DelayedSlice","bronze:Allocate"],"picked":"bronze:Boost","floor":23},{"not_picked":["bronze:Allocate+1","bronze:DelayedGuard"],"picked":"bronze:Flail+1","floor":25},{"not_picked":["bronze:OilSpill","bronze:BugBarrage+1"],"picked":"bronze:Iterate+1","floor":26},{"not_picked":["bronze:Constructor","bronze:CutThrough"],"picked":"bronze:BronzeArmor","floor":28},{"not_picked":["bronze:Deprecate","bronze:CutThrough"],"picked":"bronze:HardenedForm+1","floor":30},{"not_picked":["bronze:Repair","bronze:BurnOut","bronze:Deprecate+1"],"picked":"SKIP","floor":31},{"not_picked":["bronze:Repair","bronze:BuggyMess"],"picked":"bronze:ClassDefault+1","floor":32},{"not_picked":["bronze:AlphaBuild","bronze:FindAndReplace"],"picked":"bronze:Virus","floor":33},{"not_picked":["bronze:Optimize+1","bronze:Branch","bronze:Constructor"],"picked":"SKIP","floor":36},{"not_picked":["bronze:BronzeArmor+1","bronze:OilSpill+1","bronze:FollowUp+1"],"picked":"SKIP","floor":37},{"not_picked":["bronze:Overheat","bronze:MaxOutput+1","bronze:Allocate"],"picked":"SKIP","floor":38},{"not_picked":["bronze:DarkDash","bronze:Shield"],"picked":"bronze:FineTuning","floor":39},{"not_picked":["bronze:Overload+1","bronze:TinkerersToolbox","bronze:DelayedSlice+1"],"picked":"SKIP","floor":40},{"not_picked":["bronze:Refactor","bronze:Deprecate+1"],"picked":"bronze:Fortify+1","floor":42},{"not_picked":["bronze:MaxOutput+1","bronze:BuggyMess+1"],"picked":"bronze:ClassDefault+1","floor":43},{"not_picked":["bronze:WhirlingStrike","bronze:NullPointer","bronze:DelayedGuard+1"],"picked":"SKIP","floor":44},{"not_picked":["bronze:WildBeam+1","bronze:CloningBeam+1","bronze:Deprecate+1"],"picked":"SKIP","floor":46},{"not_picked":["bronze:ForceShield","bronze:Frontload+1","bronze:WildBeam+1"],"picked":"SKIP","floor":48},{"not_picked":["bronze:Constructor+1","bronze:Terminator+1"],"picked":"bronze:ClassDefault+1","floor":49},{"not_picked":["bronze:Overload+1","bronze:FineTuning","bronze:CutThrough"],"picked":"SKIP","floor":52}],"player_experience":242090,"relics_obtained":[{"floor":6,"key":"The Courier"},{"floor":7,"key":"Frozen Egg 2"},{"floor":12,"key":"Ornamental Fan"},{"floor":24,"key":"Pantograph"},{"floor":25,"key":"Bag of Preparation"},{"floor":31,"key":"Smiling Mask"},{"floor":41,"key":"Akabeko"},{"floor":48,"key":"bronze:CableSpool"},{"floor":52,"key":"champ:DuelingGlove"}],"event_choices":[],"is_beta":false,"boss_relics":[{"not_picked":["Velvet Choker","SacredBark"],"picked":"Fusion Hammer"},{"not_picked":["bronze:PlatinumCore","Busted Crown"],"picked":"Pandora\u0027s Box"}],"items_purged_floors":[10,38,40,53],"is_endless":false,"potions_floor_spawned":[3,5,6,9,19,23,25,31,32,36,37,39,43,46,52],"ascension_level":1}}