{"host":"nwd160me4iqdtr8u","time":1611387540,"event":{"mods":["AchievementEnabler","Act Like it!","BaseMod","Colored Map","DeckTracker","Minty Spire (QoL Compilation)","Rare Cards Sparkle","StSLib","SuperFastMode","everything is the same but u backflip on backflip"],"gold_per_floor":[111,130,147,147,167,194,194,229,253,253,253,253,272,10,10,109,109,122,135,135,150,200,200,212,212,212,56,68,82,82,109,109,204,204,223,72,72,90,104,104,154,154,154,168,178,197,197,197,197,197],"floor_reached":51,"language":"KOR","playtime":2830,"items_purged":[],"score":717,"play_id":"65e430b3-21a1-42d9-9976-bfd49f75f1f5","local_time":"20210123163900","is_ascension_mode":true,"campfire_choices":[{"floor":7.0,"key":"REST"},{"data":"Consume","floor":10.0,"key":"SMITH"},{"data":"Dualcast","floor":12.0,"key":"SMITH"},{"floor":15.0,"key":"REST"},{"floor":23.0,"key":"REST"},{"data":"Core Surge","floor":25.0,"key":"SMITH"},{"floor":32.0,"key":"REST"},{"data":"Seek","floor":40.0,"key":"SMITH"},{"data":"Coolheaded","floor":42.0,"key":"SMITH"},{"data":"Glacier","floor":49,"key":"SMITH"}],"circlet_count":0,"master_deck":["Strike_B","Defend_B","Defend_B","Defend_B","Zap","Dualcast+1","Consume+1","Beam Cell","FTL","Sweeping Beam","Reboot","Rebound","Core Surge+1","Cold Snap+1","Blizzard+1","Blind","Glacier+1","Coolheaded+1","Recycle","Conserve Battery","Seek+1","Melter","Core Surge+1","FTL+1","Redo+1","Conserve Battery+1","Apotheosis"],"relics":["Cracked Core","White Beast Statue","Happy Flower","Oddly Smooth Stone","Ornamental Fan","Empty Cage","Cables","Anchor","Tiny Chest","SlaversCollar","DollysMirror","Mango","Bronze Scales","Emotion Chip"],"acts_visited":["Exordium","TheCity","TheBeyond"],"potions_floor_usage":[45,46,46,50,50,50],"damage_taken":[{"damage":3.0,"enemies":"Jaw Worm","floor":1.0,"turns":4.0},{"damage":0.0,"enemies":"Small Slimes","floor":2.0,"turns":2.0},{"damage":1.0,"enemies":"Cultist","floor":3.0,"turns":3.0},{"damage":13.0,"enemies":"Red Slaver","floor":5.0,"turns":3.0},{"damage":23.0,"enemies":"Gremlin Nob","floor":6.0,"turns":4.0},{"damage":26.0,"enemies":"3 Sentries","floor":8.0,"turns":5.0},{"damage":6.0,"enemies":"Large Slime","floor":13.0,"turns":3.0},{"damage":28.0,"enemies":"Hexaghost","floor":16.0,"turns":9.0},{"damage":22.0,"enemies":"2 Thieves","floor":18.0,"turns":2.0},{"damage":9.0,"enemies":"Shell Parasite","floor":19.0,"turns":4.0},{"damage":12.0,"enemies":"Snake Plant","floor":21.0,"turns":3.0},{"damage":5.0,"enemies":"Snecko","floor":24.0,"turns":5.0},{"damage":0.0,"enemies":"Chosen and Byrds","floor":28.0,"turns":4.0},{"damage":22.0,"enemies":"Shelled Parasite and Fungi","floor":29.0,"turns":6.0},{"damage":4.0,"enemies":"Book of Stabbing","floor":31.0,"turns":8.0},{"damage":30.0,"enemies":"Automaton","floor":33.0,"turns":16.0},{"damage":6.0,"enemies":"3 Shapes","floor":35.0,"turns":10.0},{"damage":0.0,"enemies":"Orb Walker","floor":38.0,"turns":4.0},{"damage":0.0,"enemies":"Sphere and 2 Shapes","floor":39.0,"turns":3.0},{"damage":0.0,"enemies":"Mind Bloom Boss Battle","floor":41.0,"turns":7.0},{"damage":4.0,"enemies":"4 Shapes","floor":44.0,"turns":5.0},{"damage":19,"enemies":"Transient","floor":45,"turns":5},{"damage":1,"enemies":"Jaw Worm Horde","floor":46,"turns":4},{"damage":22,"enemies":"Time Eater","floor":50,"turns":16}],"seed_played":"7437107612558051319","potions_obtained":[{"floor":2.0,"key":"AttackPotion"},{"floor":3.0,"key":"Block Potion"},{"floor":5.0,"key":"PowerPotion"},{"floor":8.0,"key":"EssenceOfDarkness"},{"floor":13.0,"key":"Swift Potion"},{"floor":16.0,"key":"AttackPotion"},{"floor":18.0,"key":"DistilledChaos"},{"floor":19.0,"key":"EssenceOfDarkness"},{"floor":21.0,"key":"Swift Potion"},{"floor":24.0,"key":"PowerPotion"},{"floor":28.0,"key":"Strength Potion"},{"floor":29.0,"key":"PowerPotion"},{"floor":31.0,"key":"EntropicBrew"},{"floor":33.0,"key":"ColorlessPotion"},{"floor":35.0,"key":"PowerPotion"},{"floor":38.0,"key":"LiquidMemories"},{"floor":39.0,"key":"Explosive Potion"},{"floor":41.0,"key":"Strength Potion"},{"floor":44.0,"key":"SneckoOil"},{"floor":45,"key":"Regen Potion"},{"floor":46,"key":"Dexterity Potion"}],"is_trial":false,"path_per_floor":["M","M","M","?","M","E","R","E","T","R","?","R","M","$","R","B",null,"M","M","?","M","?","R","M","R","T","$","M","M","?","E","R","B",null,"M","$","?","M","M","R","?","R","T","M","M","M","?","T","R","B",null],"character_chosen":"DEFECT","items_purchased":["Ornamental Fan","Anchor","DollysMirror"],"campfire_rested":4,"item_purchase_floors":[14,27,36],"current_hp_per_floor":[72,72,71,64,51,28,50,24,24,24,24,24,18,18,40,12,75,53,44,32,20,20,42,37,37,37,37,37,25,25,31,53,33,75,69,69,69,69,69,69,83,83,83,79,60,71,66,66,66,44],"gold":197,"neow_bonus":"THREE_CARDS","is_daily":false,"chose_seed":false,"campfire_upgraded":6,"win_rate":0.0,"timestamp":1611387540,"path_taken":["M","M","M","?","M","E","R","E","T","R","?","R","?","$","R","BOSS","M","M","?","?","?","R","?","R","T","?","M","M","?","E","R","BOSS","M","$","?","M","M","R","?","R","T","M","M","M","?","?","R","BOSS"],"items_purchased_type":["Relic","Relic","Relic"],"build_version":"2020-12-22","purchased_purges":0,"victory":true,"max_hp_per_floor":[75,75,75,75,75,75,75,75,75,75,75,75,75,75,75,75,75,75,75,75,75,75,75,75,75,75,75,75,75,75,75,75,75,75,75,75,75,75,75,75,89,89,89,89,89,89,89,89,89,89],"card_choices":[{"not_picked":["Stack","Force Field"],"picked":"Consume","floor":0.0},{"not_picked":["Streamline","BootSequence"],"picked":"Beam Cell","floor":1.0},{"not_picked":["Consume","Capacitor"],"picked":"Doom and Gloom","floor":2.0},{"not_picked":["Fusion","Beam Cell"],"picked":"FTL","floor":3.0},{"not_picked":["Stack","Coolheaded"],"picked":"Sweeping Beam","floor":5.0},{"not_picked":["Rebound","Barrage"],"picked":"Reboot","floor":6.0},{"not_picked":["Ball Lightning","Darkness"],"picked":"Rebound","floor":8.0},{"not_picked":["Compile Driver","Go for the Eyes","White Noise"],"picked":"SKIP","floor":13.0},{"not_picked":["Hyperbeam","Seek"],"picked":"Core Surge","floor":16.0},{"not_picked":["Lockon+1","Compile Driver"],"picked":"Cold Snap+1","floor":18.0},{"not_picked":["Stack","BootSequence"],"picked":"Blizzard+1","floor":19.0},{"not_picked":["Aggregate","Auto Shields"],"picked":"Glacier","floor":21.0},{"not_picked":["Static Discharge","Barrage","Beam Cell+1"],"picked":"SKIP","floor":24.0},{"not_picked":["Doom and Gloom","Rebound"],"picked":"Self Repair+1","floor":28.0},{"not_picked":["Gash+1","Redo+1"],"picked":"Coolheaded","floor":29.0},{"not_picked":["Recycle","Streamline"],"picked":"Conserve Battery","floor":31.0},{"not_picked":["Fission","Echo Form"],"picked":"Seek","floor":33.0},{"not_picked":["Tempest+1","Rebound"],"picked":"Melter","floor":35.0},{"not_picked":["Compile Driver","Go for the Eyes","Streamline+1"],"picked":"SKIP","floor":38.0},{"not_picked":["Stack","Turbo+1"],"picked":"FTL+1","floor":39.0},{"not_picked":["Scrape+1","Coolheaded"],"picked":"Redo+1","floor":41.0},{"not_picked":["Electrodynamics","Rebound+1"],"picked":"Conserve Battery+1","floor":44.0},{"not_picked":["Rebound","Recycle","Stack"],"picked":"SKIP","floor":45},{"not_picked":["Gash","Multi-Cast","Sweeping Beam+1"],"picked":"SKIP","floor":46},{"not_picked":["Good Instincts","Blind"],"picked":"Apotheosis","floor":47}],"player_experience":215071,"relics_obtained":[{"floor":6.0,"key":"White Beast Statue"},{"floor":8.0,"key":"Happy Flower"},{"floor":9.0,"key":"Oddly Smooth Stone"},{"floor":26.0,"key":"Cables"},{"floor":31.0,"key":"Tiny Chest"},{"floor":41.0,"key":"Mango"},{"floor":43.0,"key":"Bronze Scales"},{"floor":48,"key":"Emotion Chip"}],"event_choices":[{"cards_removed":["Strike_B"],"damage_healed":0.0,"max_hp_gain":0.0,"max_hp_loss":0.0,"gold_gain":0.0,"event_name":"Golden Wing","player_choice":"Card Removal","floor":4.0,"gold_loss":0.0,"damage_taken":7.0},{"cards_removed":["Strike_B"],"damage_healed":0.0,"max_hp_gain":0.0,"max_hp_loss":0.0,"gold_gain":0.0,"event_name":"Purifier","player_choice":"Purged","floor":11.0,"gold_loss":0.0,"damage_taken":0.0},{"damage_healed":0.0,"max_hp_gain":0.0,"max_hp_loss":0.0,"gold_gain":0.0,"event_name":"Knowing Skull","player_choice":"CARD ","floor":20.0,"potions_obtained":[],"gold_loss":0.0,"damage_taken":12.0,"cards_obtained":["Blind"]},{"damage_healed":0.0,"max_hp_gain":0.0,"max_hp_loss":0.0,"gold_gain":100.0,"event_name":"The Joust","player_choice":"Bet on Murderer","floor":22.0,"gold_loss":50.0,"damage_taken":0.0},{"damage_healed":0.0,"max_hp_gain":0.0,"max_hp_loss":0.0,"gold_gain":0.0,"cards_transformed":["Doom and Gloom"],"event_name":"Transmorgrifier","player_choice":"Transformed","floor":30.0,"gold_loss":0.0,"damage_taken":0.0,"cards_obtained":["Recycle"]},{"cards_removed":["Self Repair"],"damage_healed":0.0,"max_hp_gain":0.0,"max_hp_loss":0.0,"gold_gain":0.0,"event_name":"Falling","player_choice":"Removed Power","floor":37.0,"gold_loss":0.0,"damage_taken":0.0},{"damage_healed":0.0,"max_hp_gain":0.0,"max_hp_loss":0.0,"gold_gain":0.0,"event_name":"MindBloom","player_choice":"Fight","floor":41.0,"gold_loss":0.0,"damage_taken":0.0},{"damage_healed":0,"gold_gain":0,"player_choice":"Memory 2","damage_taken":5,"max_hp_gain":0,"max_hp_loss":0,"event_name":"SensoryStone","floor":47,"gold_loss":0}],"is_beta":false,"boss_relics":[{"not_picked":["Astrolabe","Sozu"],"picked":"Empty Cage"},{"not_picked":["SacredBark","Velvet Choker"],"picked":"SlaversCollar"}],"items_purged_floors":[],"is_endless":false,"potions_floor_spawned":[2,3,5,8,13,16,18,19,21,24,28,29,31,33,35,38,39,41,44,45,46],"ascension_level":2}}