{"host":"vqs1j3qalc1cciyt","time":1611369308,"event":{"mods":["2.2 Compatiblity","AchievementEnabler","Aspiration","Bard","BaseMod","Beaked The Cultist","Better Altar","Better Match","Better Note","Better Sensory Stone","Better Skull","Better Third Choice","Clockwork Mod","Colored Map","Conspire","Downfall","Friendly Minions","GifTheSpireLib","Glutton Mod","Halation","Highlight Path","Hubris","Infinite Spire","Minty Spire (QoL Compilation)","READ ME - Snecko Mod","RRrroohrrRGHHhhh!!","Replay The Spire","Spicy Shops","StSLib","Stuff the Spire","The Bladedancer","The Construct","The Cursed","The Disciple","The Hierophant","The Jungle","vexMod"],"gold_per_floor":[99,113,38,53,69,80,80,106,106,16,16,16,41,60,76,171,171,171,191,211,22,42,42,42,42,57,86,99,99,125,125,135,235,235,235,245,260,279,292,305,379,379,394,8,8,8,43,43,61,61],"floor_reached":51,"language":"ENG","playtime":4476,"items_purged":["Slimebound:Defend_Slimebound","Slimebound:Defend_Slimebound","Slimebound:Defend_Slimebound","Slimebound:Strike_Slimebound"],"score":898,"play_id":"eb4010ab-3fc9-4db6-8865-18d3c8378e4a","local_time":"20210122183508","is_ascension_mode":true,"campfire_choices":[{"data":"Slimebound:Split","floor":1.0,"key":"SMITH"},{"data":"Slimebound:LeechEnergy","floor":12.0,"key":"SMITH"},{"data":"Slimebound:TagTeam","floor":18.0,"key":"SMITH"},{"data":"Apotheosis","floor":29.0,"key":"SMITH"},{"floor":35.0,"key":"RECALL"},{"floor":45,"key":"REST"},{"floor":48,"key":"REST"}],"circlet_count":0,"master_deck":["Slimebound:Tackle","Slimebound:Split+1","Slimebound:CorrosiveSpit+1","Slimebound:LeechEnergy+1","Slimebound:ViciousTackle+1","Slimebound:SlimeSpikes","Slimebound:Schlurp","Slimebound:MegaLick","Slimebound:ItLooksTasty","Slimebound:SplitAcid","StuffTheSpire:CelestialWarden","Slimebound:MegaLick","Slimebound:LeechingTouch","Slimebound:TagTeam+1","Slimebound:PressTheAttack","Slimebound:Prepare+1","Slimebound:GrowthPunch+1","Apotheosis+1","Finesse","Slimebound:SlimeTap+1","Slimebound:SlimeSpikes","Slimebound:LevelUp+1","Slimebound:OozeBath","Slimebound:HauntingLick","Slimebound:DouseInSlime","conspire:NecroticWound","Slimebound:CorrosiveSpit","Slimebound:RallyTheTroops","Trip","infinitespire:Execution","Slimebound:SplitSpecialist+1","Slimebound:SplitMire+1","infinitespire:FutureSight","Slimebound:LivingWall+1","Slimebound:SplitLeeching+1","Slimebound:Darklings","Slimebound:SlimeBarrage+1"],"relics":["Slimebound:AbsorbEndCombat","construct:BoolHorns","hubris:Icosahedron","MealTicket","rorgmod:Empty Cage","halation:KoshaPiece","Quantum Egg","vexMod:RedPlottingStone","Replay:Grab Bag","Philosopher\u0027s Stone","Fusion Hammer","ReplayTheSpireMod:SealedPack","hubris:PeanutButter","halation:AfternoonTea","Mercury Hourglass","Replay:Towering Pillar of Hats","infinitespire:ShieldingShard"],"acts_visited":["Exordium","TheCity","TheBeyond"],"potions_floor_usage":[50,50,50],"damage_taken":[{"damage":0.0,"enemies":"2 Louse","floor":2.0,"turns":2.0},{"damage":9.0,"enemies":"Cultist","floor":4.0,"turns":3.0},{"damage":0.0,"enemies":"conspire:RoseBush","floor":5.0,"turns":2.0},{"damage":10.0,"enemies":"Blue Slaver","floor":6.0,"turns":3.0},{"damage":10.0,"enemies":"Gremlin Nob","floor":8.0,"turns":4.0},{"damage":14.0,"enemies":"downfall:FleeingMerchant","floor":10.0,"turns":4.0},{"damage":10.0,"enemies":"Lagavulin","floor":13.0,"turns":3.0},{"damage":1.0,"enemies":"2 Fungi Beasts","floor":14.0,"turns":4.0},{"damage":2.0,"enemies":"Lots of Slimes","floor":15.0,"turns":2.0},{"damage":16.0,"enemies":"SI_SHIV_ARCHETYPE","floor":16.0,"turns":7.0},{"damage":2.0,"enemies":"Chosen","floor":19.0,"turns":3.0},{"damage":21.0,"enemies":"Snake Plant","floor":20.0,"turns":3.0},{"damage":3.0,"enemies":"downfall:FleeingMerchant","floor":21.0,"turns":4.0},{"damage":0.0,"enemies":"Centurion and Healer","floor":22.0,"turns":4.0},{"damage":0.0,"enemies":"Snecko","floor":26.0,"turns":3.0},{"damage":3.0,"enemies":"Replay:Snechameleon","floor":27.0,"turns":4.0},{"damage":4.0,"enemies":"Shelled Parasite and Fungi","floor":28.0,"turns":3.0},{"damage":11.0,"enemies":"Slavers","floor":30.0,"turns":4.0},{"damage":3.0,"enemies":"Sentry and Sphere","floor":32.0,"turns":3.0},{"damage":0.0,"enemies":"WA_ARCHETYPE_CALM","floor":33.0,"turns":7.0},{"damage":3.0,"enemies":"3 Darklings","floor":36.0,"turns":5.0},{"damage":8.0,"enemies":"Orb Walker","floor":37.0,"turns":3.0},{"damage":13.0,"enemies":"Sphere and 2 Shapes","floor":38.0,"turns":4.0},{"damage":30.0,"enemies":"3 Darklings","floor":39.0,"turns":4.0},{"damage":3.0,"enemies":"Writhing Mass","floor":40.0,"turns":3.0},{"damage":27.0,"enemies":"Maw","floor":43.0,"turns":6.0},{"damage":0.0,"enemies":"downfall:FleeingMerchant","floor":44.0,"turns":4.0},{"damage":47,"enemies":"Reptomancer","floor":47,"turns":6},{"damage":0,"enemies":"4 Shapes","floor":49,"turns":3},{"damage":4,"enemies":"IC_BLOCK_ARCHETYPE","floor":50,"turns":5}],"seed_played":"-1084984615401436431","potions_obtained":[{"floor":4.0,"key":"Guardian:BlockOnCardUsePotion"},{"floor":5.0,"key":"Slimebound:SlimedPotion"},{"floor":13.0,"key":"Toxic Potion"},{"floor":26.0,"key":"Slimebound:ThreeZeroPotion"},{"floor":27.0,"key":"Explosive Potion"},{"floor":28.0,"key":"DuplicationPotion"},{"floor":37.0,"key":"PowerPotion"},{"floor":43.0,"key":"Strength Potion"}],"is_trial":false,"path_per_floor":["R","M","?","M","M","M","T","E","?","$","?","R","E","M","M","B",null,"R","M","M","$","M","?","T","?","M","E","M","R","E","?","M","B",null,"R","M","M","M","M","M","T","AVR","M","$","R","?","E","R","M","B",null],"character_chosen":"SLIMEBOUND","items_purchased":["halation:KoshaPiece","Mercury Hourglass","Slimebound:SplitLeeching+1","Replay:Towering Pillar of Hats"],"campfire_rested":2,"item_purchase_floors":[21,44,44,44],"current_hp_per_floor":[65,65,65,58,60,56,56,54,54,48,48,48,46,49,53,41,65,65,65,46,64,65,65,65,65,65,64,61,61,58,58,63,65,65,65,62,59,50,28,31,31,31,12,35,54,54,30,49,65,65],"gold":61,"neow_bonus":"UPGRADE_CARD","is_daily":false,"chose_seed":false,"campfire_upgraded":4,"win_rate":0.0,"timestamp":1611369308,"path_taken":["R","M","?","?","M","M","T","E","?","$","?","R","E","M","M","BOSS","R","M","M","$","M","?","T","?","M","E","M","R","E","?","M","BOSS","R","M","M","M","?","M","T","AVR","M","$","R","?","E","R","M","BOSS"],"items_purchased_type":["Relic","Relic","Card","Relic"],"build_version":"2020-12-22","purchased_purges":4,"victory":true,"max_hp_per_floor":[65,65,65,65,65,65,65,65,65,65,65,65,65,65,65,65,65,65,65,65,65,65,65,65,65,65,65,65,65,65,65,65,65,65,65,65,65,65,65,65,65,65,65,65,65,65,65,65,65,65],"card_choices":[{"not_picked":["Slimebound:SamplingLick","Slimebound:RollThrough"],"picked":"Slimebound:LeechEnergy","floor":2.0},{"not_picked":["Slimebound:ForwardTackle+1","Slimebound:LeadByExample+1"],"picked":"Slimebound:ViciousTackle+1","floor":3.0},{"not_picked":["Slimebound:ForwardTackle","Slimebound:MinionMaster"],"picked":"Slimebound:SlimeSpikes","floor":4.0},{"not_picked":["Slimebound:LivingWall","Slimebound:HauntingLick"],"picked":"Slimebound:Schlurp","floor":5.0},{"not_picked":["Slimebound:SlimeBrawl","Slimebound:RollThrough"],"picked":"Slimebound:MegaLick","floor":6.0},{"not_picked":["Slimebound:MegaLick","Slimebound:Nibble"],"picked":"Slimebound:ItLooksTasty","floor":8.0},{"not_picked":["Slimebound:GoopSpray","Slimebound:Schlurp"],"picked":"Slimebound:SplitAcid","floor":10.0},{"not_picked":["StuffTheSpire:Perfection","StuffTheSpire:Vigor"],"picked":"StuffTheSpire:CelestialWarden","floor":11.0},{"not_picked":["Slimebound:AcidTongue","Slimebound:SlimeSpikes"],"picked":"Slimebound:OozeBath","floor":13.0},{"not_picked":["Slimebound:GoopTackle","Slimebound:FormOfPuddle"],"picked":"Slimebound:MegaLick","floor":14.0},{"not_picked":["Slimebound:SplitBruiser","Slimebound:SlimeSpikes"],"picked":"Slimebound:LeechingTouch","floor":15.0},{"not_picked":["Slimebound:Overexert","Slimebound:Teamwork"],"picked":"Slimebound:TagTeam","floor":16.0},{"not_picked":["Slimebound:ComboTackle","Slimebound:LeechingTouch"],"picked":"Slimebound:PressTheAttack","floor":19.0},{"not_picked":["Slimebound:LeechingTouch+1","Slimebound:RollThrough+1"],"picked":"Slimebound:Prepare+1","floor":20.0},{"not_picked":["Slimebound:SplitBruiser","Slimebound:FinishingTackle"],"picked":"Slimebound:GrowthPunch+1","floor":21.0},{"not_picked":["Slimebound:LivingWall","Slimebound:ViciousTackle","Slimebound:Grow"],"picked":"SKIP","floor":22.0},{"not_picked":["Dark Shackles","Replay:Dark Deal"],"picked":"Apotheosis","floor":23.0},{"not_picked":["Replay:BasicMightCard","HandOfGreed"],"picked":"Finesse","floor":23.0},{"not_picked":["Slimebound:Schlurp","Slimebound:SplitBruiser+1"],"picked":"Slimebound:SlimeTap+1","floor":26.0},{"not_picked":["Slimebound:Prepare","Slimebound:SplitAcid","Slimebound:GoopTackle+1"],"picked":"SKIP","floor":27.0},{"not_picked":["Slimebound:LeechEnergy","Slimebound:RejuvenatingLick"],"picked":"Slimebound:SlimeSpikes","floor":28.0},{"not_picked":["Slimebound:HauntingLick","Slimebound:Chomp"],"picked":"Slimebound:LevelUp+1","floor":30.0},{"not_picked":["Slimebound:ProtectTheBoss+1","Slimebound:DisruptingSlam+1"],"picked":"Slimebound:HauntingLick","floor":32.0},{"not_picked":["Slimebound:DuplicatedForm","Slimebound:MassFeed"],"picked":"Slimebound:DouseInSlime","floor":33.0},{"not_picked":["SecondHand","TheCursedMod:CleanUpWorkshop"],"picked":"Slimebound:CorrosiveSpit","floor":34.0},{"not_picked":["Slimebound:CheckThePlaybook","Slimebound:MassFeed"],"picked":"Slimebound:RallyTheTroops","floor":34.0},{"not_picked":["Replay:Bootleg Shield Generator","vexMod:EmailVexCard"],"picked":"Trip","floor":34.0},{"not_picked":["ReplayTheSpireMod:Chaos Vortex","infinitespire:Collect"],"picked":"infinitespire:Execution","floor":34.0},{"not_picked":["Slimebound:LivingWall+1","Slimebound:ComboTackle+1"],"picked":"Slimebound:SplitSpecialist+1","floor":36.0},{"not_picked":["Slimebound:LeadByExample+1","Slimebound:ServeAndProtect","Slimebound:ProtectTheBoss+1"],"picked":"SKIP","floor":37.0},{"not_picked":["Slimebound:SlimeSpikes+1","Slimebound:Schlurp+1","Slimebound:Prepare"],"picked":"SKIP","floor":38.0},{"not_picked":["Slimebound:SamplingLick","Slimebound:Schlurp+1"],"picked":"Slimebound:SplitMire+1","floor":39.0},{"not_picked":["Slimebound:SlimeSpikes+1","Slimebound:Prepare","Slimebound:SlimeBrawl+1"],"picked":"SKIP","floor":40.0},{"not_picked":["Slimebound:SlimeTap+1","Slimebound:LeechEnergy","Slimebound:GoopTackle+1"],"picked":"SKIP","floor":43.0},{"not_picked":["Slimebound:SelfFormingGoo","Slimebound:Repurpose"],"picked":"Slimebound:LivingWall+1","floor":44.0},{"not_picked":["Slimebound:LeechEnergy","Slimebound:Nibble+1"],"picked":"Slimebound:SlimeBarrage+1","floor":47},{"not_picked":["Slimebound:GoopTackle+1","Slimebound:FinishingTackle+1","Slimebound:Prepare+1"],"picked":"SKIP","floor":49}],"player_experience":896086,"relics_obtained":[{"floor":7.0,"key":"construct:BoolHorns"},{"floor":8.0,"key":"infinitespire:Satchel"},{"floor":13.0,"key":"MealTicket"},{"floor":27.0,"key":"Quantum Egg"},{"floor":30.0,"key":"vexMod:RedPlottingStone"},{"floor":41.0,"key":"hubris:PeanutButter"},{"floor":47,"key":"infinitespire:ShieldingShard"}],"event_choices":[{"damage_healed":0.0,"max_hp_gain":0.0,"max_hp_loss":0.0,"gold_gain":0.0,"event_name":"betterMatch:BetterMatch","player_choice":"2","floor":3.0,"gold_loss":0.0,"damage_taken":0.0,"cards_obtained":["betterMatch:UncommonCard"]},{"damage_healed":0.0,"max_hp_gain":0.0,"max_hp_loss":0.0,"gold_gain":2.0,"event_name":"betterStone:BetterStone","player_choice":"1","floor":23.0,"gold_loss":0.0,"damage_taken":0.0},{"damage_healed":0.0,"max_hp_gain":0.0,"max_hp_loss":0.0,"gold_gain":0.0,"event_name":"conspire:Investor","player_choice":"Leave","floor":25.0,"gold_loss":0.0,"damage_taken":0.0}],"is_beta":false,"boss_relics":[{"not_picked":["halation:Yufonium","Coffee Dripper"],"picked":"rorgmod:Empty Cage"},{"not_picked":["Runic Dome","aspiration:FutureDiary"],"picked":"Replay:Grab Bag"},{"not_picked":["Busted Crown","Replay:Wanted Poster"],"picked":"Philosopher\u0027s Stone"},{"not_picked":["beaked:MawFillet","hubris:GrandSneckoEye"],"picked":"Fusion Hammer"},{"not_picked":["aspiration:PoetsPen_weak","vexMod:MysteryBossChallenge"],"picked":"ReplayTheSpireMod:SealedPack"}],"items_purged_floors":[10,21,42,44],"is_endless":false,"potions_floor_spawned":[4,5,13,26,27,28,33,37,43,47],"ascension_level":1}}