{"host":"5mo0809oo9tcrmpl","time":1611434158,"event":{"mods":["BaseMod","Highlight Path","Minty Spire (QoL Compilation)","Relic Stats","Slay the Relics Exporter"],"gold_per_floor":[17,36,54,73,148,148,173,183,264,264,264,264,278,316,316,316,316],"floor_reached":16,"language":"ENG","playtime":510,"items_purged":[],"score":224,"play_id":"44ba81fc-abee-483f-8efc-e79b991fb87b","local_time":"20210123143558","is_ascension_mode":true,"campfire_choices":[{"data":"Biased Cognition","floor":6,"key":"SMITH"},{"data":"Zap","floor":11,"key":"SMITH"},{"floor":15,"key":"REST"}],"circlet_count":0,"master_deck":["AscendersBane","Strike_B","Strike_B","Strike_B","Strike_B","Defend_B","Defend_B","Defend_B","Defend_B","Zap+1","Dualcast","Hyperbeam","Coolheaded","Capacitor","Biased Cognition+1","Streamline","Hologram","Injury","Ball Lightning","Self Repair"],"relics":["Cracked Core","Art of War","Bottled Lightning","Golden Idol","Emotion Chip"],"acts_visited":["Exordium"],"potions_floor_usage":[7,14],"damage_taken":[{"damage":0,"enemies":"2 Louse","floor":1,"turns":1},{"damage":2,"enemies":"Small Slimes","floor":2,"turns":3},{"damage":0,"enemies":"Jaw Worm","floor":3,"turns":3},{"damage":2,"enemies":"Looter","floor":4,"turns":3},{"damage":17,"enemies":"3 Sentries","floor":7,"turns":5},{"damage":0,"enemies":"3 Louse","floor":8,"turns":2},{"damage":5,"enemies":"Exordium Thugs","floor":13,"turns":4},{"damage":14,"enemies":"Lagavulin","floor":14,"turns":6},{"damage":35,"enemies":"Slime Boss","floor":16,"turns":8}],"seed_played":"8015011535605128413","potions_obtained":[{"floor":4,"key":"FocusPotion"},{"floor":8,"key":"Energy Potion"}],"is_trial":false,"path_per_floor":["M","M","M","M","?","R","E","M","T","?","R","?","M","E","R","B"],"character_chosen":"DEFECT","items_purchased":[],"campfire_rested":1,"item_purchase_floors":[],"current_hp_per_floor":[64,62,62,60,49,49,32,32,32,32,32,32,27,13,34,0,0],"gold":316,"neow_bonus":"THREE_RARE_CARDS","is_daily":false,"chose_seed":false,"campfire_upgraded":2,"win_rate":0.0,"timestamp":1611434158,"path_taken":["M","M","M","M","?","R","E","M","T","?","R","?","M","E","R","BOSS"],"items_purchased_type":[],"build_version":"2020-12-22","purchased_purges":0,"victory":false,"max_hp_per_floor":[71,71,71,71,71,71,71,71,71,71,71,71,71,71,71,71,71],"relic_stats":{"Emotion Chip":[4,2,2,0,0],"counters":[9,35],"Golden Idol":11,"Art of War":[7],"obtain_stats":[{"Emotion Chip":14,"Golden Idol":10,"Art of War":7,"Bottled Lightning":9,"Cracked Core":0},{"Emotion Chip":8,"Golden Idol":6,"Art of War":5,"Bottled Lightning":6,"Cracked Core":0},{"Emotion Chip":27,"Golden Idol":17,"Art of War":15,"Bottled Lightning":17,"Cracked Core":0}]},"card_choices":[{"not_picked":["Biased Cognition","Rainbow"],"picked":"Hyperbeam","floor":0},{"not_picked":["Stack","Redo"],"picked":"Coolheaded","floor":1},{"not_picked":["Double Energy","Go for the Eyes"],"picked":"Capacitor","floor":2},{"not_picked":["Leap","Gash","Steam"],"picked":"SKIP","floor":3},{"not_picked":["Melter","Redo"],"picked":"Biased Cognition","floor":4},{"not_picked":["Stack","Go for the Eyes"],"picked":"Streamline","floor":7},{"not_picked":["Scrape","Compile Driver"],"picked":"Hologram","floor":8},{"not_picked":["Gash","Barrage"],"picked":"Ball Lightning","floor":13},{"not_picked":["Go for the Eyes","Conserve Battery"],"picked":"Self Repair","floor":14}],"player_experience":1216211,"relics_obtained":[{"floor":7,"key":"Art of War"},{"floor":9,"key":"Bottled Lightning"},{"floor":14,"key":"Emotion Chip"}],"event_choices":[{"damage_healed":0,"gold_gain":75,"player_choice":"Gather Gold","damage_taken":11,"max_hp_gain":0,"max_hp_loss":0,"event_name":"World of Goop","floor":5,"gold_loss":0},{"damage_healed":0,"gold_gain":0,"player_choice":"Take Wound","damage_taken":0,"relics_obtained":["Golden Idol"],"max_hp_gain":0,"max_hp_loss":0,"event_name":"Golden Idol","floor":10,"gold_loss":0,"cards_obtained":["Injury"]},{"damage_healed":0,"gold_gain":0,"player_choice":"Ignored","damage_taken":0,"max_hp_gain":0,"max_hp_loss":0,"event_name":"Liars Game","floor":12,"gold_loss":0}],"is_beta":false,"boss_relics":[],"items_purged_floors":[],"is_endless":false,"potions_floor_spawned":[4,8],"killed_by":"Slime Boss","ascension_level":20}}