{"host":"dv29tre2e7vje47n","time":1611408811,"event":{"mods":["AchievementEnabler","BaseMod","Colored Map","Colored Powertips","DeckTracker","Displayed Cursed Tome","Downfall","Friendly Minions","Googly Eyes","Highlight Path","Key Reminder","Minty Spire (QoL Compilation)","Quick Restart","Random Character Button","Rare Cards Sparkle","Relic Sorter","Relic Stats","Spire Birthday Party","StSLib","SuperFastMode","Unceasing Turn Reminder"],"gold_per_floor":[99,99,274,274,274,300,300,93,93,109,109,109,135,135,147,244,244,244,263,263,463,463,463,463],"floor_reached":22,"language":"ENG","playtime":935,"items_purged":["Regret"],"score":222,"play_id":"5155e24e-4922-4d66-9290-1370efa6003c","local_time":"20210123143331","is_ascension_mode":true,"campfire_choices":[{"data":"sneckomod:TailWhip","floor":1,"key":"SMITH"},{"data":"sneckomod:SnekBite","floor":9,"key":"SMITH"}],"circlet_count":0,"master_deck":["sneckomod:Strike+1","sneckomod:Strike","sneckomod:Strike","sneckomod:Defend","sneckomod:Defend","sneckomod:Defend","sneckomod:TailWhip+1","sneckomod:SnekBite+1","sneckomod:Unknown","sneckomod:IronFang","sneckomod:SnakeSap","sneckomod:UnendingSupply","sneckomod:UnknownDraw","sneckomod:PureSnecko+1","Dagger Spray+1","sneckomod:MixItUp+1","sneckomod:RainOfDice+1","bronze:InfiniteLoop+1","sneckomod:SlitherStrike+1"],"relics":["sneckomod:SneckoSoul","downfall:HeartsMalice","Bronze Scales","Molten Egg 2","Kunai","White Beast Statue","SlaversCollar"],"acts_visited":["Exordium","TheCity"],"potions_floor_usage":[],"damage_taken":[{"damage":0,"enemies":"Jaw Worm","floor":2,"turns":1},{"damage":0,"enemies":"2 Louse","floor":5,"turns":1},{"damage":0,"enemies":"Gremlin Nob","floor":6,"turns":1},{"damage":6,"enemies":"downfall:FleeingMerchant","floor":8,"turns":4},{"damage":5,"enemies":"Small Slimes","floor":10,"turns":2},{"damage":9,"enemies":"3 Sentries","floor":13,"turns":5},{"damage":2,"enemies":"3 Louse","floor":15,"turns":1},{"damage":40,"enemies":"WA_ARCHETYPE_RETAIN","floor":16,"turns":8},{"damage":8,"enemies":"3 Byrds","floor":19,"turns":4},{"damage":32,"enemies":"3 Byrds","floor":21,"turns":6},{"damage":54,"enemies":"DF_ARCHETYPE_STREAMLINE","floor":22,"turns":6}],"seed_played":"-4432478184830080151","potions_obtained":[{"floor":10,"key":"Ancient Potion"},{"floor":13,"key":"hexamod:SoulburnPotion"},{"floor":15,"key":"DistilledChaos"},{"floor":19,"key":"Strength Potion"}],"is_trial":false,"path_per_floor":["R","M","?","?","M","E","T","$","R","M","?","R","E","?","M","B",null,"R","M","?","?","?"],"character_chosen":"THE_SNECKO","items_purchased":["sneckomod:UnendingSupply","sneckomod:UnknownDraw"],"campfire_rested":0,"item_purchase_floors":[8,8],"current_hp_per_floor":[90,90,90,90,90,90,90,84,84,79,79,79,70,70,68,33,90,90,82,64,32,0,0,0],"gold":463,"neow_bonus":"THREE_ENEMY_KILL","is_daily":false,"chose_seed":false,"campfire_upgraded":2,"win_rate":0.0,"timestamp":1611408811,"path_taken":["R","M","?","?","M","E","T","$","R","M","?","R","E","?","M","BOSS","R","M","?","?","?"],"items_purchased_type":["Card","Card"],"build_version":"2020-12-22","purchased_purges":1,"victory":false,"max_hp_per_floor":[90,90,90,90,90,90,90,90,90,90,90,90,90,90,90,90,90,90,90,95,95,95,95,95],"relic_stats":{"counters":[11,36],"Bronze Scales":[71],"Kunai":[15],"obtain_stats":[{"SlaversCollar":17,"Bronze Scales":4,"downfall:HeartsMalice":0,"Molten Egg 2":6,"Kunai":7,"sneckomod:SneckoSoul":0,"White Beast Statue":13},{"SlaversCollar":8,"Bronze Scales":1,"downfall:HeartsMalice":0,"Molten Egg 2":3,"Kunai":3,"sneckomod:SneckoSoul":0,"White Beast Statue":6},{"SlaversCollar":20,"Bronze Scales":0,"downfall:HeartsMalice":0,"Molten Egg 2":0,"Kunai":0,"sneckomod:SneckoSoul":0,"White Beast Statue":11}]},"card_choices":[{"not_picked":["sneckomod:SoulRoll","sneckomod:UnknownCommonSkill"],"picked":"sneckomod:IronFang","floor":2},{"not_picked":["sneckomod:IronFang","sneckomod:DiceBlock"],"picked":"sneckomod:SnakeSap","floor":5},{"not_picked":["sneckomod:QuickMove","sneckomod:UnknownCommonAttack+1","sneckomod:SerpentIdol"],"picked":"SKIP","floor":6},{"not_picked":["sneckomod:SoulRoll","sneckomod:DangerNoodle+1","sneckomod:SoulDraw"],"picked":"SKIP","floor":8},{"not_picked":["sneckomod:MixItUp+1","sneckomod:SoulRoll"],"picked":"sneckomod:PureSnecko","floor":10},{"not_picked":["sneckomod:DiceBlock","sneckomod:UnknownExhaust"],"picked":"sneckomod:MixItUp+1","floor":13},{"not_picked":["sneckomod:UnknownDexterity","sneckomod:DiceBlock"],"picked":"sneckomod:RainOfDice+1","floor":15},{"not_picked":["sneckomod:UnlimitedRolls","sneckomod:Mudshield"],"picked":"sneckomod:UnknownRareAttack+1","floor":16},{"not_picked":["sneckomod:UnknownClassPURPLE","sneckomod:UnknownStrength+1"],"picked":"sneckomod:SlitherStrike+1","floor":19}],"player_experience":120652,"relics_obtained":[{"floor":6,"key":"Molten Egg 2"},{"floor":7,"key":"Kunai"},{"floor":13,"key":"White Beast Statue"}],"event_choices":[{"damage_healed":0,"gold_gain":0,"player_choice":"Box","damage_taken":0,"relics_obtained":["Bronze Scales"],"max_hp_gain":0,"max_hp_loss":0,"event_name":"Big Fish","floor":4,"gold_loss":0,"cards_obtained":["Regret"]},{"cards_removed":["Doubt"],"damage_healed":0,"gold_gain":0,"player_choice":"Card Removal","damage_taken":0,"max_hp_gain":0,"max_hp_loss":0,"event_name":"The Cleric","floor":11,"gold_loss":0},{"damage_healed":0,"gold_gain":0,"player_choice":"Grow","damage_taken":0,"max_hp_gain":0,"max_hp_loss":0,"event_name":"Living Wall","floor":14,"gold_loss":0,"cards_upgraded":["sneckomod:PureSnecko"]}],"is_beta":false,"boss_relics":[{"not_picked":["Busted Crown","Philosopher\u0027s Stone"],"picked":"SlaversCollar"}],"items_purged_floors":[8],"is_endless":false,"potions_floor_spawned":[10,13,15,16,19,21],"killed_by":"DF_ARCHETYPE_STREAMLINE","ascension_level":1}}