{"host":"r0e4s450fexxrjel","time":1611411235,"event":{"mods":["A Penny For Your Troubles","AchievementEnabler","Act Like it!","AlwaysNeverKeys","BaseMod","Better Third Choice","ChefMod","Clawfect","Colored Map","Conspire","Dota2Spire","Energized Spire","Evolution","Friendly Minions","GifTheSpireLib","Gold Saver","Hubris","Infinite Spire","Minty Spire (QoL Compilation)","Pale of the Ancients","RRrroohrrRGHHhhh!!","Replay The Spire","Shop Mod","StSLib","The Druid"],"gold_per_floor":[110,110,121,121,133,160,180,180,207,240,240,253,253,288,288,393,393,407,419,419,432,432,465,465,477,477,520,520,520],"floor_reached":28,"language":"DEU","playtime":681,"items_purged":[],"score":349,"play_id":"b7e56810-ef29-48fd-9704-e97355480941","local_time":"20210123151355","is_ascension_mode":true,"campfire_choices":[{"data":"Clawfect:ClawSnap","floor":8,"key":"SMITH"},{"data":"Clawfect:ClawCell","floor":11,"key":"SMITH"},{"data":"FTL","floor":13,"key":"SMITH"},{"floor":15,"key":"REST"},{"floor":24,"key":"REST"}],"circlet_count":0,"master_deck":["Gash","Gash","Gash","Gash","Gash","rorgmod:Antivirus","rorgmod:Antivirus","rorgmod:Antivirus","Defend_B","Defend_B","Clawfect:ClawForTheEyes","FTL+1","Clawfect:ClawCell+1","Glacier","Clawfect:ClawSnap+1","Clawfect:Clawrage","Electrodynamics+1","Clawfect:ScrapingClaw","Clawfect:ClawForTheEyes","Clawfect:ClawForTheEyes","Clawfect:ClawAndGloom+1","Clawfect:ClawForTheEyes+1","Clawfect:ClawpileDriver"],"relics":["Clawfect:DRClaw","EVO:Axolotl","Happy Flower","Bag of Preparation","Dota2Spire:MaskOfMadness","Replay:Kaleidoscope","hubris:VirtuousBlindfold","Dota2Spire:EchoSabre","infinitespire:ShieldingShard","Dota2Spire:HandOfMidas"],"acts_visited":["Exordium","TheCity"],"potions_floor_usage":[16,16,28],"damage_taken":[{"damage":5,"enemies":"Cultist","floor":1,"turns":4},{"damage":2,"enemies":"Jaw Worm","floor":3,"turns":4},{"damage":0,"enemies":"Small Slimes","floor":5,"turns":3},{"damage":15,"enemies":"Lagavulin","floor":6,"turns":5},{"damage":6,"enemies":"2 Fungi Beasts","floor":7,"turns":4},{"damage":4,"enemies":"Gremlin Nob","floor":10,"turns":4},{"damage":0,"enemies":"Red Slaver","floor":12,"turns":3},{"damage":8,"enemies":"3 Sentries","floor":14,"turns":6},{"damage":29,"enemies":"Hexaghost","floor":16,"turns":5},{"damage":0,"enemies":"Chosen","floor":18,"turns":4},{"damage":3,"enemies":"Shell Parasite","floor":19,"turns":3},{"damage":12,"enemies":"Shelled Parasite and Fungi","floor":21,"turns":4},{"damage":23,"enemies":"Slavers","floor":23,"turns":4},{"damage":23,"enemies":"Snake Plant","floor":25,"turns":3},{"damage":6,"enemies":"Centurion and Healer","floor":27,"turns":3},{"damage":0,"enemies":"Nightmare","floor":28,"turns":1}],"seed_played":"7746158456568657629","potions_obtained":[{"floor":3,"key":"Doom Potion"},{"floor":10,"key":"PowerPotion"},{"floor":14,"key":"BlessingOfTheForge"},{"floor":16,"key":"Ancient Potion"},{"floor":18,"key":"FairyPotion"},{"floor":27,"key":"FearPotion"}],"is_trial":false,"path_per_floor":["M","$","M","?","M","E","M","R","T","E","R","M","R","E","R","B",null,"M","M","?","M","?","E","R","M","T","M","NM"],"character_chosen":"DEFECT","items_purchased":[],"campfire_rested":2,"item_purchase_floors":[],"current_hp_per_floor":[77,77,75,75,75,60,54,54,54,50,50,50,50,42,66,37,82,82,79,79,67,67,44,68,45,45,39,39,39],"gold":520,"neow_bonus":"TEN_PERCENT_HP_BONUS","is_daily":false,"chose_seed":false,"campfire_upgraded":3,"win_rate":0.0,"timestamp":1611411235,"path_taken":["M","?","M","?","M","E","M","R","T","E","R","M","R","E","R","BOSS","M","M","?","?","?","E","R","M","T","?","NM"],"items_purchased_type":[],"build_version":"2020-12-22","purchased_purges":0,"victory":false,"max_hp_per_floor":[82,82,82,82,82,82,82,82,82,82,82,82,82,82,82,82,82,82,82,82,82,82,82,82,82,82,82,82,82],"card_choices":[{"not_picked":["Genetic Algorithm","rorgmod:LRU Cache","Stack"],"picked":"SKIP","floor":1},{"not_picked":["hubris:Ukulele","rorgmod:Refrigerate"],"picked":"Clawfect:ClawForTheEyes","floor":3},{"not_picked":["hubris:Ukulele","rorgmod:Overcurrent"],"picked":"Clawfect:ClawCell","floor":5},{"not_picked":["Turbo","rorgmod:Hot Sockets"],"picked":"Glacier","floor":6},{"not_picked":["rorgmod:Hardcode","Clawfect:Clawrage"],"picked":"Clawfect:ClawSnap","floor":7},{"not_picked":["ReplayTheSpireMod:Calculation Training","Darkness","Panic Button"],"picked":"SKIP","floor":10},{"not_picked":["Double Energy","ReplayTheSpireMod:System Scan"],"picked":"Clawfect:Clawrage","floor":12},{"not_picked":["Coolheaded","Hologram","rorgmod:Fuse Blower"],"picked":"SKIP","floor":14},{"not_picked":["Meteor Strike","Seek"],"picked":"Electrodynamics","floor":16},{"not_picked":["Clawfect:Clawrage","rorgmod:Antivirus+1"],"picked":"Clawfect:ScrapingClaw","floor":18},{"not_picked":["Reinforced Body","Clawfect:ClawpileDriver+1"],"picked":"Clawfect:ClawForTheEyes","floor":19},{"not_picked":["rorgmod:Overcurrent","rorgmod:Antivirus"],"picked":"Clawfect:ClawForTheEyes","floor":21},{"not_picked":["Clawfect:ClawSnap","FIFO Queue"],"picked":"Clawfect:ClawAndGloom+1","floor":23},{"not_picked":["ReplayTheSpireMod:Reroute Power+1","rorgmod:Steady Aim"],"picked":"Clawfect:ClawForTheEyes+1","floor":25},{"not_picked":["hubris:PowerSurge+1","Blizzard"],"picked":"Clawfect:ClawpileDriver","floor":27}],"player_experience":63104,"relics_obtained":[{"floor":6,"key":"Happy Flower"},{"floor":9,"key":"Bag of Preparation"},{"floor":10,"key":"Dota2Spire:MaskOfMadness"},{"floor":14,"key":"Replay:Kaleidoscope"},{"floor":23,"key":"infinitespire:ShieldingShard"},{"floor":26,"key":"Dota2Spire:HandOfMidas"}],"event_choices":[{"damage_healed":0,"gold_gain":0,"player_choice":"Upgraded","damage_taken":0,"max_hp_gain":0,"max_hp_loss":0,"event_name":"Upgrade Shrine","floor":20,"gold_loss":0,"cards_upgraded":["Electrodynamics"]},{"damage_healed":0,"gold_gain":0,"player_choice":"Gave Potion","damage_taken":0,"relics_obtained":["Dota2Spire:EchoSabre"],"max_hp_gain":0,"max_hp_loss":0,"event_name":"WeMeetAgain","floor":22,"gold_loss":0}],"is_beta":false,"boss_relics":[{"not_picked":["energizedSpire:StickyHand","Runic Dome"],"picked":"hubris:VirtuousBlindfold"}],"items_purged_floors":[],"is_endless":false,"potions_floor_spawned":[3,10,14,16,18,21,27],"killed_by":"Nightmare","ascension_level":3}}