{"host":"1c17lcvl7acx821p","time":1611398962,"event":{"mods":["AchievementEnabler","BaseMod","Colored Map","Minty Spire (QoL Compilation)","StSLib"],"gold_per_floor":[117,131,9,28,103,131,131,131,213,244,259,290,290,310,310,413,413,433,532,157,171,86,86,114,314,314,342,362,362,374,299,299,396,396,411,411,411,46,61,95,109,109,109,109,137,153,153,165,165,165,165,165,49,81,81,81],"floor_reached":55,"language":"ENG","playtime":2696,"items_purged":["Strike_G"],"score":1199,"play_id":"4b4350d9-1ac9-44ef-96a7-4384b7abbbf9","local_time":"20210123124922","is_ascension_mode":true,"campfire_choices":[{"floor":8,"key":"REST"},{"floor":13,"key":"REST"},{"data":"Footwork","floor":15,"key":"SMITH"},{"floor":32,"key":"RECALL"},{"floor":42,"key":"REST"},{"floor":44,"key":"REST"},{"floor":49,"key":"REST"},{"floor":52,"key":"REST"}],"circlet_count":0,"master_deck":["Strike_G+1","Defend_G","Defend_G","Defend_G","Defend_G+1","Survivor","Neutralize","Sucker Punch","Bane","Footwork+1","Noxious Fumes","Poisoned Stab","Dash","Deadly Poison","Poisoned Stab","Noxious Fumes","Crippling Poison","Leg Sweep","Adrenaline","Well Laid Plans","Blur","A Thousand Cuts","Envenom","Dagger Throw","After Image","Reflex","Acrobatics","Cloak And Dagger+1","Acrobatics","Deadly Poison+1","Adrenaline","Madness","Madness","Bane+1","Blade Dance+1","Backflip+1","Quick Slash+1"],"relics":["Ring of the Snake","NeowsBlessing","Dream Catcher","Ornamental Fan","Strawberry","Lantern","Fusion Hammer","Regal Pillow","Strange Spoon","The Courier","Lizard Tail","Smiling Mask","TungstenRod","Sozu","Medical Kit","Calipers","CaptainsWheel","Darkstone Periapt","Bag of Preparation","Bottled Tornado"],"acts_visited":["Exordium","TheCity","TheBeyond","TheEnding"],"potions_floor_usage":[10,16,16,24,27,28,30,54,55],"damage_taken":[{"damage":0,"enemies":"Cultist","floor":1,"turns":1},{"damage":0,"enemies":"2 Louse","floor":2,"turns":1},{"damage":0,"enemies":"Jaw Worm","floor":4,"turns":1},{"damage":18,"enemies":"Lagavulin","floor":6,"turns":9},{"damage":0,"enemies":"3 Sentries","floor":10,"turns":6},{"damage":6,"enemies":"Blue Slaver","floor":11,"turns":4},{"damage":24,"enemies":"Gremlin Nob","floor":12,"turns":4},{"damage":0,"enemies":"Looter","floor":14,"turns":2},{"damage":3,"enemies":"Hexaghost","floor":16,"turns":8},{"damage":12,"enemies":"2 Thieves","floor":18,"turns":4},{"damage":0,"enemies":"Chosen","floor":21,"turns":4},{"damage":24,"enemies":"Slavers","floor":24,"turns":5},{"damage":15,"enemies":"Book of Stabbing","floor":27,"turns":8},{"damage":16,"enemies":"Sentry and Sphere","floor":28,"turns":8},{"damage":11,"enemies":"Centurion and Healer","floor":30,"turns":7},{"damage":28,"enemies":"Champ","floor":33,"turns":12},{"damage":10,"enemies":"3 Shapes","floor":35,"turns":4},{"damage":11,"enemies":"Orb Walker","floor":39,"turns":5},{"damage":33,"enemies":"Reptomancer","floor":40,"turns":10},{"damage":0,"enemies":"Maw","floor":41,"turns":7},{"damage":15,"enemies":"Giant Head","floor":45,"turns":10},{"damage":15,"enemies":"Spire Growth","floor":46,"turns":5},{"damage":0,"enemies":"4 Shapes","floor":48,"turns":8},{"damage":48,"enemies":"Donu and Deca","floor":50,"turns":12},{"damage":65,"enemies":"Shield and Spear","floor":54,"turns":10},{"damage":31,"enemies":"The Heart","floor":55,"turns":2}],"seed_played":"-7259322656746067190","potions_obtained":[{"floor":11,"key":"Block Potion"},{"floor":12,"key":"ColorlessPotion"},{"floor":14,"key":"PowerPotion"},{"floor":16,"key":"SteroidPotion"},{"floor":18,"key":"SteroidPotion"},{"floor":24,"key":"GamblersBrew"},{"floor":27,"key":"LiquidBronze"},{"floor":33,"key":"Poison Potion"}],"is_trial":false,"path_per_floor":["M","M","$","M","?","E","?","R","T","E","M","E","R","M","R","B",null,"M","?","$","M","?","?","E","?","T","E","M","?","M","?","R","B",null,"M","?","?","$","M","E","M","R","T","R","E","M","?","M","R","B",null,"R","$","E","B"],"character_chosen":"THE_SILENT","items_purchased":["Footwork","Fire Potion","Regal Pillow","Strange Spoon","Medical Kit","Calipers","Bag of Preparation"],"campfire_rested":6,"item_purchase_floors":[3,3,20,20,38,38,53],"current_hp_per_floor":[63,63,63,63,52,34,20,41,41,48,42,18,41,41,41,38,67,55,55,55,55,55,55,31,31,31,16,38,87,76,76,76,48,77,67,67,65,65,54,21,21,62,62,87,72,57,47,47,87,39,75,87,87,22,0,0],"gold":81,"neow_bonus":"THREE_ENEMY_KILL","is_daily":false,"chose_seed":false,"campfire_upgraded":1,"win_rate":0.0,"timestamp":1611398962,"path_taken":["M","M","$","?","?","E","?","R","T","E","M","E","R","M","R","BOSS","M","?","$","M","?","?","E","?","T","E","?","?","?","?","R","BOSS","M","?","?","$","?","E","M","R","T","R","E","M","?","M","R","BOSS","R","$","E","BOSS"],"items_purchased_type":["Card","Potion","Relic","Relic","Relic","Relic","Relic"],"build_version":"2020-12-22","purchased_purges":1,"victory":false,"max_hp_per_floor":[70,70,70,70,70,70,70,70,70,77,77,77,77,77,77,77,77,77,77,77,77,77,77,77,77,77,77,77,87,87,87,87,87,87,87,87,87,87,87,87,87,87,87,87,87,87,87,87,87,87,87,87,87,87,87,87],"card_choices":[{"not_picked":["Concentrate","Deflect"],"picked":"Sucker Punch","floor":1},{"not_picked":["Underhanded Strike","Prepared"],"picked":"Bane","floor":2},{"not_picked":["Tactician","Terror"],"picked":"Noxious Fumes","floor":4},{"not_picked":["Quick Slash","Slice"],"picked":"Poisoned Stab","floor":6},{"not_picked":["Outmaneuver","Dagger Throw"],"picked":"Dash","floor":8},{"not_picked":["Dagger Spray","Dash"],"picked":"Deadly Poison","floor":10},{"not_picked":["Backflip","Setup"],"picked":"Poisoned Stab","floor":11},{"not_picked":["Acrobatics","Masterful Stab"],"picked":"Noxious Fumes","floor":12},{"not_picked":["Quick Slash","Flying Knee"],"picked":"Crippling Poison","floor":13},{"not_picked":["PiercingWail","Underhanded Strike"],"picked":"Leg Sweep","floor":14},{"not_picked":["After Image","Wraith Form v2"],"picked":"Adrenaline","floor":16},{"not_picked":["Deflect","Riddle With Holes"],"picked":"Well Laid Plans","floor":18},{"not_picked":["Eviscerate","Flying Knee"],"picked":"Blur","floor":21},{"not_picked":["Terror","Deadly Poison"],"picked":"Envenom","floor":24},{"not_picked":["Flying Knee","Backstab","Distraction"],"picked":"SKIP","floor":27},{"not_picked":["Noxious Fumes","Outmaneuver","Masterful Stab+1"],"picked":"SKIP","floor":28},{"not_picked":["Prepared","Underhanded Strike"],"picked":"Dagger Throw","floor":30},{"not_picked":["Unload","Tools of the Trade"],"picked":"After Image","floor":33},{"not_picked":["Well Laid Plans","Sucker Punch"],"picked":"Reflex","floor":35},{"not_picked":["Crippling Poison","Blade Dance"],"picked":"Acrobatics","floor":39},{"not_picked":["Flying Knee","Corpse Explosion"],"picked":"Cloak And Dagger+1","floor":40},{"not_picked":["Crippling Poison","Deadly Poison+1"],"picked":"Acrobatics","floor":41},{"not_picked":["Caltrops","Sucker Punch"],"picked":"Deadly Poison+1","floor":44},{"not_picked":["Expertise+1","Eviscerate"],"picked":"Adrenaline","floor":45},{"not_picked":["Bane","Concentrate","Calculated Gamble"],"picked":"SKIP","floor":46},{"not_picked":["Slice+1","Escape Plan"],"picked":"Bane+1","floor":48},{"not_picked":["Bane","PiercingWail"],"picked":"Blade Dance+1","floor":49},{"not_picked":["Riddle With Holes+1","Well Laid Plans"],"picked":"Backflip+1","floor":52},{"not_picked":["Cloak And Dagger","Prepared+1"],"picked":"Quick Slash+1","floor":54}],"player_experience":181912,"relics_obtained":[{"floor":6,"key":"Dream Catcher"},{"floor":9,"key":"Ornamental Fan"},{"floor":10,"key":"Strawberry"},{"floor":12,"key":"Lantern"},{"floor":24,"key":"Lizard Tail"},{"floor":26,"key":"Smiling Mask"},{"floor":27,"key":"TungstenRod"},{"floor":40,"key":"CaptainsWheel"},{"floor":45,"key":"Darkstone Periapt"},{"floor":54,"key":"Bottled Tornado"}],"event_choices":[{"damage_healed":0,"gold_gain":75,"player_choice":"Gather Gold","damage_taken":11,"max_hp_gain":0,"max_hp_loss":0,"event_name":"World of Goop","floor":5,"gold_loss":0},{"damage_healed":0,"gold_gain":0,"player_choice":"Entered Light","damage_taken":14,"max_hp_gain":0,"max_hp_loss":0,"event_name":"Shining Light","floor":7,"gold_loss":0,"cards_upgraded":["Defend_G","Strike_G"]},{"damage_healed":0,"gold_gain":99,"player_choice":"Stole From Cult","damage_taken":0,"max_hp_gain":0,"max_hp_loss":0,"event_name":"Nest","floor":19,"gold_loss":0},{"damage_healed":0,"gold_gain":0,"player_choice":"Obtained Relic","damage_taken":0,"relics_obtained":["The Courier"],"max_hp_gain":0,"max_hp_loss":0,"event_name":"Addict","floor":22,"gold_loss":85},{"damage_healed":0,"gold_gain":0,"cards_transformed":["Strike_G","Strike_G"],"player_choice":"Became Test Subject","damage_taken":0,"max_hp_gain":0,"max_hp_loss":0,"event_name":"Drug Dealer","floor":23,"gold_loss":0,"cards_obtained":["A Thousand Cuts","A Thousand Cuts"]},{"damage_healed":0,"gold_gain":250,"player_choice":"Bet on Owner","damage_taken":0,"max_hp_gain":0,"max_hp_loss":0,"event_name":"The Joust","floor":25,"gold_loss":50},{"cards_removed":["A Thousand Cuts"],"damage_healed":39,"gold_gain":0,"player_choice":"Offered Rare","damage_taken":0,"max_hp_gain":10,"max_hp_loss":0,"event_name":"Bonfire Elementals","floor":29,"gold_loss":0},{"cards_removed":["Strike_G"],"damage_healed":0,"gold_gain":0,"player_choice":"Gave Gold","damage_taken":0,"max_hp_gain":0,"max_hp_loss":0,"event_name":"Beggar","floor":31,"gold_loss":75},{"cards_removed":["Defend_G"],"damage_healed":0,"gold_gain":0,"player_choice":"Removed Skill","damage_taken":0,"max_hp_gain":0,"max_hp_loss":0,"event_name":"Falling","floor":36,"gold_loss":0},{"damage_healed":0,"gold_gain":0,"player_choice":"Punched","damage_taken":3,"max_hp_gain":0,"max_hp_loss":0,"event_name":"Designer","floor":37,"gold_loss":0},{"damage_healed":0,"gold_gain":0,"player_choice":"Embrace Madness","damage_taken":11,"max_hp_gain":0,"max_hp_loss":0,"event_name":"Winding Halls","floor":47,"gold_loss":0,"cards_obtained":["Madness","Madness"]}],"is_beta":false,"boss_relics":[{"not_picked":["Empty Cage","SacredBark"],"picked":"Fusion Hammer"},{"not_picked":["Philosopher\u0027s Stone","Velvet Choker"],"picked":"Sozu"}],"items_purged_floors":[20],"is_endless":false,"potions_floor_spawned":[11,12,14,16,18,24,27,33,39,45],"killed_by":"The Heart","ascension_level":9}}