{"host":"kiczkwpc36uxnkg8","time":1611419753,"event":{"mods":["AchievementEnabler","Act Like it!","Aspiration","BaseMod","Better Note","Colored Powertips","Conspire","Defective Defect","Energized Spire","GifTheSpireLib","GungeonMod","Hermit","Hubris","Infinite Spire","Koishi","Marisa????????","Minty Spire (QoL Compilation)","Pale of the Ancients","Permanent Neow","Quick Restart","Relic Filter","Remilia??????","Replay The Spire","Spicy Shops","StSLib","Stuff the Spire","The Animator","The Bug Knight","The Kombatant","Uncapped","Wandering Minibosses"],"gold_per_floor":[119,119,138,155,33,33,65,82,82,102,102,115,138,148,148,243,243,261,261,278,289,41,70,70,86,86,286,301,327,327,347,347,452,452,467,493,503,503,503,515,515,547,547,547,547,547,547,567,567,600,600,600,600,610,654,383,383,401,401,135,135,135],"floor_reached":63,"language":"ENG","playtime":2510,"items_purged":["Strike_R","Strike_R","Strike_R"],"score":1761,"play_id":"a5f714b3-7eef-4c7b-a847-3cbd2b417d90","local_time":"20210123163552","is_ascension_mode":true,"campfire_choices":[{"data":"Life Link","floor":6,"key":"SMITH"},{"floor":11,"key":"REST"},{"data":"True Grit","floor":15,"key":"SMITH"},{"data":"Body Slam","floor":30,"key":"SMITH"},{"floor":43,"key":"REST"},{"data":"Life Link","floor":46,"key":"SMITH"},{"data":"StuffTheSpire:BrainWave","floor":51,"key":"SMITH"},{"floor":57,"key":"REST"},{"data":"Demon Form","floor":59,"key":"SMITH"}],"circlet_count":0,"master_deck":["Strike_R","Strike_R","Defend_R","Defend_R","Defend_R","Defend_R","Bash","Thunderclap","Rage","Life Link+1","Secret Technique","Finesse","Finesse+1","Offering","ReplayReversal","Second Wind","Rampage","True Grit+1","Brutality","Reaper","Burning Pact","Feel No Pain","Life Link+1","ReplayReversal+1","Body Slam+1","StuffTheSpire:Incineration","Demon Form+1","Rage","Intimidate","Shrug It Off+1","StuffTheSpire:BrainWave+1","ReplayReversal","ReplayUltimateDefense","Fire Breathing","DemoMod:Invincible"],"relics":["Runic Cube","hubris:Spice","ReplayTheSpireMod:ShopPack","aspiration:FrozenJewel","infinitespire:WardingShard","Replay:Mystery Machine","energizedSpire:DecayingSkull","aspiration:RitualStick","infinitespire:Cupcake","hubris:Icosahedron","hubris:BundleOfHerbs","Replay:Accelerometer","Molten Egg 2","paleoftheancients:Timepiece","CultistMask","ReplayTheSpireMod:Shallot","paleoftheancients:SoulOfTheDefect"],"acts_visited":["Exordium","TheCity","TheBeyond","paleoftheancients:PaleOfTheAncients"],"potions_floor_usage":[16,23,33,36,40,40,52,52,58],"damage_taken":[{"damage":5,"enemies":"Small Slimes","floor":1,"turns":3},{"damage":13,"enemies":"infinitespire:Voidling","floor":3,"turns":4},{"damage":0,"enemies":"Cultist","floor":4,"turns":3},{"damage":30,"enemies":"Lagavulin","floor":7,"turns":5},{"damage":12,"enemies":"Exordium Thugs","floor":8,"turns":3},{"damage":11,"enemies":"Exordium Wildlife","floor":10,"turns":2},{"damage":3,"enemies":"3 Louse","floor":12,"turns":3},{"damage":0,"enemies":"Exordium Thugs","floor":14,"turns":4},{"damage":23,"enemies":"Hexaghost","floor":16,"turns":10},{"damage":5,"enemies":"Spheric Guardian","floor":18,"turns":4},{"damage":7,"enemies":"Shell Parasite","floor":20,"turns":3},{"damage":13,"enemies":"Snake Plant","floor":21,"turns":4},{"damage":19,"enemies":"conspire:SneckoGhost","floor":23,"turns":6},{"damage":13,"enemies":"Cultist and Chosen","floor":25,"turns":5},{"damage":8,"enemies":"3 Cultists","floor":28,"turns":4},{"damage":10,"enemies":"HollowMod:Nosk","floor":29,"turns":7},{"damage":10,"enemies":"Chosen and Byrds","floor":31,"turns":3},{"damage":8,"enemies":"Collector","floor":33,"turns":5},{"damage":7,"enemies":"Orb Walker","floor":35,"turns":3},{"damage":49,"enemies":"conspire:MimicChest","floor":36,"turns":4},{"damage":16,"enemies":"3 Darklings","floor":37,"turns":4},{"damage":21,"enemies":"4 Shapes","floor":40,"turns":2},{"damage":16,"enemies":"Reptomancer","floor":42,"turns":5},{"damage":7,"enemies":"Sphere and 2 Shapes","floor":48,"turns":4},{"damage":9,"enemies":"Giant Head","floor":50,"turns":4},{"damage":62,"enemies":"Awakened One","floor":52,"turns":8},{"damage":90,"enemies":"Awakened One","floor":53,"turns":4},{"damage":66,"enemies":"Awakened One","floor":54,"turns":8},{"damage":12,"enemies":"Awakened One","floor":58,"turns":8},{"damage":16,"enemies":"paleoftheancients:N","floor":62,"turns":13}],"seed_played":"-3143934337209833207","potions_obtained":[{"floor":1,"key":"FearPotion"},{"floor":10,"key":"SkillPotion"},{"floor":14,"key":"SteroidPotion"},{"floor":20,"key":"Swift Potion"},{"floor":25,"key":"ColorlessPotion"},{"floor":28,"key":"BlessingOfTheForge"},{"floor":33,"key":"AttackPotion"},{"floor":37,"key":"AttackPotion"},{"floor":40,"key":"Elixir"},{"floor":42,"key":"Elixir"},{"floor":48,"key":"Adrenaline Potion"},{"floor":55,"key":"Milkshake"},{"floor":58,"key":"BloodPotion"}],"is_trial":false,"path_per_floor":["M","?","M","M","$","R","E","M","T","M","R","M","T","M","R","B",null,"M","?","M","M","$","E","$","M","T","?","M","E","R","M","R","B",null,"M","?","M","PTL","PTL","M","?","E","R","?","T","R","?","M","AVR","E","R","B","M","M","?","$","R","M","R","$","?","B",null],"character_chosen":"IRONCLAD","items_purchased":["ReplayTheSpireMod:ShopPack","Life Link","Regen Potion","ReplayUltimateDefense","Fire Breathing","DemoMod:Invincible"],"campfire_rested":3,"item_purchase_floors":[5,22,22,56,60,60],"current_hp_per_floor":[75,83,79,79,79,79,49,37,37,26,52,49,49,49,49,26,88,83,65,65,55,55,64,64,63,63,63,79,70,70,69,80,80,80,73,33,20,20,20,23,23,17,41,41,41,41,41,43,43,42,42,72,72,39,11,11,32,68,68,68,68,68],"gold":135,"neow_bonus":"BOSS_RELIC","is_daily":false,"chose_seed":false,"campfire_upgraded":6,"win_rate":0.0,"timestamp":1611419752,"path_taken":["M","?","?","M","$","R","E","M","T","M","R","?","?","M","R","BOSS","M","?","M","M","$","E","$","M","T","?","M","E","R","?","R","BOSS","M","?","M","PTL","PTL","M","?","E","R","?","T","R","?","M","AVR","E","R","BOSS","M","M","?","$","R","M","R","$","?","BOSS"],"items_purchased_type":["Relic","Card","Potion","Card","Card","Card"],"build_version":"2020-12-22","purchased_purges":3,"victory":true,"max_hp_per_floor":[80,88,88,88,88,88,88,88,88,88,88,88,88,88,88,88,88,88,88,88,88,88,96,96,88,80,80,80,80,80,80,80,80,80,80,80,80,80,80,80,80,80,80,80,80,80,72,72,72,72,72,72,72,72,72,72,72,72,72,72,72,72],"card_choices":[{"not_picked":["Whirlwind","Armaments"],"picked":"Thunderclap","floor":1},{"not_picked":["ReplayTheSpireMod:Strike From Hell","DemoMod:WhiteBlade"],"picked":"Rage","floor":3},{"not_picked":["Pommel Strike","Rage"],"picked":"Life Link","floor":4},{"not_picked":["DemoMod:Deposit","Master of Strategy"],"picked":"Secret Technique","floor":5},{"not_picked":["Replay:Parry","Swift Strike"],"picked":"Finesse","floor":5},{"not_picked":["Impatience","ReplayUltimateDefense"],"picked":"Finesse","floor":5},{"not_picked":["Warcry","Iron Wave"],"picked":"Offering","floor":7},{"not_picked":["Flex","DemoMod:WhiteBlade"],"picked":"ReplayReversal","floor":8},{"not_picked":["Entrench","Heavy Blade"],"picked":"Second Wind","floor":10},{"not_picked":["StuffTheSpire:RagingBull","StuffTheSpire:RockThrow"],"picked":"Rampage","floor":12},{"not_picked":["DemoMod:BlackBlade","Dropkick"],"picked":"True Grit","floor":14},{"not_picked":["Bludgeon","Limit Break"],"picked":"Brutality","floor":16},{"not_picked":["Warcry","DemoMod:BlackBlade"],"picked":"Reaper","floor":18},{"not_picked":["Evolve","Armaments"],"picked":"Burning Pact","floor":20},{"not_picked":["Headbutt","Shrug It Off"],"picked":"Feel No Pain","floor":21},{"not_picked":["Inflame","Second Wind"],"picked":"ReplayReversal+1","floor":23},{"not_picked":["Evolve+1","Infernal Blade"],"picked":"hubris:SpiceAddiction","floor":25},{"not_picked":["hubris:SpiceAddiction","Pummel"],"picked":"Body Slam","floor":28},{"not_picked":["hubris:SpiceAddiction","hubris:SpiceAddiction","True Grit"],"picked":"SKIP","floor":29},{"not_picked":["Body Slam","ReplayTheSpireMod:Strike From Hell"],"picked":"StuffTheSpire:Incineration","floor":31},{"not_picked":["conspire:HitWhereItHurts","Reaper"],"picked":"Demon Form","floor":33},{"not_picked":["Havoc","hubris:ReadiedAction","StuffTheSpire:Pyroclast"],"picked":"SKIP","floor":35},{"not_picked":["Whirlwind","Defy Death+1"],"picked":"Rage","floor":37},{"not_picked":["Havoc+1","StuffTheSpire:RockThrow"],"picked":"Intimidate","floor":40},{"not_picked":["ReplayTheSpireMod:LeadingStrike","Sword Boomerang+1"],"picked":"Shrug It Off+1","floor":42},{"not_picked":["Replay:Undeath\u0027s Touch+1","Carnage"],"picked":"ReplayReversal","floor":48},{"not_picked":["Massacre+1","Cleave+1","Run Through+1"],"picked":"SKIP","floor":50},{"not_picked":["hubris:ReadiedAction+1","Flex","DemoMod:BlackBlade+1"],"picked":"SKIP","floor":54},{"not_picked":["StuffTheSpire:BloodClot","StuffTheSpire:RockThrow+1","Perfected Strike+1"],"picked":"SKIP","floor":58}],"player_experience":780549,"relics_obtained":[{"floor":7,"key":"aspiration:FrozenJewel"},{"floor":9,"key":"infinitespire:WardingShard"},{"floor":13,"key":"Replay:Mystery Machine"},{"floor":23,"key":"hubris:Spice"},{"floor":26,"key":"hubris:Spice"},{"floor":42,"key":"hubris:BundleOfHerbs"},{"floor":45,"key":"Replay:Accelerometer"},{"floor":55,"key":"ReplayTheSpireMod:Shallot"},{"floor":58,"key":"paleoftheancients:SoulOfTheDefect"}],"event_choices":[{"damage_healed":0,"gold_gain":0,"player_choice":"Gave Potion","damage_taken":0,"relics_obtained":["hubris:Spice"],"max_hp_gain":0,"max_hp_loss":0,"event_name":"WeMeetAgain","floor":2,"gold_loss":0},{"damage_healed":0,"gold_gain":200,"player_choice":"Gold","damage_taken":0,"max_hp_gain":0,"max_hp_loss":0,"event_name":"Wheel of Change","floor":27,"gold_loss":0},{"damage_healed":0,"gold_gain":0,"player_choice":"Ignored","damage_taken":0,"max_hp_gain":0,"max_hp_loss":0,"event_name":"Tomb of Lord Red Mask","floor":44,"gold_loss":0}],"is_beta":false,"boss_relics":[{"not_picked":["hubris:Spice","aspiration:RunicSpoon"],"picked":"energizedSpire:DecayingSkull"},{"not_picked":["hubris:Spice","hubris:CrackedHourglass"],"picked":"infinitespire:Cupcake"}],"items_purged_floors":[22,49,56],"is_endless":false,"potions_floor_spawned":[1,10,14,20,25,28,33,37,40,42,48,58],"ascension_level":4}}