{"host":"dpbezu80jg8zk7un","time":1611418755,"event":{"mods":["BaseMod","Colored Map","Colored Powertips","Custom Start","DeckTracker","Minty Spire (QoL Compilation)","Quick Restart","StSLib","SuperFastMode"],"gold_per_floor":[110,35,48,66,76,76,101,124,148,183,195,209,229,264,264,340,340,380,390,290,215,265,265,292,292,292,292,304,341,216,291,291,366,366,378,378,378,396,416,447,482,517,562,562,617,617,642,213,213,213,238,238,238,154,184,184],"floor_reached":57,"language":"KOR","playtime":2603,"items_purged":["Defend_P","BattleHymn","EmptyBody","Evaluate"],"score":3060,"play_id":"5ff95588-304b-43e4-b69c-3c6ecced2854","local_time":"20210124011915","is_ascension_mode":true,"campfire_choices":[{"data":"WheelKick","floor":6.0,"key":"SMITH"},{"data":"Vault","floor":15.0,"key":"SMITH"},{"data":"Scrawl","floor":23.0,"key":"SMITH"},{"data":"Adaptation","floor":25.0,"key":"SMITH"},{"data":"MentalFortress","floor":27.0,"key":"SMITH"},{"data":"CrushJoints","floor":32.0,"key":"SMITH"},{"floor":44,"key":"RECALL"},{"data":"Meditate","floor":46,"key":"SMITH"},{"data":"FlurryOfBlows","floor":49,"key":"SMITH"},{"data":"Wish","floor":53,"key":"SMITH"}],"circlet_count":0,"master_deck":["AscendersBane","Eruption+1","Vigilance+1","WheelKick+1","Meditate+1","Vault+1","MentalFortress+1","Scrawl+1","CrushJoints+1","Wish+1","FlurryOfBlows+1","EmptyFist","Adaptation+1"],"relics":["PureWater","War Paint","MealTicket","Bag of Marbles","Tiny Chest","Toy Ornithopter","Pandora\u0027s Box","Akabeko","InkBottle","SlaversCollar","Juzu Bracelet","Lantern","Omamori","White Beast Statue","Shuriken","Bird Faced Urn"],"acts_visited":["Exordium","TheCity","TheBeyond","TheEnding"],"potions_floor_usage":[39,56,56],"damage_taken":[{"damage":0.0,"enemies":"Cultist","floor":1.0,"turns":2.0},{"damage":0.0,"enemies":"2 Louse","floor":3.0,"turns":3.0},{"damage":0.0,"enemies":"Jaw Worm","floor":4.0,"turns":3.0},{"damage":7.0,"enemies":"Exordium Thugs","floor":5.0,"turns":4.0},{"damage":5.0,"enemies":"Lagavulin","floor":7.0,"turns":4.0},{"damage":23.0,"enemies":"3 Sentries","floor":10.0,"turns":9.0},{"damage":4.0,"enemies":"3 Louse","floor":11.0,"turns":3.0},{"damage":0.0,"enemies":"Blue Slaver","floor":12.0,"turns":1.0},{"damage":0.0,"enemies":"Exordium Wildlife","floor":13.0,"turns":1.0},{"damage":0.0,"enemies":"Gremlin Nob","floor":14.0,"turns":4.0},{"damage":5.0,"enemies":"Hexaghost","floor":16.0,"turns":9.0},{"damage":0.0,"enemies":"3 Byrds","floor":18.0,"turns":6.0},{"damage":0.0,"enemies":"Chosen","floor":19.0,"turns":3.0},{"damage":11.0,"enemies":"Slavers","floor":24.0,"turns":7.0},{"damage":3.0,"enemies":"Centurion and Healer","floor":28.0,"turns":2.0},{"damage":0.0,"enemies":"Chosen and Byrds","floor":29.0,"turns":3.0},{"damage":3.0,"enemies":"Collector","floor":33.0,"turns":6.0},{"damage":0.0,"enemies":"3 Shapes","floor":35.0,"turns":2.0},{"damage":0.0,"enemies":"Orb Walker","floor":38.0,"turns":1.0},{"damage":20,"enemies":"Sphere and 2 Shapes","floor":39,"turns":6},{"damage":1,"enemies":"Giant Head","floor":40,"turns":3},{"damage":0,"enemies":"3 Darklings","floor":41,"turns":5},{"damage":0,"enemies":"Nemesis","floor":42,"turns":2},{"damage":0,"enemies":"Reptomancer","floor":47,"turns":3},{"damage":13,"enemies":"Time Eater","floor":50,"turns":7},{"damage":10,"enemies":"Awakened One","floor":51,"turns":5},{"damage":0,"enemies":"Shield and Spear","floor":55,"turns":4},{"damage":57,"enemies":"The Heart","floor":56,"turns":8}],"seed_played":"-7245425310451054588","potions_obtained":[{"floor":1.0,"key":"FearPotion"},{"floor":12.0,"key":"SkillPotion"},{"floor":13.0,"key":"DuplicationPotion"},{"floor":16.0,"key":"GamblersBrew"},{"floor":24.0,"key":"BottledMiracle"},{"floor":37.0,"key":"PowerPotion"},{"floor":37.0,"key":"AttackPotion"},{"floor":38.0,"key":"Fruit Juice"},{"floor":39,"key":"Fire Potion"}],"is_trial":false,"path_per_floor":["M","$","M","M","M","R","E","T","T","E","M","M","M","E","R","B",null,"M","M","$","?","?","R","E","R","T","R","M","M","$","T","R","B",null,"M","?","?","M","M","E","M","E","T","R","T","R","E","$","R","B","B",null,"R","$","E","B",null],"character_chosen":"WATCHER","items_purchased":["Shuriken","StancePotion"],"campfire_rested":0,"item_purchase_floors":[48,54],"current_hp_per_floor":[61,61,61,61,54,54,49,49,49,26,22,22,22,22,22,22,57,57,57,68,68,68,68,57,57,57,57,59,64,68,68,68,65,67,67,67,67,67,57,56,56,56,56,56,56,56,56,71,71,58,48,67,67,73,73,22],"gold":184,"neow_bonus":"UPGRADE_CARD","is_daily":false,"chose_seed":false,"campfire_upgraded":9,"win_rate":0.0,"timestamp":1611418755,"path_taken":["M","$","M","M","M","R","E","?","T","E","M","M","M","E","R","BOSS","M","M","$","?","?","R","E","R","T","R","?","M","$","?","R","BOSS","M","?","?","?","M","E","M","E","T","R","?","R","E","$","R","BOSS","BOSS","R","$","E","BOSS"],"items_purchased_type":["Relic","Potion"],"build_version":"2020-12-22","purchased_purges":4,"victory":true,"max_hp_per_floor":[68,68,68,68,68,68,68,68,68,68,68,68,68,68,68,68,68,68,68,68,68,68,68,68,68,68,68,68,68,68,68,68,68,68,68,68,68,68,73,73,73,73,73,73,73,73,73,73,73,73,73,73,73,73,73,73],"card_choices":[{"not_picked":["Pray","Halt","PathToVictory"],"picked":"SKIP","floor":1.0},{"not_picked":["Wireheading","WreathOfFlame"],"picked":"EmptyBody","floor":3.0},{"not_picked":["Evaluate","Prostrate","PathToVictory"],"picked":"SKIP","floor":4.0},{"not_picked":["FearNoEvil","Halt"],"picked":"WheelKick","floor":5.0},{"not_picked":["EmptyBody","SashWhip","ThirdEye"],"picked":"SKIP","floor":7.0},{"not_picked":["Worship","ClearTheMind","Consecrate"],"picked":"SKIP","floor":10.0},{"not_picked":["FlurryOfBlows","Collect"],"picked":"Meditate","floor":11.0},{"not_picked":["ThirdEye","PathToVictory"],"picked":"Vault","floor":12.0},{"not_picked":["DeceiveReality","BattleHymn","Weave"],"picked":"SKIP","floor":13.0},{"not_picked":["WindmillStrike","Perseverance"],"picked":"MentalFortress","floor":14.0},{"not_picked":["Judgement","DevaForm"],"picked":"Scrawl","floor":16.0},{"not_picked":["EmptyFist","Meditate","ClearTheMind"],"picked":"SKIP","floor":18.0},{"not_picked":["FlyingSleeves","SignatureMove"],"picked":"Adaptation","floor":19.0},{"not_picked":["Protect","EmptyFist","BowlingBash"],"picked":"SKIP","floor":24.0},{"not_picked":["Pray+1","JustLucky","ClearTheMind"],"picked":"SKIP","floor":28.0},{"not_picked":["Evaluate","Prostrate","Tantrum"],"picked":"SKIP","floor":29.0},{"not_picked":["PathToVictory","FlyingSleeves","BowlingBash"],"picked":"SKIP","floor":35.0},{"not_picked":["ClearTheMind+1","Crescendo","Evaluate"],"picked":"SKIP","floor":38.0},{"not_picked":["EmptyBody+1","FollowUp","FlyingSleeves"],"picked":"SKIP","floor":39},{"not_picked":["Consecrate","Sanctity","JustLucky"],"picked":"SKIP","floor":40},{"not_picked":["ReachHeaven+1","Pray","Consecrate"],"picked":"SKIP","floor":41},{"not_picked":["PathToVictory","DeceiveReality+1","BowlingBash"],"picked":"SKIP","floor":42},{"not_picked":["CarveReality+1","Collect","Weave"],"picked":"SKIP","floor":47},{"not_picked":["Halt+1","DeceiveReality","Alpha"],"picked":"SKIP","floor":55}],"player_experience":2919789,"relics_obtained":[{"floor":7.0,"key":"War Paint"},{"floor":8.0,"key":"MealTicket"},{"floor":9.0,"key":"Bag of Marbles"},{"floor":10.0,"key":"Tiny Chest"},{"floor":14.0,"key":"Toy Ornithopter"},{"floor":24.0,"key":"Akabeko"},{"floor":31.0,"key":"InkBottle"},{"floor":40,"key":"Juzu Bracelet"},{"floor":43,"key":"Lantern"},{"floor":45,"key":"Omamori"},{"floor":47,"key":"White Beast Statue"},{"floor":55,"key":"Bird Faced Urn"}],"event_choices":[{"cards_removed":["Sanctity"],"damage_healed":0.0,"max_hp_gain":0.0,"max_hp_loss":0.0,"gold_gain":0.0,"event_name":"Beggar","player_choice":"Gave Gold","floor":21.0,"gold_loss":75.0,"damage_taken":0.0},{"damage_healed":0.0,"max_hp_gain":0.0,"max_hp_loss":0.0,"gold_gain":50.0,"event_name":"Golden Shrine","player_choice":"Pray","floor":22.0,"gold_loss":0.0,"damage_taken":0.0},{"damage_healed":0.0,"max_hp_gain":0.0,"max_hp_loss":0.0,"gold_gain":0.0,"event_name":"Tomb of Lord Red Mask","player_choice":"Ignored","floor":36.0,"gold_loss":0.0,"damage_taken":0.0},{"damage_healed":0.0,"max_hp_gain":0.0,"max_hp_loss":0.0,"gold_gain":0.0,"event_name":"Lab","player_choice":"Got Potions","floor":37.0,"gold_loss":0.0,"damage_taken":0.0}],"is_beta":false,"boss_relics":[{"not_picked":["Snecko Eye","Tiny House"],"picked":"Pandora\u0027s Box"},{"not_picked":["Runic Dome","Astrolabe"],"picked":"SlaversCollar"}],"items_purged_floors":[2,20,30,48],"is_endless":false,"potions_floor_spawned":[1,12,13,14,16,18,19,24,38,39,41,42,55],"ascension_level":20}}