{"host":"3jjxuhjpio8e4zkv","time":1611375971,"event":{"mods":["BaseMod","Colored Map","Highlight Path","Minty Spire (QoL Compilation)","Permanent Neow","Relic Stats","StSLib"],"gold_per_floor":[112,130,130,149,163,163,183,209,209,209,209,240,252,277,289,301,301],"floor_reached":16,"language":"ENG","playtime":475,"items_purged":[],"score":274,"play_id":"c52760e6-b529-4fb7-8911-7d5d836a335a","local_time":"20210122232611","is_ascension_mode":true,"campfire_choices":[{"data":"Blade Dance","floor":6,"key":"SMITH"},{"data":"Glass Knife","floor":10,"key":"SMITH"},{"data":"Dagger Spray","floor":13,"key":"SMITH"},{"data":"Quick Slash","floor":15,"key":"SMITH"}],"circlet_count":0,"master_deck":["AscendersBane","Strike_G","Strike_G","Strike_G","Strike_G","Defend_G","Defend_G","Defend_G","Defend_G","Defend_G","Survivor","Neutralize","Backstab","Blade Dance+1","Dagger Spray+1","Acrobatics","Quick Slash+1","Backflip","Glass Knife+1"],"relics":["Ring of the Snake","Bird Faced Urn","Akabeko","MawBank"],"acts_visited":["Exordium"],"potions_floor_usage":[7,8,8,8,12],"damage_taken":[{"damage":0,"enemies":"2 Louse","floor":1,"turns":2},{"damage":0,"enemies":"Jaw Worm","floor":2,"turns":4},{"damage":0,"enemies":"Cultist","floor":4,"turns":2},{"damage":0,"enemies":"2 Fungi Beasts","floor":5,"turns":2},{"damage":10,"enemies":"Large Slime","floor":7,"turns":4},{"damage":21,"enemies":"Gremlin Nob","floor":8,"turns":4},{"damage":0,"enemies":"3 Sentries","floor":12,"turns":6},{"damage":0,"enemies":"Gremlin Gang","floor":14,"turns":1},{"damage":64,"enemies":"Slime Boss","floor":16,"turns":8}],"seed_played":"-3628676428836414368","potions_obtained":[{"floor":2,"key":"ColorlessPotion"},{"floor":4,"key":"EntropicBrew"},{"floor":7,"key":"SmokeBomb"},{"floor":8,"key":"Regen Potion"}],"is_trial":false,"path_per_floor":["M","M","?","M","M","R","M","E","T","R","?","E","R","M","R","B"],"character_chosen":"THE_SILENT","items_purchased":[],"campfire_rested":0,"item_purchase_floors":[],"current_hp_per_floor":[59,59,64,64,64,64,54,33,33,33,33,47,47,47,47,0,0],"gold":301,"neow_bonus":"THREE_CARDS","is_daily":false,"chose_seed":false,"campfire_upgraded":4,"win_rate":0.0,"timestamp":1611375971,"path_taken":["M","M","?","M","M","R","M","E","T","R","?","E","R","M","R","BOSS"],"items_purchased_type":[],"build_version":"2020-12-22","purchased_purges":0,"victory":false,"max_hp_per_floor":[66,66,71,71,71,71,71,71,71,71,71,71,71,71,71,71,71],"relic_stats":{"counters":[9,33],"Bird Faced Urn":[0],"MawBank":48,"obtain_stats":[{"Bird Faced Urn":8,"MawBank":12,"Akabeko":9,"Ring of the Snake":0},{"Bird Faced Urn":6,"MawBank":7,"Akabeko":6,"Ring of the Snake":0},{"Bird Faced Urn":18,"MawBank":24,"Akabeko":18,"Ring of the Snake":0}],"Ring of the Snake":[18]},"card_choices":[{"not_picked":["Heel Hook","Caltrops"],"picked":"Backstab","floor":0},{"not_picked":["Sucker Punch","Backstab"],"picked":"Blade Dance","floor":1},{"not_picked":["Outmaneuver","Escape Plan"],"picked":"Dagger Spray","floor":2},{"not_picked":["Dagger Throw","Deadly Poison"],"picked":"Acrobatics","floor":4},{"not_picked":["Slice","Deflect"],"picked":"Quick Slash","floor":5},{"not_picked":["PiercingWail","Dodge and Roll"],"picked":"Backflip","floor":7},{"not_picked":["Deflect","Leg Sweep"],"picked":"Glass Knife","floor":8},{"not_picked":["Riddle With Holes","Distraction","Acrobatics"],"picked":"SKIP","floor":12},{"not_picked":["Blade Dance","Heel Hook","Tactician"],"picked":"SKIP","floor":14},{"not_picked":["Blade Dance","Heel Hook","Tactician"],"picked":"SKIP","floor":14}],"player_experience":1229368,"relics_obtained":[{"floor":8,"key":"Bird Faced Urn"},{"floor":9,"key":"Akabeko"},{"floor":12,"key":"MawBank"}],"event_choices":[{"damage_healed":0,"gold_gain":0,"player_choice":"Donut","damage_taken":0,"max_hp_gain":5,"max_hp_loss":0,"event_name":"Big Fish","floor":3,"gold_loss":0},{"cards_removed":["Strike_G"],"damage_healed":0,"gold_gain":0,"player_choice":"Purged","damage_taken":0,"max_hp_gain":0,"max_hp_loss":0,"event_name":"Purifier","floor":11,"gold_loss":0}],"is_beta":false,"boss_relics":[],"items_purged_floors":[],"is_endless":false,"potions_floor_spawned":[2,4,7,8],"killed_by":"Slime Boss","ascension_level":20}}