{"host":"r10yh36zs2k9z1sa","time":1611410367,"event":{"mods":["AchievementEnabler","Act Like it!","Aspiration","Astrologer","BaseMod","Colored Map","Conspire","Decade(¤ý¤p©ú)","Gensokyo","Hermit","Highlight Path","KinomotoSakuraMod(¤ì¤§¥»?)","Koishi","KomeijiMod","Marisa¡]Ãú«B¡@Å]²z¨F¡^","Minty Spire (QoL Compilation)","Permanent Neow","Quick Restart","Reimu¡]³Õ???¡^","Remilia¡]Á¢¦Ì²ú?¡^","StSLib","SuperFastMode","The Administrix","The Animator","The Bug Knight","The Cursed","The Gatherer","The Marked","The Mystic","The Saiyan","The Senshi","The Servant 0.9.4","Youmu¡]»î¾z§¯?¡^","Yuri Mod","Yuyuko"],"gold_per_floor":[111,125,125,139,152,186,41,41,120,120,120,120,48,66,66,161,161,173,173,190,208,218,247,247,346,373,400,400,600,600,614,614,710,710,723,738,638,638,674,728,728,332,378,424,424,751,986,986,986,990],"floor_reached":51,"language":"ZHS","playtime":7486,"items_purged":["theSenshi:SailorKick"],"score":720,"play_id":"a00bf844-ce30-4861-86bf-3d9b792818ed","local_time":"20210123215927","is_ascension_mode":false,"campfire_choices":[{"floor":8.0,"key":"REST"},{"data":"theSenshi:CrisisMakeUp","floor":10.0,"key":"SMITH"},{"data":"theSenshi:UranusStrength","floor":12.0,"key":"SMITH"},{"data":"theSenshi:RoseThrow","floor":15.0,"key":"SMITH"},{"data":"theSenshi:MoonHealingEscalation","floor":28,"key":"SMITH"},{"data":"theSenshi:MoonTwilightFlash","floor":30,"key":"SMITH"},{"data":"theSenshi:MoonCrystalPowerMakeUp","floor":32,"key":"SMITH"},{"data":"theSenshi:LunaSensingAllies","floor":41,"key":"SMITH"},{"data":"theSenshi:GlimpseOfThePast","floor":49,"key":"SMITH"}],"circlet_count":0,"master_deck":["theSenshi:RoseThrow+1","theSenshi:MoonPrismPowerMakeUp","theSenshi:SailorChibiMoonAssists","theSenshi:UranusStrength+1","theSenshi:CrisisMakeUp+1","theSenshi:MoonHealingEscalation+1","theSenshi:MoonCrystalPowerMakeUp+1","theSenshi:MoonCrystalPowerMakeUp","theSenshi:MoonCrystalPowerMakeUp","theSenshi:SailorCosmosAssists","theSenshi:MoonTwilightFlash+1","theSenshi:MoonCosmicPowerMakeUp+1","theSenshi:MoonHealingEscalation","theSenshi:StudyParty","theSenshi:MoonsReflection","theSenshi:MoonCosmicPowerMakeUp","theSenshi:MoonTwilightFlash","theSenshi:MoonGorgeousMeditation","theSenshi:MoonPrincessHalation+1","conspire:SpireCoStock","conspire:SpireCoStock","theSenshi:LunaSensingAllies+1","Gensokyo:SlitMouthedWoman","theSenshi:GlimpseOfThePast+1","theSenshi:FatedKiss"],"relics":["theSenshi:TransformationBroochRelic","aspiration:AnachronicSnailShell","aspiration:DSix","conspire:BottledYoYo","conspire:SlowCooker","aspiration:FrozenJewel","PreservedInsect","Thread and Needle","Pandora\u0027s Box","Kunai","RuthlessExorcism:ReiMu","Omamori","Lizard Tail","HollowMod:PaleOreRelic","StoneCalendar"],"acts_visited":["Exordium","TheCity","TheCity"],"potions_floor_usage":[31,44,46,47],"damage_taken":[{"damage":0.0,"enemies":"Jaw Worm","floor":1.0,"turns":5.0},{"damage":5.0,"enemies":"2 Louse","floor":2.0,"turns":4.0},{"damage":2.0,"enemies":"conspire:RoseBush","floor":4.0,"turns":3.0},{"damage":2.0,"enemies":"Red Slaver","floor":5.0,"turns":4.0},{"damage":33.0,"enemies":"3 Sentries","floor":6.0,"turns":12.0},{"damage":1.0,"enemies":"conspire:2 RoseBushes","floor":14.0,"turns":14.0},{"damage":11.0,"enemies":"The Guardian","floor":16.0,"turns":20.0},{"damage":11.0,"enemies":"conspire:FuzzyDice","floor":18.0,"turns":14.0},{"damage":2.0,"enemies":"Spheric Guardian","floor":20.0,"turns":10.0},{"damage":0.0,"enemies":"conspire:HollyBat","floor":21.0,"turns":13.0},{"damage":23.0,"enemies":"Chosen and Byrds","floor":22.0,"turns":15.0},{"damage":29.0,"enemies":"Gremlin Leader","floor":23.0,"turns":18.0},{"damage":15.0,"enemies":"conspire:Head Lice","floor":27.0,"turns":14.0},{"damage":2,"enemies":"Snake Plant","floor":31,"turns":8},{"damage":10,"enemies":"conspire:MysteriousRune","floor":33,"turns":21},{"damage":5,"enemies":"Gensokyo:3_Bats","floor":35,"turns":7},{"damage":7,"enemies":"Gensokyo:3_Boulders","floor":36,"turns":7},{"damage":5,"enemies":"Gensokyo:Dusk_and_Dawn","floor":39,"turns":6},{"damage":6,"enemies":"Gensokyo:Doremy","floor":40,"turns":6},{"damage":8,"enemies":"Gensokyo:Marisa","floor":44,"turns":8},{"damage":20,"enemies":"Gensokyo:4_Bats","floor":46,"turns":10},{"damage":16,"enemies":"Gensokyo:Sharpion","floor":47,"turns":9},{"damage":42,"enemies":"Gensokyo:Scarlet_Devils","floor":50,"turns":12}],"seed_played":"4025850787780317168","potions_obtained":[{"floor":1.0,"key":"DistilledChaos"},{"floor":4.0,"key":"Block Potion"},{"floor":5.0,"key":"CalmPotion"},{"floor":20.0,"key":"SkillPotion"},{"floor":22.0,"key":"Weak Potion"},{"floor":31,"key":"LiquidMemories"},{"floor":33,"key":"CalmPotion"},{"floor":44,"key":"BlessingOfTheForge"},{"floor":46,"key":"GamblersBrew"}],"is_trial":false,"path_per_floor":["M","M","?","M","M","E","$","R","T","R","?","R","$","M","R","B",null,"M","?","M","M","M","E","?","?","T","E","R","?","R","M","R","B",null,"M","M","?","?","M","E","R","COS","T","E","T","M","M","?","R","B",null],"character_chosen":"THE_SENSHI","items_purchased":["theSenshi:MoonCrystalPowerMakeUp","theSenshi:MoonCrystalPowerMakeUp"],"campfire_rested":1,"item_purchase_floors":[7,13],"current_hp_per_floor":[54,49,49,47,45,12,12,34,34,34,27,27,27,75,75,75,75,75,75,75,75,75,71,57,57,57,80,80,80,80,80,80,80,80,80,80,80,80,80,80,80,80,80,80,80,80,80,80,80,65],"gold":990,"neow_bonus":"ONE_RARE_RELIC","is_daily":false,"chose_seed":false,"campfire_upgraded":8,"win_rate":0.0,"timestamp":1611410367,"path_taken":["M","M","?","M","M","E","?","R","T","R","?","R","$","M","R","BOSS","M","?","?","M","M","E","?","?","T","E","R","?","R","M","R","BOSS","M","?","?","?","M","E","R","COS","T","E","?","?","M","?","R","BOSS"],"items_purchased_type":["Card","Card"],"build_version":"2020-12-22","purchased_purges":1,"victory":true,"max_hp_per_floor":[75,75,75,75,75,75,75,75,75,75,75,75,75,75,75,75,75,75,75,75,75,75,75,80,80,80,80,80,80,80,80,80,80,80,80,80,80,80,80,80,80,80,80,80,80,80,80,80,80,80],"card_choices":[{"not_picked":["theSenshi:SailorStarFighterAssists","theSenshi:MercurysCunning"],"picked":"theSenshi:TuxedoSmokingBomber","floor":1.0},{"not_picked":["theSenshi:SailorMarsAssists","theSenshi:SupersonicWaves"],"picked":"theSenshi:SailorChibiMoonAssists","floor":2.0},{"not_picked":["theSenshi:NeptunesGrace","theSenshi:LateForSchool"],"picked":"theSenshi:UranusStrength","floor":4.0},{"not_picked":["theSenshi:SailorVenusAssists","theSenshi:LunasBite"],"picked":"theSenshi:CrisisMakeUp","floor":5.0},{"not_picked":["theSenshi:YouCanTalk","theSenshi:TallSilhouette"],"picked":"theSenshi:MoonHealingEscalation","floor":6.0},{"not_picked":["theSenshi:YouCanTalk","theSenshi:MoonHealingEscalation"],"picked":"theSenshi:MoonCrystalPowerMakeUp","floor":14.0},{"not_picked":["theSenshi:StudyParty","theSenshi:MoonGorgeousMeditation"],"picked":"theSenshi:SailorCosmosAssists","floor":16.0},{"not_picked":["theSenshi:SupersonicWaves","theSenshi:YouCanTalk+1","theSenshi:SailorPlanetPower+1"],"picked":"SKIP","floor":18.0},{"not_picked":["theSenshi:MoonSpiralHeartAttack","theSenshi:MoonKick","theSenshi:GatheringStrength"],"picked":"SKIP","floor":20.0},{"not_picked":["theSenshi:SailorMarsAssists","theSenshi:SailorV"],"picked":"theSenshi:MoonTwilightFlash","floor":21.0},{"not_picked":["theSenshi:TuxedoSmokingBomber","theSenshi:MoonsReflection","theSenshi:SailorChibiMoonAssists"],"picked":"SKIP","floor":22.0},{"not_picked":["theSenshi:MoonPrincessHalation","theSenshi:SailorMercuryAssists"],"picked":"theSenshi:MoonCosmicPowerMakeUp+1","floor":23.0},{"not_picked":["theSenshi:EncouragingSpeech+1","theSenshi:MoonSpiralHeartAttack"],"picked":"theSenshi:MoonHealingEscalation","floor":27},{"not_picked":["theSenshi:LateForSchool+1","theSenshi:SailorMarsAssists","theSenshi:SailorPlanetAttack+1"],"picked":"SKIP","floor":31},{"not_picked":["theSenshi:MoonGorgeousMeditation","theSenshi:IWillPunishYou"],"picked":"theSenshi:StudyParty","floor":33},{"not_picked":["theSenshi:MoonTiaraMagic+1","theSenshi:SchoolBag+1","theSenshi:Sidestep"],"picked":"SKIP","floor":35},{"not_picked":["theSenshi:SailorMarsAssists+1","theSenshi:SailorChibiMoonAssists"],"picked":"theSenshi:MoonPrincessHalation+1","floor":36},{"not_picked":["theSenshi:SailorMercuryAssists+1","theSenshi:MoonKick+1"],"picked":"theSenshi:LunaSensingAllies","floor":39},{"not_picked":["theSenshi:MoonSpiralHeartAttack+1","theSenshi:LateForSchool+1","theSenshi:EncouragingSpeech+1"],"picked":"SKIP","floor":40},{"not_picked":["theSenshi:MoonKick+1","theSenshi:MoonsReflection","theSenshi:SailorMarsAssists+1"],"picked":"SKIP","floor":44},{"not_picked":["theSenshi:SilverMoonCrystalPowerKiss","theSenshi:IWillPunishYou"],"picked":"theSenshi:GlimpseOfThePast","floor":46},{"not_picked":["theSenshi:TallSilhouette+1","theSenshi:MoonPrincessHalation+1"],"picked":"theSenshi:FatedKiss","floor":46},{"not_picked":["theSenshi:SailorMercuryAssists","theSenshi:YouCanTalk+1","theSenshi:Sidestep+1"],"picked":"SKIP","floor":47}],"player_experience":308183,"relics_obtained":[{"floor":6.0,"key":"aspiration:DSix"},{"floor":9.0,"key":"conspire:BottledYoYo"},{"floor":23.0,"key":"aspiration:FrozenJewel"},{"floor":26.0,"key":"PreservedInsect"},{"floor":27,"key":"Thread and Needle"},{"floor":40,"key":"Kunai"},{"floor":43,"key":"RuthlessExorcism:ReiMu"},{"floor":44,"key":"Omamori"},{"floor":45,"key":"Lizard Tail"}],"event_choices":[{"damage_healed":0.0,"max_hp_gain":0.0,"max_hp_loss":0.0,"gold_gain":0.0,"event_name":"Match and Keep!","player_choice":"0 cards matched","floor":3.0,"gold_loss":0.0,"damage_taken":0.0,"cards_obtained":[]},{"cards_removed":["theSenshi:SailorKick"],"damage_healed":0.0,"max_hp_gain":0.0,"max_hp_loss":0.0,"gold_gain":0.0,"event_name":"Golden Wing","player_choice":"Card Removal","floor":11.0,"gold_loss":0.0,"damage_taken":7.0},{"damage_healed":0.0,"max_hp_gain":0.0,"max_hp_loss":0.0,"gold_gain":0.0,"event_name":"Wheel of Change","player_choice":"Full Heal","floor":19.0,"gold_loss":0.0,"damage_taken":0.0},{"damage_healed":0.0,"max_hp_gain":5.0,"max_hp_loss":0.0,"gold_gain":0.0,"event_name":"Forgotten Altar","player_choice":"Shed Blood","floor":24.0,"gold_loss":0.0,"damage_taken":19.0},{"damage_healed":0.0,"max_hp_gain":0.0,"max_hp_loss":0.0,"gold_gain":99.0,"event_name":"Nest","player_choice":"Stole From Cult","floor":25.0,"gold_loss":0.0,"damage_taken":0.0},{"damage_healed":0,"gold_gain":200,"player_choice":"Gold","damage_taken":0,"max_hp_gain":0,"max_hp_loss":0,"event_name":"Wheel of Change","floor":29,"gold_loss":0},{"damage_healed":0,"gold_gain":0,"player_choice":"Invest 2","damage_taken":0,"max_hp_gain":0,"max_hp_loss":0,"event_name":"conspire:Investor","floor":37,"gold_loss":0}],"is_beta":false,"boss_relics":[{"not_picked":["Calling Bell","aspiration:RitualDagger"],"picked":"conspire:SlowCooker"},{"not_picked":["SacredBark","aspiration:ServantSkillbook"],"picked":"Pandora\u0027s Box"}],"items_purged_floors":[7],"is_endless":false,"potions_floor_spawned":[1,4,5,20,22,31,33,40,44,46],"ascension_level":0}}