{"host":"w11d5xug8ost5klq","time":1611367310,"event":{"mods":["2.2 Compatiblity","BaseMod","Better Third Choice","Emptier Cage","Highlight Path","Minty Spire (QoL Compilation)","Prisma Mod","Quick Restart","Spicy Shops","StSLib"],"gold_per_floor":[114,126,126,149,24,67,91,135,135,135,148,148,166,199,199,330,330,354,354,30,49,73,73,73,73,73,73,104,104,147,165,165,295,295,319,15,36,57,75,75,89,89,89],"floor_reached":42,"language":"ENG","playtime":2407,"items_purged":["PrismaMod:MiyuChannelAttackEvoke","PrismaMod:MiyuCheapStrBuff"],"score":637,"play_id":"92ca8493-8cea-4c0e-9fe5-3202e7960604","local_time":"20210122200150","is_ascension_mode":true,"campfire_choices":[{"data":"PrismaMod:MiyuCheapChannelAttack","floor":10.0,"key":"SMITH"},{"data":"PrismaMod:MiyuOrbIncreasePerm","floor":12.0,"key":"SMITH"},{"data":"PrismaMod:MiyuUncommonDexBuff","floor":15.0,"key":"SMITH"},{"data":"PrismaMod:MiyuUncommonPlate","floor":24.0,"key":"SMITH"},{"floor":32.0,"key":"REST"},{"data":"PrismaMod:MiyuUncommonDexBuff","floor":40,"key":"SMITH"}],"circlet_count":0,"master_deck":["PrismaMod:MiyuCommonDefend+1","PrismaMod:MiyuCommonDefend+1","PrismaMod:MiyuCommonDefend+1","PrismaMod:MiyuCommonDefend+1","PrismaMod:MiyuCommonAttack+1","PrismaMod:MiyuCommonAttack+1","PrismaMod:MiyuCommonAttack+1","PrismaMod:MiyuCheapChannelAttack+1","PrismaMod:MiyuCheapChannelDefend+1","PrismaMod:MiyuCarnivalAttack","PrismaMod:MiyuAttackChannelAttack","PrismaMod:MiyuOrbIncreasePerm+1","PrismaMod:MiyuUncommonPlate+1","PrismaMod:MiyuUncommonDexBuff+1","CurseOfTheBell","PrismaMod:MiyuCheapChannelHeal+1","PrismaMod:MiyuUncommonStrBuff+1","PrismaMod:MiyuUberAttack","PrismaMod:MiyuOrbIncreasePerm+1","PrismaMod:MiyuUncommonDexBuff+1","PrismaMod:MiyuUncommonDexBuff+1"],"relics":["PrismaMod:PrismaSapphire","Golden Idol","Mango","Happy Flower","Bottled Lightning","InkBottle","Vajra","Calling Bell","Toy Ornithopter","Kunai","Torii","Bronze Scales","Orrery","Strawberry","Gremlin Horn","Eternal Feather","Pantograph","Empty Cage","Pear"],"acts_visited":["Exordium","TheCity","TheBeyond"],"potions_floor_usage":[],"damage_taken":[{"damage":0.0,"enemies":"Cultist","floor":1.0,"turns":4.0},{"damage":0.0,"enemies":"2 Louse","floor":2.0,"turns":3.0},{"damage":3.0,"enemies":"Jaw Worm","floor":4.0,"turns":6.0},{"damage":10.0,"enemies":"3 Sentries","floor":6.0,"turns":10.0},{"damage":10.0,"enemies":"Exordium Wildlife","floor":7.0,"turns":3.0},{"damage":5.0,"enemies":"Lagavulin","floor":8.0,"turns":7.0},{"damage":0.0,"enemies":"Looter","floor":11.0,"turns":3.0},{"damage":0.0,"enemies":"Blue Slaver","floor":13.0,"turns":4.0},{"damage":7.0,"enemies":"3 Sentries","floor":14.0,"turns":7.0},{"damage":0.0,"enemies":"The Guardian","floor":16.0,"turns":9.0},{"damage":7.0,"enemies":"Spheric Guardian","floor":18.0,"turns":5.0},{"damage":4.0,"enemies":"3 Byrds","floor":21.0,"turns":3.0},{"damage":22.0,"enemies":"Shelled Parasite and Fungi","floor":22.0,"turns":6.0},{"damage":22.0,"enemies":"Gremlin Leader","floor":28.0,"turns":6.0},{"damage":12.0,"enemies":"Slavers","floor":30.0,"turns":5.0},{"damage":34.0,"enemies":"Snake Plant","floor":31.0,"turns":4.0},{"damage":21.0,"enemies":"Collector","floor":33.0,"turns":9.0},{"damage":42.0,"enemies":"3 Darklings","floor":35.0,"turns":5.0},{"damage":10,"enemies":"3 Shapes","floor":37,"turns":5},{"damage":1,"enemies":"Maw","floor":38,"turns":7},{"damage":9,"enemies":"Writhing Mass","floor":39,"turns":5},{"damage":48,"enemies":"4 Shapes","floor":41,"turns":4},{"damage":52,"enemies":"Reptomancer","floor":42,"turns":2}],"seed_played":"8088667007884692525","potions_obtained":[{"floor":2.0,"key":"SpeedPotion"},{"floor":7.0,"key":"Regen Potion"},{"floor":8.0,"key":"Explosive Potion"},{"floor":13.0,"key":"DistilledChaos"},{"floor":22.0,"key":"DistilledChaos"},{"floor":31.0,"key":"Regen Potion"},{"floor":38,"key":"Energy Potion"},{"floor":39,"key":"AttackPotion"}],"is_trial":false,"path_per_floor":["M","M","?","M","$","E","M","E","T","R","M","R","M","E","R","B",null,"M","?","$","M","M","T","R","?","T","$","E","$","E","M","R","B",null,"M","$","M","M","M","R","M","E"],"character_chosen":"MIYU","items_purchased":["Mango","PrismaMod:MiyuCheapStrBuff","Orrery","Pear","PrismaMod:MiyuUncommonDexBuff"],"campfire_rested":1,"item_purchase_floors":[5,5,20,36,36],"current_hp_per_floor":[75,75,57,54,68,58,48,58,58,58,58,58,58,51,51,51,89,82,82,82,78,66,73,73,73,73,73,56,56,68,38,78,96,96,58,68,62,71,66,78,34,0,0],"gold":89,"neow_bonus":"UPGRADE_CARD","is_daily":false,"chose_seed":false,"campfire_upgraded":5,"win_rate":0.0,"timestamp":1611367310,"path_taken":["M","?","?","M","$","E","M","E","T","R","M","R","M","E","R","BOSS","M","?","$","M","M","?","R","?","T","$","E","?","E","M","R","BOSS","M","$","M","M","M","R","M","E"],"items_purchased_type":["Relic","Card","Relic","Relic","Card"],"build_version":"2020-12-22","purchased_purges":2,"victory":false,"max_hp_per_floor":[75,75,75,75,89,89,89,89,89,89,89,89,89,89,89,89,89,89,89,89,89,89,96,96,96,96,96,96,96,96,96,96,96,96,96,106,106,106,106,106,106,106,106],"card_choices":[{"not_picked":["PrismaMod:MiyuEvokeCheapAttack","PrismaMod:MiyuChristmas","PrismaMod:MiyuCheapChannelWeak"],"picked":"SKIP","floor":1.0},{"not_picked":["PrismaMod:MiyuEvokeCheapDefend","PrismaMod:MiyuUberAOEAttack"],"picked":"PrismaMod:MiyuCarnivalAttack","floor":2.0},{"not_picked":["PrismaMod:MiyuDevil","PrismaMod:MiyuMaid"],"picked":"PrismaMod:MiyuAttackChannelAttack","floor":4.0},{"not_picked":["PrismaMod:MiyuChristmas","PrismaMod:MiyuCheapChannelHeal","PrismaMod:MiyuCarnivalAttack"],"picked":"SKIP","floor":6.0},{"not_picked":["PrismaMod:MiyuCheapAttack2","PrismaMod:MiyuCarnivalAttack","PrismaMod:MiyuCheapEvoke"],"picked":"SKIP","floor":7.0},{"not_picked":["PrismaMod:MiyuDefenseRemoval","PrismaMod:MiyuEvokeBuffStr","PrismaMod:MiyuCheapStrBuff"],"picked":"SKIP","floor":8.0},{"not_picked":["PrismaMod:MiyuCheapDefend2","PrismaMod:MiyuUberAOEAttack"],"picked":"PrismaMod:MiyuOrbIncreasePerm","floor":11.0},{"not_picked":["PrismaMod:MiyuEvokeCheapDefend","PrismaMod:MiyuMaid"],"picked":"PrismaMod:MiyuUncommonPlate","floor":13.0},{"not_picked":["PrismaMod:MiyuCarnivalAttack","PrismaMod:MiyuEvokeBuffStr"],"picked":"PrismaMod:MiyuUncommonDexBuff","floor":14.0},{"not_picked":["PrismaMod:MiyuChannelDefendEvoke","PrismaMod:MiyuEvokeAllDefend"],"picked":"PrismaMod:MiyuChannelAttackEvoke","floor":16.0},{"not_picked":["PrismaMod:MiyuCheapEvoke","PrismaMod:MiyuDefenseRemoval"],"picked":"PrismaMod:MiyuCheapChannelHeal+1","floor":18.0},{"not_picked":["PrismaMod:MiyuCheapEvoke","PrismaMod:MiyuChannelDefendEvoke"],"picked":"PrismaMod:MiyuUncommonStrBuff+1","floor":20.0},{"not_picked":["PrismaMod:MiyuCheapChannelRandom","PrismaMod:MiyuCheapStrBuff+1","PrismaMod:MiyuAttackChannelAttack+1"],"picked":"SKIP","floor":21.0},{"not_picked":["PrismaMod:MiyuEvokeBuffDex","PrismaMod:MiyuCheapDefend1+1","PrismaMod:MiyuCheapChannelHeal"],"picked":"SKIP","floor":22.0},{"not_picked":["PrismaMod:MiyuDevil","PrismaMod:MiyuEvokeBuffStr"],"picked":"PrismaMod:MiyuUberAttack","floor":28.0},{"not_picked":["PrismaMod:MiyuEvokeAllDefend","PrismaMod:MiyuCheapEvoke+1","PrismaMod:MiyuCheapAttack1+1"],"picked":"SKIP","floor":30.0},{"not_picked":["PrismaMod:MiyuEvokeCheapAttack","PrismaMod:MiyuUberAOEAttack"],"picked":"PrismaMod:MiyuOrbIncreasePerm+1","floor":31.0},{"not_picked":["PrismaMod:MiyuMaid+1","PrismaMod:MiyuChristmas+1","PrismaMod:MiyuCheapAttack2+1"],"picked":"SKIP","floor":35},{"not_picked":["PrismaMod:MiyuUncommonAOEAttack","PrismaMod:MiyuCarnivalAttack"],"picked":"PrismaMod:MiyuUncommonDexBuff+1","floor":37},{"not_picked":["PrismaMod:MiyuEvokeBuffDex","PrismaMod:MiyuUncommonDefend+1","PrismaMod:MiyuCheapAttack1"],"picked":"SKIP","floor":38},{"not_picked":["PrismaMod:MiyuCheapChannelHeal","PrismaMod:MiyuCheapChannelWeak+1","PrismaMod:MiyuUncommonAttack+1"],"picked":"SKIP","floor":39},{"not_picked":["PrismaMod:MiyuCheapEvoke+1","PrismaMod:MiyuAttackChannelWeak+1","PrismaMod:MiyuEvokeBuffDex"],"picked":"SKIP","floor":41}],"player_experience":132585,"relics_obtained":[{"floor":6.0,"key":"Happy Flower"},{"floor":8.0,"key":"Bottled Lightning"},{"floor":9.0,"key":"InkBottle"},{"floor":14.0,"key":"Vajra"},{"floor":17.0,"key":"Toy Ornithopter"},{"floor":17.0,"key":"Kunai"},{"floor":17.0,"key":"Torii"},{"floor":23.0,"key":"Strawberry"},{"floor":26.0,"key":"Gremlin Horn"},{"floor":28.0,"key":"Eternal Feather"},{"floor":30.0,"key":"Pantograph"}],"event_choices":[{"damage_healed":0.0,"max_hp_gain":0.0,"max_hp_loss":0.0,"gold_gain":0.0,"event_name":"Golden Idol","player_choice":"Take Damage","floor":3.0,"gold_loss":0.0,"damage_taken":18.0,"relics_obtained":["Golden Idol"]},{"damage_healed":0.0,"max_hp_gain":0.0,"max_hp_loss":0.0,"gold_gain":0.0,"event_name":"The Mausoleum","player_choice":"Opened","floor":19.0,"gold_loss":0.0,"damage_taken":0.0,"relics_obtained":["Bronze Scales"]},{"damage_healed":0.0,"max_hp_gain":0.0,"max_hp_loss":10.0,"gold_gain":0.0,"event_name":"betterThird:BetterWriting","player_choice":"Simplicity","floor":25.0,"gold_loss":0.0,"damage_taken":0.0}],"is_beta":false,"boss_relics":[{"not_picked":["Runic Pyramid","Velvet Choker"],"picked":"Calling Bell"},{"not_picked":["Tiny House","Snecko Eye"],"picked":"Empty Cage"}],"items_purged_floors":[20,20],"is_endless":false,"potions_floor_spawned":[2,7,8,13,21,22,31,38,39],"killed_by":"Reptomancer","ascension_level":3}}