{"host":"sav7uxregyirlf69","time":1611366477,"event":{"mods":["AchievementEnabler","BaseMod","Colored Map","DeckTracker","Keyboard Shortcuts","Minty Spire (QoL Compilation)","READ ME - Guardian Mod","StSLib","SuperFastMode"],"gold_per_floor":[117,128,139,139,152,152,180,14,89,117,141,153,180,221,233,321,333,364,387,399,429,39,57,72,72,72,91,125,138,151,184,184,255,255,273,322,49,74,86,116,131,146,146,180,180,180,213,232,232,232,232,232],"floor_reached":51,"language":"KOR","playtime":1501,"items_purged":["Strike_R","Strike_R"],"score":1656,"play_id":"8431ba40-9450-498d-b707-4c4b1107919a","local_time":"20210123104757","is_ascension_mode":true,"campfire_choices":[{"data":"Blood for Blood","floor":6.0,"key":"SMITH"},{"floor":12.0,"key":"REST"},{"floor":15.0,"key":"REST"},{"data":"Rupture","floor":25.0,"key":"SMITH"},{"data":"Double Tap","floor":32.0,"key":"SMITH"},{"data":"Heavy Blade","floor":45.0,"key":"SMITH"},{"data":"Evolve","floor":49.0,"key":"SMITH"}],"circlet_count":0,"master_deck":["AscendersBane","Strike_R","Strike_R","Defend_R","Defend_R","Defend_R","Defend_R","Bash","Offering","Blood for Blood+1","Shrug It Off","Carnage","Rupture+1","Blood for Blood","Evolve+1","Brutality","Reaper","Whirlwind+1","Hemokinesis","Double Tap+1","Heavy Blade+1","Shrug It Off+1","Combust","Rage+1","Shockwave+1","Limit Break+1","Disarm+1","True Grit+1","Seeing Red+1","Warcry+1","Dual Wield+1","Power Through+1","Berserk"],"relics":["Burning Blood","CaptainsWheel","Lantern","White Beast Statue","MawBank","Red Skull","Coffee Dripper","Incense Burner","Toxic Egg 2","Oddly Smooth Stone","Sundial","Runic Pyramid","FossilizedHelix","Medical Kit","Turnip","Potion Belt","Boot","Bronze Scales"],"acts_visited":["Exordium","TheCity","TheBeyond"],"potions_floor_usage":[51,51],"damage_taken":[{"damage":6.0,"enemies":"2 Louse","floor":1.0,"turns":4.0},{"damage":6.0,"enemies":"Cultist","floor":2.0,"turns":3.0},{"damage":6.0,"enemies":"Jaw Worm","floor":3.0,"turns":2.0},{"damage":16.0,"enemies":"Blue Slaver","floor":5.0,"turns":3.0},{"damage":20.0,"enemies":"Lagavulin","floor":7.0,"turns":5.0},{"damage":17.0,"enemies":"Gremlin Nob","floor":10.0,"turns":3.0},{"damage":8.0,"enemies":"Large Slime","floor":11.0,"turns":4.0},{"damage":6.0,"enemies":"Looter","floor":13.0,"turns":1.0},{"damage":31.0,"enemies":"3 Sentries","floor":14.0,"turns":9.0},{"damage":9.0,"enemies":"Slime Boss","floor":16.0,"turns":4.0},{"damage":8.0,"enemies":"Chosen","floor":18.0,"turns":5.0},{"damage":14.0,"enemies":"Spheric Guardian","floor":19.0,"turns":3.0},{"damage":1.0,"enemies":"3 Cultists","floor":21.0,"turns":2.0},{"damage":45.0,"enemies":"Shelled Parasite and Fungi","floor":23.0,"turns":3.0},{"damage":7.0,"enemies":"Cultist and Chosen","floor":24.0,"turns":2.0},{"damage":13.0,"enemies":"Centurion and Healer","floor":27.0,"turns":4.0},{"damage":14.0,"enemies":"Book of Stabbing","floor":28.0,"turns":4.0},{"damage":14.0,"enemies":"Sentry and Sphere","floor":29.0,"turns":3.0},{"damage":22.0,"enemies":"Snake Plant","floor":30.0,"turns":3.0},{"damage":21.0,"enemies":"Slavers","floor":31.0,"turns":3.0},{"damage":15.0,"enemies":"Champ","floor":33.0,"turns":6.0},{"damage":10.0,"enemies":"3 Shapes","floor":35.0,"turns":4.0},{"damage":32.0,"enemies":"2 Orb Walkers","floor":36.0,"turns":5.0},{"damage":17.0,"enemies":"Mind Bloom Boss Battle","floor":38.0,"turns":8.0},{"damage":32.0,"enemies":"3 Darklings","floor":39.0,"turns":7.0},{"damage":30.0,"enemies":"Reptomancer","floor":40.0,"turns":4.0},{"damage":24.0,"enemies":"Maw","floor":41.0,"turns":7.0},{"damage":21.0,"enemies":"4 Shapes","floor":42.0,"turns":1.0},{"damage":16.0,"enemies":"Giant Head","floor":44.0,"turns":5.0},{"damage":17.0,"enemies":"Reptomancer","floor":47.0,"turns":5.0},{"damage":31.0,"enemies":"Spire Growth","floor":48.0,"turns":5.0},{"damage":101.0,"enemies":"Awakened One","floor":50.0,"turns":8.0},{"damage":15,"enemies":"Donu and Deca","floor":51,"turns":2}],"seed_played":"-2498875176539239371","potions_obtained":[{"floor":1.0,"key":"PowerPotion"},{"floor":2.0,"key":"Ancient Potion"},{"floor":10.0,"key":"SteroidPotion"},{"floor":11.0,"key":"Fire Potion"},{"floor":16.0,"key":"ColorlessPotion"},{"floor":18.0,"key":"Energy Potion"},{"floor":21.0,"key":"LiquidBronze"},{"floor":23.0,"key":"EntropicBrew"},{"floor":28.0,"key":"SteroidPotion"},{"floor":29.0,"key":"SpeedPotion"},{"floor":30.0,"key":"BlessingOfTheForge"},{"floor":31.0,"key":"Swift Potion"},{"floor":33.0,"key":"SkillPotion"},{"floor":35.0,"key":"BlessingOfTheForge"},{"floor":36.0,"key":"SteroidPotion"},{"floor":38.0,"key":"SkillPotion"},{"floor":40.0,"key":"BlessingOfTheForge"},{"floor":41.0,"key":"SpeedPotion"},{"floor":42.0,"key":"SneckoOil"},{"floor":44.0,"key":"Swift Potion"},{"floor":47.0,"key":"FearPotion"}],"is_trial":false,"path_per_floor":["M","M","M","?","M","R","E","$","T","E","M","R","M","E","R","B",null,"M","M","?","M","$","M","M","R","T","M","E","M","M","E","R","B",null,"M","?","$","?","M","E","M","M","T","E","R","?","E","M","R","B","B"],"character_chosen":"IRONCLAD","items_purchased":["Lantern","Incense Burner","Medical Kit"],"campfire_rested":2,"item_purchase_floors":[8,22,37],"current_hp_per_floor":[50,50,50,50,40,40,26,26,26,15,13,35,35,10,32,29,64,65,59,59,64,64,34,33,33,33,48,51,52,44,29,29,33,65,61,71,71,75,75,75,75,60,60,75,75,71,71,51,51,8,0,0],"gold":232,"neow_bonus":"THREE_RARE_CARDS","is_daily":false,"chose_seed":false,"campfire_upgraded":5,"win_rate":0.0,"timestamp":1611366477,"path_taken":["M","M","M","?","?","R","E","$","T","E","M","R","M","E","R","BOSS","M","M","?","M","$","M","M","R","T","M","E","M","M","E","R","BOSS","M","?","$","?","M","E","M","M","T","E","R","?","E","M","R","BOSS","BOSS"],"items_purchased_type":["Relic","Relic","Relic"],"build_version":"2020-12-22","purchased_purges":2,"victory":false,"max_hp_per_floor":[75,75,75,75,75,75,75,75,75,75,75,75,75,75,75,75,75,75,75,75,75,75,75,75,75,75,75,75,75,75,75,75,75,75,75,75,75,75,75,75,75,75,75,75,75,71,71,71,71,71,71,71],"card_choices":[{"not_picked":["Impervious","Reaper"],"picked":"Offering","floor":0.0},{"not_picked":["Sever Soul","Evolve"],"picked":"Blood for Blood","floor":1.0},{"not_picked":["Body Slam","Burning Pact"],"picked":"Shrug It Off","floor":2.0},{"not_picked":["Wild Strike","Heavy Blade"],"picked":"Carnage","floor":3.0},{"not_picked":["Twin Strike","Wild Strike","Pommel Strike"],"picked":"SKIP","floor":5.0},{"not_picked":["Reckless Charge","Pommel Strike","Flame Barrier"],"picked":"SKIP","floor":7.0},{"not_picked":["Anger","Iron Wave"],"picked":"Rupture","floor":10.0},{"not_picked":["Headbutt","Battle Trance"],"picked":"Blood for Blood","floor":11.0},{"not_picked":["Spot Weakness","Cleave"],"picked":"Evolve","floor":13.0},{"not_picked":["Body Slam","Seeing Red"],"picked":"Brutality","floor":14.0},{"not_picked":["Brutality","Double Tap"],"picked":"Reaper","floor":16.0},{"not_picked":["Intimidate","Dark Embrace"],"picked":"Whirlwind+1","floor":18.0},{"not_picked":["Shrug It Off","Warcry","Clothesline"],"picked":"SKIP","floor":19.0},{"not_picked":["Hemokinesis","Clash","Rampage"],"picked":"SKIP","floor":21.0},{"not_picked":["Clash","Rampage"],"picked":"Hemokinesis","floor":21.0},{"not_picked":["Clash","Warcry","Metallicize"],"picked":"SKIP","floor":23.0},{"not_picked":["Perfected Strike","Iron Wave"],"picked":"Double Tap","floor":24.0},{"not_picked":["Clash","Iron Wave"],"picked":"Heavy Blade","floor":27.0},{"not_picked":["Iron Wave","Wild Strike"],"picked":"Shrug It Off+1","floor":28.0},{"not_picked":["Cleave","Iron Wave"],"picked":"Combust","floor":29.0},{"not_picked":["Shockwave+1","Anger"],"picked":"Rage+1","floor":30.0},{"not_picked":["Demon Form","Thunderclap"],"picked":"Shockwave+1","floor":31.0},{"not_picked":["Reaper","Immolate"],"picked":"Limit Break+1","floor":33.0},{"not_picked":["Twin Strike+1","Thunderclap"],"picked":"Disarm+1","floor":35.0},{"not_picked":["Wild Strike","Combust"],"picked":"True Grit+1","floor":36.0},{"not_picked":["Iron Wave","Warcry+1"],"picked":"Seeing Red+1","floor":39.0},{"not_picked":["Heavy Blade+1","Hemokinesis"],"picked":"Warcry+1","floor":40.0},{"not_picked":["Warcry+1","Shrug It Off+1"],"picked":"Dual Wield+1","floor":41.0},{"not_picked":["Seeing Red+1","Shockwave+1","Iron Wave"],"picked":"SKIP","floor":42.0},{"not_picked":["Havoc+1","Searing Blow"],"picked":"Power Through+1","floor":44.0},{"not_picked":["Body Slam","Seeing Red+1","Wild Strike"],"picked":"SKIP","floor":47.0},{"not_picked":["Wild Strike","Body Slam+1"],"picked":"Berserk","floor":48.0}],"player_experience":1359272,"relics_obtained":[{"floor":7.0,"key":"CaptainsWheel"},{"floor":9.0,"key":"White Beast Statue"},{"floor":10.0,"key":"MawBank"},{"floor":14.0,"key":"Red Skull"},{"floor":26.0,"key":"Toxic Egg 2"},{"floor":28.0,"key":"Oddly Smooth Stone"},{"floor":31.0,"key":"Sundial"},{"floor":36.0,"key":"FossilizedHelix"},{"floor":38.0,"key":"Turnip"},{"floor":40.0,"key":"Potion Belt"},{"floor":44.0,"key":"Boot"},{"floor":47.0,"key":"Bronze Scales"}],"event_choices":[{"cards_removed":["Strike_R"],"damage_healed":0.0,"max_hp_gain":0.0,"max_hp_loss":0.0,"gold_gain":0.0,"event_name":"Bonfire Elementals","player_choice":"Offered Basic","floor":4.0,"gold_loss":0.0,"damage_taken":0.0},{"damage_healed":0.0,"max_hp_gain":0.0,"max_hp_loss":0.0,"gold_gain":0.0,"event_name":"The Mausoleum","player_choice":"Ignored","floor":20.0,"gold_loss":0.0,"damage_taken":0.0},{"damage_healed":0.0,"max_hp_gain":0.0,"max_hp_loss":0.0,"gold_gain":0.0,"event_name":"Mysterious Sphere","player_choice":"Fight","floor":36.0,"gold_loss":0.0,"damage_taken":0.0},{"damage_healed":0.0,"max_hp_gain":0.0,"max_hp_loss":0.0,"gold_gain":0.0,"event_name":"MindBloom","player_choice":"Fight","floor":38.0,"gold_loss":0.0,"damage_taken":0.0},{"damage_healed":0.0,"max_hp_gain":0.0,"max_hp_loss":4.0,"gold_gain":0.0,"event_name":"Winding Halls","player_choice":"Max HP","floor":46.0,"gold_loss":0.0,"damage_taken":0.0}],"is_beta":false,"boss_relics":[{"not_picked":["Philosopher\u0027s Stone","Astrolabe"],"picked":"Coffee Dripper"},{"not_picked":["Empty Cage","Pandora\u0027s Box"],"picked":"Runic Pyramid"}],"items_purged_floors":[22,37],"is_endless":false,"potions_floor_spawned":[1,2,10,11,13,14,16,18,19,21,23,24,27,28,29,30,31,33,35,36,38,39,40,41,42,44,47,48],"killed_by":"Donu and Deca","ascension_level":20}}