{"host":"2se5dq1do2gp0x9k","time":1611384313,"event":{"mods":["AchievementEnabler","BaseMod","Block Reminder","Colored Map","Colored Powertips","Minty Spire (QoL Compilation)","Relic Stats","StSLib","SuperFastMode"],"gold_per_floor":[117,137,44,58,72,72,72,107,133,133,168,133,74,44,44,121,121,133,133,152,172,172,172,200,200,200,47,58,58,69,69],"floor_reached":30,"language":"ENG","playtime":1032,"items_purged":["Strike_G"],"score":516,"play_id":"1fdeff36-0b75-4540-89e6-c46545b7a6da","local_time":"20210122224513","is_ascension_mode":true,"campfire_choices":[{"data":"Dagger Spray","floor":6,"key":"SMITH"},{"floor":10,"key":"REST"},{"floor":15,"key":"REST"},{"floor":23,"key":"REST"},{"floor":25,"key":"REST"},{"data":"Well Laid Plans","floor":29,"key":"SMITH"}],"circlet_count":0,"master_deck":["AscendersBane","Defend_G","Defend_G","Defend_G","Defend_G","Defend_G","Survivor","Neutralize","Backstab","Dagger Spray+1","Infinite Blades","Dagger Spray","Deadly Poison","Doppelganger","Predator","Blade Dance","Adrenaline","Riddle With Holes+1","Dodge and Roll+1","Wraith Form v2+1","Accuracy","Bouncing Flask","Well Laid Plans+1","Escape Plan","Cloak And Dagger","Crippling Poison"],"relics":["Ring of the Snake","NeowsBlessing","Bag of Preparation","Nunchaku","Orichalcum","Astrolabe","Ginger","Kunai"],"acts_visited":["Exordium","TheCity"],"potions_floor_usage":[16,16,24,30],"damage_taken":[{"damage":0,"enemies":"Cultist","floor":1,"turns":1},{"damage":0,"enemies":"Small Slimes","floor":2,"turns":1},{"damage":0,"enemies":"2 Louse","floor":4,"turns":1},{"damage":4,"enemies":"Blue Slaver","floor":5,"turns":3},{"damage":40,"enemies":"Lagavulin","floor":8,"turns":9},{"damage":19,"enemies":"3 Sentries","floor":11,"turns":9},{"damage":18,"enemies":"Slime Boss","floor":16,"turns":8},{"damage":18,"enemies":"Chosen","floor":18,"turns":4},{"damage":1,"enemies":"3 Byrds","floor":20,"turns":4},{"damage":30,"enemies":"Snake Plant","floor":21,"turns":5},{"damage":10,"enemies":"Slavers","floor":24,"turns":3},{"damage":8,"enemies":"Chosen and Byrds","floor":28,"turns":5},{"damage":17,"enemies":"Cultist and Chosen","floor":30,"turns":6}],"seed_played":"3718417852380816378","potions_obtained":[{"floor":11,"key":"DuplicationPotion"},{"floor":14,"key":"GhostInAJar"},{"floor":16,"key":"Fire Potion"},{"floor":20,"key":"DuplicationPotion"},{"floor":24,"key":"SteroidPotion"}],"is_trial":false,"path_per_floor":["M","M","$","M","M","R","?","E","T","R","E","?","$","?","R","B",null,"M","$","M","M","?","R","E","R","T","$","M","R","M"],"character_chosen":"THE_SILENT","items_purchased":["Infinite Blades","Dagger Spray","Blade Dance","Escape Plan"],"campfire_rested":4,"item_purchase_floors":[3,3,13,27],"current_hp_per_floor":[59,59,59,59,55,55,48,8,8,27,8,8,8,8,27,9,52,34,34,33,3,3,22,12,31,31,31,23,23,6,6],"gold":69,"neow_bonus":"THREE_ENEMY_KILL","is_daily":false,"chose_seed":false,"campfire_upgraded":2,"win_rate":0.0,"timestamp":1611384313,"path_taken":["M","?","$","M","M","R","?","E","T","R","E","?","$","?","R","BOSS","M","$","M","?","?","R","E","R","T","$","M","R","M"],"items_purchased_type":["Card","Card","Card","Card"],"build_version":"2020-12-22","purchased_purges":1,"victory":false,"max_hp_per_floor":[66,66,66,66,66,66,66,66,66,66,66,66,66,66,66,66,66,66,66,66,66,66,66,66,66,66,66,66,66,66,66],"relic_stats":{"Nunchaku":[10],"counters":[13,59],"Astrolabe":["Riddle With Holes","Dodge and Roll","Wraith Form v2"],"Bag of Preparation":[16],"Ginger":[9],"Kunai":[4],"Orichalcum":[120],"obtain_stats":[{"Nunchaku":9,"NeowsBlessing":0,"Astrolabe":17,"Bag of Preparation":8,"Ginger":24,"Kunai":26,"Orichalcum":11,"Ring of the Snake":0},{"Nunchaku":5,"NeowsBlessing":0,"Astrolabe":7,"Bag of Preparation":5,"Ginger":11,"Kunai":11,"Orichalcum":6,"Ring of the Snake":0},{"Nunchaku":15,"NeowsBlessing":0,"Astrolabe":32,"Bag of Preparation":15,"Ginger":48,"Kunai":48,"Orichalcum":24,"Ring of the Snake":0}],"Ring of the Snake":[26]},"card_choices":[{"not_picked":["Dodge and Roll","Underhanded Strike"],"picked":"Backstab","floor":1},{"not_picked":["Sucker Punch","Flying Knee"],"picked":"Dagger Spray","floor":2},{"not_picked":["Quick Slash","PiercingWail"],"picked":"Deadly Poison","floor":4},{"not_picked":["Distraction","Catalyst"],"picked":"Doppelganger","floor":5},{"not_picked":["Underhanded Strike","Storm of Steel","Dagger Throw"],"picked":"SKIP","floor":8},{"not_picked":["Distraction","Well Laid Plans"],"picked":"Predator","floor":11},{"not_picked":["Glass Knife","Doppelganger"],"picked":"Adrenaline","floor":16},{"not_picked":["Masterful Stab","Bane","Riddle With Holes"],"picked":"SKIP","floor":18},{"not_picked":["PiercingWail+1","Slice"],"picked":"Accuracy","floor":20},{"not_picked":["Flying Knee","Dagger Spray"],"picked":"Bouncing Flask","floor":21},{"not_picked":["Expertise","Bouncing Flask"],"picked":"Well Laid Plans","floor":24},{"not_picked":["Infinite Blades","Catalyst"],"picked":"Cloak And Dagger","floor":28},{"not_picked":["Outmaneuver","Prepared"],"picked":"Crippling Poison","floor":30}],"player_experience":3937634,"relics_obtained":[{"floor":8,"key":"Bag of Preparation"},{"floor":9,"key":"Nunchaku"},{"floor":11,"key":"Orichalcum"},{"floor":24,"key":"Ginger"},{"floor":26,"key":"Kunai"}],"event_choices":[{"cards_removed":["Strike_G"],"damage_healed":0,"gold_gain":0,"player_choice":"Card Removal","damage_taken":7,"max_hp_gain":0,"max_hp_loss":0,"event_name":"Golden Wing","floor":7,"gold_loss":0},{"damage_healed":0,"gold_gain":0,"player_choice":"Left Gold","damage_taken":0,"max_hp_gain":0,"max_hp_loss":0,"event_name":"World of Goop","floor":12,"gold_loss":35},{"damage_healed":0,"gold_gain":0,"player_choice":"Bought 2 Potions","damage_taken":0,"max_hp_gain":0,"max_hp_loss":0,"event_name":"The Woman in Blue","floor":14,"gold_loss":0},{"damage_healed":0,"gold_gain":0,"player_choice":"Ignored","damage_taken":0,"max_hp_gain":0,"max_hp_loss":0,"event_name":"The Mausoleum","floor":22,"gold_loss":0}],"is_beta":false,"boss_relics":[{"not_picked":["Ectoplasm","Velvet Choker"],"picked":"Astrolabe"}],"items_purged_floors":[27],"is_endless":false,"potions_floor_spawned":[11,16,20,24],"killed_by":"Cultist and Chosen","ascension_level":20}}