{"host":"e6sgj53qqwx3piqv","time":1611435929,"event":{"mods":["AchievementEnabler","Aspiration","BaseMod","BetterRewards","Colored Powertips","Downfall","Hermit","Highlight Path","Hubris","Infinite Spire","Minty Spire (QoL Compilation)","Quick Restart","Rare Cards Sparkle","Replay The Spire","Shop Mod","StSLib","The Cursed","The Disciple","The Jungle","The Runesmith"],"gold_per_floor":[132,93,93,132,132,207,207,207,233,233,41,98,98,98,98,395,395,467,479,135,306,306,306,306],"floor_reached":23,"language":"ENG","playtime":1688,"items_purged":[],"score":258,"play_id":"d5e979c2-8d61-4752-af67-aef26ac42c30","local_time":"20210123160529","daily_mods":["Allstar","Colorless Cards","Heirloom","Time Dilation","Flight","downfall:Lament","Midas"],"is_ascension_mode":false,"campfire_choices":[{"floor":7,"key":"RECALL"}],"circlet_count":0,"master_deck":["Strike_B","Strike_B","Strike_B","Zap","Dualcast","Replay:Sssssssssstrike","Secret Weapon","ReplayTheSpireMod:Necrogeddon","Crow Ritual+1","Metamorphosis","Steam","Hello World","Zap","Finesse","BootSequence","Crystallizer","Heatsinks","Coolheaded+1","Stack","Sweeping Beam","Sweeping Beam","Go for the Eyes","Storm","PanicButton+1","Biased Cognition","CurseOfTheBell","Tempest","Ball Lightning","Capacitor","Rip and Tear","Tempest","Tempest","Doom and Gloom","theJungle:Gourd","theJungle:Gourd","theJungle:Gourd","theJungle:Gourd","theJungle:Gourd"],"relics":["Cracked Core","NeowsBlessing","Turnip","Kunai","Blue Doll","Question Card","hubris:Towel","Calling Bell","MawBank","Replay:Ringing Soul","Replay:Kaleidoscope","ReplayTheSpireMod:Ring of Addiction","White Beast Statue","Potion Belt","Strange Spoon","Regal Pillow"],"acts_visited":["Exordium","theJungle:Jungle"],"potions_floor_usage":[16],"damage_taken":[{"damage":0,"enemies":"Cultist","floor":1,"turns":1},{"damage":0,"enemies":"2 Louse","floor":4,"turns":1},{"damage":0,"enemies":"3 Sentries","floor":6,"turns":2},{"damage":0,"enemies":"Small Slimes","floor":12,"turns":3},{"damage":23,"enemies":"Hexaghost","floor":16,"turns":10},{"damage":11,"enemies":"theJungle:5_Spyders","floor":18,"turns":9},{"damage":66,"enemies":"Nightmare","floor":23,"turns":11}],"seed_played":"458784550499122829","potions_obtained":[{"floor":12,"key":"champ:CounterPotion"},{"floor":16,"key":"SteroidPotion"},{"floor":19,"key":"champ:CounterPotion"},{"floor":19,"key":"Toxic Potion"},{"floor":19,"key":"SpeedPotion"},{"floor":21,"key":"EssenceOfDarkness"},{"floor":21,"key":"BlessingOfTheForge"}],"is_trial":true,"path_per_floor":["M","$","?","M","?","E","R","?","T","T","$","M","?","?","R","B",null,"M","?","$","?","?","NM"],"character_chosen":"DEFECT","items_purchased":["Hello World","Heatsinks","Coolheaded+1","Stack","Sweeping Beam","Go for the Eyes","Ball Lightning","Capacitor","Rip and Tear","Strange Spoon","Tempest"],"campfire_rested":0,"item_purchase_floors":[2,11,11,11,11,11,20,20,20,20,20],"current_hp_per_floor":[75,75,75,75,75,75,75,75,75,75,75,75,75,75,75,52,75,67,67,70,53,56,0,0],"gold":306,"neow_bonus":"","is_daily":false,"chose_seed":false,"campfire_upgraded":0,"win_rate":0.0,"timestamp":1611435929,"path_taken":["M","?","?","?","?","E","R","?","T","?","$","?","?","?","R","BOSS","M","?","$","?","?","NM"],"items_purchased_type":["Card","Card","Card","Card","Card","Card","Card","Card","Card","Relic","Card"],"build_version":"2020-12-22","purchased_purges":0,"victory":false,"max_hp_per_floor":[75,75,75,75,75,75,75,75,75,75,75,75,75,75,75,75,75,78,78,81,84,87,85,85],"card_choices":[{"not_picked":["Compile Driver","Rebound"],"picked":"Steam","floor":1},{"not_picked":["Panic Button","Steam"],"picked":"BootSequence","floor":4},{"not_picked":["Rebound","Gash"],"picked":"Crystallizer","floor":6},{"not_picked":["Gash","Transmutation","Turbo"],"picked":"Storm","floor":12},{"not_picked":["Magnetism","hubris:SpecializedCircuitry","Midas Touch"],"picked":"Biased Cognition","floor":16},{"not_picked":["Rebound+1","Gash","Panic Button"],"picked":"Tempest","floor":18},{"not_picked":["Turbo","Hologram","BasicCrystalCard"],"picked":"Doom and Gloom","floor":21}],"player_experience":226781,"relics_obtained":[{"floor":6,"key":"Kunai"},{"floor":8,"key":"Blue Doll"},{"floor":10,"key":"Question Card"},{"floor":17,"key":"MawBank"},{"floor":17,"key":"Replay:Ringing Soul"},{"floor":17,"key":"Replay:Kaleidoscope"},{"floor":19,"key":"ReplayTheSpireMod:Ring of Addiction"},{"floor":19,"key":"White Beast Statue"},{"floor":19,"key":"Potion Belt"},{"floor":21,"key":"Regal Pillow"}],"event_choices":[{"damage_healed":0,"gold_gain":0,"player_choice":"2 cards matched","damage_taken":0,"max_hp_gain":0,"max_hp_loss":0,"event_name":"Match and Keep!","floor":3,"gold_loss":0,"cards_obtained":["Zap","Finesse"]},{"damage_healed":0,"gold_gain":0,"player_choice":"Ignored","damage_taken":0,"max_hp_gain":0,"max_hp_loss":0,"event_name":"Golden Wing","floor":5,"gold_loss":0}],"is_beta":false,"boss_relics":[{"not_picked":["Abe\u0027s Treasure","Kintsugi"],"picked":"Calling Bell"}],"items_purged_floors":[],"is_endless":false,"potions_floor_spawned":[12,16],"killed_by":"Nightmare","ascension_level":0}}