{"host":"d7fiu2yjkssjxoz6","time":1611441952,"event":{"mods":["AchievementEnabler","BaseMod","Duelist Mod","Minty Spire (QoL Compilation)","StSLib"],"gold_per_floor":[143,160,176,176,17,52,71,71,71],"floor_reached":8,"language":"ENG","playtime":318,"items_purged":["Regret"],"score":84,"play_id":"26f75c5c-7bc6-480f-989c-427390f9d7ef","local_time":"20210123144552","is_ascension_mode":true,"campfire_choices":[],"circlet_count":0,"master_deck":["theDuelist:CastleWalls","theDuelist:CastleWalls","theDuelist:ColossalFighter","theDuelist:CommandKnight","theDuelist:FeedbackWarrior","theDuelist:FeedbackWarrior","theDuelist:MightyWarrior","theDuelist:Sparks","theDuelist:Sparks","theDuelist:SuperheavySoulbuster","theDuelist:GilfordLegend","theDuelist:BattleOx","theDuelist:GoyoDefender","theDuelist:SuperheavySoulhorns","theDuelist:CommanderSwords","theDuelist:BattleOx","theDuelist:DawnKnight"],"relics":["theDuelist:MillenniumPuzzle","theDuelist:CardPoolRelic","theDuelist:CardPoolBasicRelic","theDuelist:BoosterPackPoolRelic","theDuelist:CardPoolAddRelic","theDuelist:CardPoolMinusRelic","theDuelist:CardPoolSaveRelic","theDuelist:CardPoolOptionsRelic","InkBottle","theDuelist:BoosterPackHealer"],"acts_visited":["Exordium"],"potions_floor_usage":[7],"damage_taken":[{"damage":2,"enemies":"Jaw Worm","floor":1,"turns":3},{"damage":0,"enemies":"Small Slimes","floor":2,"turns":2},{"damage":0,"enemies":"Cultist","floor":3,"turns":3},{"damage":33,"enemies":"Gremlin Nob","floor":6,"turns":4},{"damage":0,"enemies":"Blue Slaver","floor":7,"turns":2},{"damage":53,"enemies":"3 Sentries","floor":8,"turns":3}],"seed_played":"-7120099107436716287","potions_obtained":[{"floor":2,"key":"theDuelist:StunPotion"}],"is_trial":false,"path_per_floor":["M","M","M","?","$","E","M","E"],"character_chosen":"THE_DUELIST","items_purchased":["theDuelist:SuperheavySoulhorns","theDuelist:CommanderSwords"],"campfire_rested":0,"item_purchase_floors":[5,5],"current_hp_per_floor":[78,78,78,78,78,45,49,0,0],"gold":71,"neow_bonus":"TEN_PERCENT_HP_BONUS","is_daily":false,"chose_seed":false,"campfire_upgraded":0,"win_rate":0.0,"timestamp":1611441952,"path_taken":["M","M","M","?","$","E","M","E"],"items_purchased_type":["Card","Card"],"build_version":"2020-12-22","purchased_purges":1,"victory":false,"max_hp_per_floor":[88,88,88,88,88,88,88,88,88],"card_choices":[{"not_picked":["theDuelist:EarthquakeGiant","theDuelist:GraniteLoyalist","theDuelist:HammerShot","theDuelist:MillenniumGolem"],"picked":"theDuelist:GilfordLegend","floor":1},{"not_picked":["theDuelist:BlackPendant","theDuelist:GilfordLegend","theDuelist:PotDichotomy","theDuelist:PreventRat"],"picked":"theDuelist:BattleOx","floor":2},{"not_picked":["theDuelist:AlphaMagnet","theDuelist:CyberRaider","theDuelist:CelticGuardian","theDuelist:Flint"],"picked":"theDuelist:GoyoDefender","floor":3},{"not_picked":["theDuelist:SuperheavySoulbuster","theDuelist:CommandKnight","theDuelist:FeedbackWarrior","theDuelist:ColossalFighter"],"picked":"theDuelist:BattleOx","floor":6},{"not_picked":["theDuelist:LegendaryBlackBelt","theDuelist:CyberRaider","theDuelist:BattleguardRage","theDuelist:ImperialOrder"],"picked":"theDuelist:DawnKnight","floor":7}],"player_experience":248543,"relics_obtained":[{"floor":6,"key":"theDuelist:BoosterPackHealer"}],"event_choices":[{"damage_healed":0,"gold_gain":0,"player_choice":"Box","damage_taken":0,"relics_obtained":["InkBottle"],"max_hp_gain":0,"max_hp_loss":0,"event_name":"Big Fish","floor":4,"gold_loss":0,"cards_obtained":["Regret"]}],"is_beta":false,"boss_relics":[],"items_purged_floors":[5],"is_endless":false,"potions_floor_spawned":[2],"killed_by":"3 Sentries","ascension_level":9}}