{"host":"r9uivonio18rfam2","time":1611427447,"event":{"mods":["2.2 Compatiblity","AchievementEnabler","Act Like it!","Aspiration","BaseMod","Beaked The Cultist","Better Altar","Better Match","Better Note","Better Sensory Stone","Better Skull","Better Third Choice","BetterRewards","Challenge The Spire","Colored Map","Colored Powertips","Conspire","Downfall","Elementarium","Energized Spire","Hermit","Infinite Spire","Jedi Mod","Minty Spire (QoL Compilation)","Permanent Neow","Potionbrewer","Quick Restart","Replay The Spire","Shop Mod","Spicy Shops","Spikes Relics","StSLib","The Blue Laboratory","The Jungle","Wandering Minibosses","vexMod"],"gold_per_floor":[118,130,130,146,71,104,104,118,118,144,144,172,191,216,216,319,319,339,339,353,371,39,65,65,65,65,97,97,126,163,78,78,196,196,244,244,38,38,65,107,107,158,182,209,229,204,204,237,237,273,273,273,35,90,124],"floor_reached":56,"language":"ENG","playtime":4408,"items_purged":["Strike_R","Strike_R","Writhe"],"score":2639,"play_id":"d3edde20-1bce-4a93-af4b-2d5e1fb396db","local_time":"20210123134407","is_ascension_mode":true,"campfire_choices":[{"data":"Feel No Pain","floor":7.0,"key":"SMITH"},{"data":"True Grit","floor":15,"key":"SMITH"},{"data":"conspire:HitWhereItHurts","floor":28,"key":"SMITH"},{"data":"Defend_R","floor":32,"key":"PURGE"},{"floor":41,"key":"RECALL"},{"data":"Burning Pact","floor":49,"key":"SMITH"},{"data":"Adrenaline","floor":52,"key":"SMITH"}],"circlet_count":0,"master_deck":["AscendersBane","Defend_R+1","Defend_R+1","Defend_R+1","Bash","Feel No Pain+1","True Grit+1","Clothesline","Havoc","Shrug It Off+1","BarbarianYell+1","Feel No Pain+1","jedi:unlimitedpower","Master of Strategy+1","Assess+1","conspire:Banana+1","Battle Trance","Sentinel+1","Shockwave+1","Metallicize+1","jedi:bloodyhammer","Evolve+1","Armaments+1","Headbutt+1","conspire:HitWhereItHurts+1","Adrenaline+1","Dark Embrace","Immolate","ReplayReversal+1","Disarm+1","Burning Pact+1","Iron Wave","Fiend Fire","Battle Trance","Battle Trance+1","Dark Embrace+1","Warcry+1"],"relics":["TwistedFunnel","Divine Protection","Juzu Bracelet","Replay:M_StaffOfTheSnake","PureWater","Replay:PocketPolymizer","ReplayTheSpireMod:Onyx Gauntlets","FaceOfCleric","Slimebound:AbsorbEndCombatUpgraded","Anchor","infinitespire:Chaos","Toy Ornithopter","Ancient Tea Set","Replay:Bandana","Blue Doll","jedi:HeartOfTheCards","expansioncontent:StudyCardRelic","Replay:Fungal Core","jedi:crownofsimplicity","CaptainsWheel","Torii","wanderingMiniBosses:OtherGremlinHorn","Pen Nib","Replay:Baseball"],"acts_visited":["Exordium","TheCity","TheBeyond","TheEnding"],"potions_floor_usage":[14,33,55,55,55],"damage_taken":[{"damage":0.0,"enemies":"conspire:RoseBush","floor":1.0,"turns":4.0},{"damage":0.0,"enemies":"Jaw Worm","floor":2.0,"turns":2.0},{"damage":0.0,"enemies":"Small Slimes","floor":4.0,"turns":4.0},{"damage":13.0,"enemies":"Replay:BlueRogue","floor":6.0,"turns":4.0},{"damage":1,"enemies":"conspire:2 RoseBushes","floor":8,"turns":7},{"damage":2,"enemies":"3 Sentries","floor":10,"turns":6},{"damage":14,"enemies":"Replay:BlueRogue","floor":12,"turns":7},{"damage":13,"enemies":"Lots of Slimes","floor":13,"turns":5},{"damage":4,"enemies":"Gremlin Nob","floor":14,"turns":4},{"damage":16,"enemies":"Fading Forest","floor":16,"turns":11},{"damage":9,"enemies":"Chosen","floor":18,"turns":7},{"damage":8,"enemies":"Spheric Guardian","floor":20,"turns":5},{"damage":14,"enemies":"conspire:HollyBat","floor":21,"turns":8},{"damage":36,"enemies":"Nightmare","floor":23,"turns":9},{"damage":0,"enemies":"Book of Stabbing","floor":27,"turns":3},{"damage":8,"enemies":"3 Cultists","floor":29,"turns":6},{"damage":8,"enemies":"conspire:Head Lice","floor":30,"turns":5},{"damage":3,"enemies":"Automaton","floor":33,"turns":4},{"damage":0,"enemies":"3 Darklings","floor":35,"turns":3},{"damage":0,"enemies":"Orb Walker","floor":39,"turns":3},{"damage":0,"enemies":"R_Hoarder","floor":40,"turns":5},{"damage":2,"enemies":"beaked:SuperParasite","floor":42,"turns":3},{"damage":0,"enemies":"Transient","floor":44,"turns":5},{"damage":0,"enemies":"Jaw Worm Horde","floor":45,"turns":3},{"damage":0,"enemies":"Writhing Mass","floor":48,"turns":4},{"damage":0,"enemies":"Awakened One","floor":50,"turns":5},{"damage":0,"enemies":"Shield and Spear","floor":54,"turns":3},{"damage":1,"enemies":"The Heart","floor":55,"turns":5}],"seed_played":"-479979400783604520","potions_obtained":[{"floor":2.0,"key":"sneckomod:MuddlingPotion"},{"floor":4.0,"key":"Energy Potion"},{"floor":14,"key":"blueLaboratory:SmithPotion"},{"floor":23,"key":"blueLaboratory:EmptyBottle"},{"floor":39,"key":"potionbrewer:QuicksilverPotion"},{"floor":44,"key":"blueLaboratory:SmithPotion"}],"is_trial":false,"path_per_floor":["M","M","?","M","$","E","R","M","T","E","?","E","M","E","R","B",null,"M","?","M","M","$","NM","?","$","T","E","R","M","E","?","R_BF","B",null,"M","?","$","?","M","E","R","E","T","M","M","?","?","M","R","B",null,"R","$","E","B",null],"character_chosen":"IRONCLAD","items_purchased":["hexamod:BolsterEngine","infinitespire:Satchel","ReplayTheSpireMod:ShopPack","Feel No Pain","True Grit","Block Potion","potionbrewer:BoosterPack","infinitespire:Chaos","conspire:HitWhereItHurts","Disarm","Battle Trance","Pen Nib","Dark Embrace+1"],"campfire_rested":0,"item_purchase_floors":[0,0,0,0,0,0,0,22,22,37,53,53,53],"current_hp_per_floor":[55,62,62,70,70,65,65,72,78,84,84,78,73,77,77,77,97,96,96,96,90,90,57,57,57,57,60,60,55,50,50,50,55,108,109,126,126,95,98,101,101,102,102,105,108,108,108,111,111,114,116,116,116,119,122],"gold":124,"neow_bonus":"","is_daily":false,"chose_seed":false,"campfire_upgraded":5,"win_rate":0.0,"timestamp":1611427447,"path_taken":["M","M","?","M","?","E","R","M","T","E","?","E","M","E","R","BOSS","M","?","?","M","$","NM","?","$","T","E","R","M","E","?","R_BF","BOSS","M","?","$","?","M","E","R","E","T","M","M","?","?","M","R","BOSS","R","$","E","BOSS"],"items_purchased_type":["Relic","Relic","Relic","Card","Card","Potion","Relic","Relic","Card","Card","Card","Relic","Card"],"build_version":"2020-12-22","purchased_purges":3,"victory":true,"max_hp_per_floor":[81,82,82,84,84,86,86,88,94,96,96,98,100,102,102,104,104,106,106,108,110,110,113,113,113,113,116,116,119,122,122,122,125,125,126,126,126,95,98,101,101,104,104,107,110,110,110,113,113,116,116,116,116,119,122],"card_choices":[{"not_picked":["Magnetism","Secret Weapon"],"picked":"Master of Strategy","floor":0.0},{"not_picked":["ReplayTheSpireMod:Private Reserves","Discovery"],"picked":"Assess","floor":0.0},{"not_picked":["Secret Technique","jedi:forcepush"],"picked":"conspire:Banana","floor":0.0},{"not_picked":["Iron Wave","Flex","Infernal Blade"],"picked":"SKIP","floor":1.0},{"not_picked":["Infernal Blade","Anger"],"picked":"Battle Trance","floor":2.0},{"not_picked":["jedi:fear","Cleave","ReplayTheSpireMod:Strike From Hell"],"picked":"SKIP","floor":4.0},{"not_picked":["Iron Wave","Heavy Blade","Twin Strike"],"picked":"SKIP","floor":6.0},{"not_picked":["Wild Strike","Sword Boomerang"],"picked":"Sentinel","floor":8},{"not_picked":["Flame Barrier","Seeing Red"],"picked":"Sever Soul","floor":10},{"not_picked":["Pummel","ReplayTheSpireMod:Limb From Limb"],"picked":"Shockwave","floor":12},{"not_picked":["Flame Barrier","jedi:fear","Sword Boomerang"],"picked":"SKIP","floor":13},{"not_picked":["Pummel","ReplayTheSpireMod:Stacked"],"picked":"Metallicize","floor":14},{"not_picked":["jedi:harder","Impervious","Feed"],"picked":"jedi:bloodyhammer","floor":16},{"not_picked":["Warcry","Perfected Strike+1","Twin Strike"],"picked":"Evolve","floor":18},{"not_picked":["Iron Wave+1","Wild Strike","ReplayTheSpireMod:Limb From Limb"],"picked":"Headbutt+1","floor":20},{"not_picked":["Clothesline+1","Run Through","jedi:bloodyhammer","Replay:Undeath\u0027s Touch"],"picked":"SKIP","floor":21},{"not_picked":["Clothesline+1","Run Through","jedi:bloodyhammer","Replay:Undeath\u0027s Touch"],"picked":"SKIP","floor":21},{"not_picked":["Power Through","Clothesline+1","Pommel Strike"],"picked":"SKIP","floor":23},{"not_picked":["Die Die Die","SashWhip+1"],"picked":"Adrenaline","floor":27},{"not_picked":["Flex","jedi:fear","EmptyMind"],"picked":"SKIP","floor":29},{"not_picked":["Armaments","Searing Blow"],"picked":"Dark Embrace","floor":30},{"not_picked":["jedi:harder","Offering"],"picked":"Limit Break","floor":33},{"not_picked":["Rage+1","True Grit+1"],"picked":"ReplayReversal","floor":35},{"not_picked":["jedi:fear+1","Iron Wave","Headbutt"],"picked":"SKIP","floor":39},{"not_picked":["Bloodletting+1","Ghostly Armor+1"],"picked":"Burning Pact","floor":40},{"not_picked":["Flex+1","Anger","Infernal Blade+1"],"picked":"SKIP","floor":42},{"not_picked":["Life Link","jedi:controlledanger","Run Through"],"picked":"SKIP","floor":44},{"not_picked":["Rage+1","jedi:hate","True Grit"],"picked":"SKIP","floor":45},{"not_picked":["Pommel Strike","Armaments+1","Havoc"],"picked":"SKIP","floor":48},{"not_picked":["True Grit","Power Through"],"picked":"Warcry+1","floor":54}],"player_experience":477746,"relics_obtained":[{"floor":6.0,"key":"aspiration:HiddenCompartment"},{"floor":9,"key":"vexMod:BerryBomb"},{"floor":10,"key":"Matryoshka"},{"floor":12,"key":"Replay:Bottled Flurry"},{"floor":14,"key":"Question Card"},{"floor":23,"key":"Toy Ornithopter"},{"floor":26,"key":"Ancient Tea Set"},{"floor":27,"key":"Replay:Bandana"},{"floor":30,"key":"Blue Doll"},{"floor":40,"key":"jedi:crownofsimplicity"},{"floor":42,"key":"CaptainsWheel"},{"floor":48,"key":"wanderingMiniBosses:OtherGremlinHorn"},{"floor":54,"key":"Replay:Baseball"}],"event_choices":[{"damage_healed":0.0,"max_hp_gain":0.0,"max_hp_loss":0.0,"gold_gain":0.0,"event_name":"Living Wall","player_choice":"Grow","floor":3.0,"gold_loss":0.0,"damage_taken":0.0,"cards_upgraded":["conspire:Banana"]},{"damage_healed":0,"gold_gain":0,"player_choice":"Ignored","damage_taken":144,"max_hp_gain":0,"max_hp_loss":0,"event_name":"betterThird:BetterSerpent","floor":11,"gold_loss":0},{"cards_removed":["Feel No Pain"],"damage_healed":0,"gold_gain":0,"player_choice":"Take \u0026 Give","damage_taken":0,"max_hp_gain":0,"max_hp_loss":0,"event_name":"betterNote:BetterNote","floor":19,"gold_loss":0,"cards_obtained":["Armaments"]},{"cards_removed":["Strike_R"],"damage_healed":0,"gold_gain":0,"player_choice":"Purged","damage_taken":0,"max_hp_gain":0,"max_hp_loss":0,"event_name":"Purifier","floor":24,"gold_loss":0},{"damage_healed":0,"gold_gain":0,"player_choice":"Obtained Relic","damage_taken":0,"relics_obtained":["jedi:HeartOfTheCards"],"max_hp_gain":0,"max_hp_loss":0,"event_name":"Addict","floor":31,"gold_loss":85},{"damage_healed":32,"gold_gain":0,"player_choice":"Writhe","damage_taken":0,"max_hp_gain":0,"max_hp_loss":0,"event_name":"Winding Halls","floor":36,"gold_loss":0,"cards_obtained":["Writhe"]},{"cards_removed":["Limit Break"],"damage_healed":0,"gold_gain":0,"player_choice":"Gave Card","damage_taken":0,"relics_obtained":["Torii"],"max_hp_gain":0,"max_hp_loss":0,"event_name":"WeMeetAgain","floor":47,"gold_loss":0}],"is_beta":false,"boss_relics":[{"not_picked":["vexMod:NewClearReactor","Abe\u0027s Treasure"],"picked":"Mark of Pain"},{"not_picked":["aspiration:PoetsPen_weak","SacredBark"],"picked":"expansioncontent:StudyCardRelic"}],"items_purged_floors":[5,22,37],"is_endless":false,"potions_floor_spawned":[2,4,12,14,18,23,27,30,39,44,45],"ascension_level":11}}