{"host":"ucdtmwoyjdi175gg","time":1611426985,"event":{"mods":["2.2 Compatiblity","Act Like it!","Aspiration","BaseMod","Beaked The Cultist","Bestiary","Better Third Choice","CapriCore","Chen","Ekko","Filter the Spire","Friendly Minions","Gensokyo","Halation","Hermit","HololiveMod","KinomotoSakuraMod(????)","Koishi","Lobotomy","Luminous","Marisa????????","Marked Mod","Minty Spire (QoL Compilation)","Nova Terra(??·??)","Quick Restart","Relic Stats","Remilia??????","Replay The Spire","Somnambulant","StSLib","Td1madao Mod","The Administrix","The Bug Knight","The Fake Hero","The Hierophant","The Immortal","The Jungle","The Marked","The Servant 0.9.4","TheSwordswoman","Yuyuko","??????REMEMod"],"gold_per_floor":[116,116,116,116,40,67,26,39,39,39,51,77,91,109,109,213,213,229,229,241,253,125,125,160,160,160,190,190,206,206,221,221,317,317,335,355,374,388,234,234,252,263,263,263,52,52,52,71,71,71,71,71,20,20,20,20],"floor_reached":54,"language":"ENG","playtime":8907,"items_purged":[],"score":789,"play_id":"79020021-7a61-42ee-8520-f5059e3ce65d","local_time":"20210123123625","is_ascension_mode":false,"campfire_choices":[{"data":"MokouMod:IgnitionBlast","floor":10,"key":"SMITH"},{"floor":15,"key":"REST"},{"floor":23,"key":"REST"},{"floor":28,"key":"REST"},{"floor":30,"key":"REST"},{"floor":32,"key":"REST"},{"floor":40,"key":"REST"},{"floor":46,"key":"RECALL"},{"floor":49,"key":"REST"},{"data":"MokouMod:EnchantingBambooForest","floor":52,"key":"SMITH"}],"circlet_count":0,"master_deck":["MokouMod:Strike","MokouMod:Strike","MokouMod:Defend","MokouMod:Defend","MokouMod:Defend","MokouMod:Defend","MokouMod:HeatSpark","Hololive_AWSL","MokouMod:UncontrollableSolarReaction+1","MokouMod:IgnitionBlast+1","MokouMod:IndiscriminateIgnition","MokouMod:IgnitionBarrier","MokouMod:Sear","MokouMod:ShiftIgnition","MokouMod:IcarusDive","MokouMod:Stoke","MokouMod:RoaringFlare","MokouMod:EnchantingBambooForest+1","MokouMod:RoaringFlare","MokouMod:Fireball","MokouMod:Wildfire","MokouMod:ControlledCombustion","MokouMod:ControlledCombustion","MokouMod:HeartofFire","MokouMod:Sear","MokouMod:Geothermal","MokouMod:ScorchingColumn+1","MokouMod:FlareStarter","MokouMod:ResoluteFlare+1","MokouMod:TemporalFireSeal","MokouMod:Meltdown","MokouMod:Trailblazer","MokouMod:ResoluteFlare+1","MokouMod:ScorchingColumn","MokouMod:RadiantBlade","MokouMod:EnchantingBambooForest+1","MokouMod:Geothermal","MokouMod:AdaptivePyromancy+1","MokouMod:FlamingFireTalons+1","MokouMod:PhoenixForm+1","MokouMod:IgneousBlow+1","MokouMod:IndiscriminateIgnition+1","MokouMod:ResonanceReactor+1","MokouMod:BurningDraft","MokouMod:FlareStarter+1","MokouMod:ResonanceReactor+1","MokouMod:EternalBurstReactor+1","MokouMod:IndiscriminateIgnition+1","MokouMod:ResonanceReactor","MokouMod:ShiftIgnition+1","MokouMod:ScorchingColumn+1","MokouMod:Stoke+1","MokouMod:WarmUp+1","MokouMod:Firecracker+1","MokouMod:Overheat","MokouMod:FusionFlare","MokouMod:IndiscriminateIgnition","MokouMod:SubterraneanCore+1","MokouMod:SearingBlow+1","MokouMod:ScorchedEarth","MokouMod:Stoke+1","MokouMod:IcarusDive+1","MokouMod:EternalBurstReactor+1","MokouMod:SearingShot"],"relics":["MokouMod:PhoenixFeather","REME_ComplimentaryCards","aspiration:Nostalgia","m_ScarletBlood","halation:RedSoulGem","StoneCalendar","Pear","Vajra","aspiration:PoetsPen_weak","halation:EternalFortune","halation:TwoAmDonut","Strawberry","REME_IWantAll","Astrolabe","Sling"],"acts_visited":["Exordium","TheCity","TheBeyond","TheEnding"],"potions_floor_usage":[12,20,21,24,25,27,29,33,38,38,38,48],"damage_taken":[{"damage":0,"enemies":"Small Slimes","floor":1,"turns":3},{"damage":6,"enemies":"Gremlin Nob","floor":6,"turns":3},{"damage":7,"enemies":"Jaw Worm","floor":8,"turns":3},{"damage":2,"enemies":"2 Louse","floor":11,"turns":2},{"damage":46,"enemies":"3 Sentries","floor":12,"turns":7},{"damage":10,"enemies":"Looter","floor":13,"turns":2},{"damage":21,"enemies":"Gremlin Gang","floor":14,"turns":4},{"damage":38,"enemies":"Fading Forest","floor":16,"turns":11},{"damage":10,"enemies":"Spheric Guardian","floor":18,"turns":3},{"damage":25,"enemies":"Shell Parasite","floor":20,"turns":4},{"damage":13,"enemies":"3 Cultists","floor":21,"turns":4},{"damage":46,"enemies":"Book of Stabbing","floor":24,"turns":6},{"damage":50,"enemies":"Gremlin Leader","floor":27,"turns":5},{"damage":33,"enemies":"Snake Plant","floor":29,"turns":4},{"damage":24,"enemies":"Snecko","floor":31,"turns":5},{"damage":68,"enemies":"Automaton","floor":33,"turns":7},{"damage":26,"enemies":"3 Shapes","floor":35,"turns":2},{"damage":55,"enemies":"3 Darklings","floor":36,"turns":4},{"damage":16,"enemies":"4 Shapes","floor":37,"turns":7},{"damage":32,"enemies":"Spire Growth","floor":38,"turns":4},{"damage":24,"enemies":"4 Shapes","floor":41,"turns":5},{"damage":8,"enemies":"Transient","floor":42,"turns":5},{"damage":16,"enemies":"Maw","floor":48,"turns":6},{"damage":61,"enemies":"Time Eater","floor":50,"turns":6},{"damage":160,"enemies":"Shield and Spear","floor":54,"turns":6}],"seed_played":"7397069011517388060","potions_obtained":[{"floor":8,"key":"Strength Potion"},{"floor":11,"key":"LifebloodPotion"},{"floor":12,"key":"SkillPotion"},{"floor":16,"key":"Strength Potion"},{"floor":20,"key":"SneckoOil"},{"floor":21,"key":"Weak Potion"},{"floor":25,"key":"REME_GoldPotion"},{"floor":25,"key":"Milkshake"},{"floor":29,"key":"Dexterity Potion"},{"floor":33,"key":"Dexterity Potion"},{"floor":36,"key":"Milkshake"},{"floor":42,"key":"ColorlessPotion"}],"is_trial":false,"path_per_floor":["M","?","?","?","$","E","$","M","T","R","M","E","M","M","R","B",null,"M","?","M","M","$","R","E","?","T","E","R","M","R","M","R","B",null,"M","M","M","M","$","R","M","M","T","?","$","R","?","M","R","B",null,"R","$","E"],"character_chosen":"MKU","items_purchased":["MokouMod:IgnitionBlast","MokouMod:IgnitionBarrier","MokouMod:ControlledCombustion","MokouMod:HeartofFire","Sling","MokouMod:SearingBlow","MokouMod:ScorchedEarth","MokouMod:SearingShot"],"campfire_rested":7,"item_purchase_floors":[5,7,22,22,39,45,45,53],"current_hp_per_floor":[75,75,75,75,75,70,70,64,74,74,73,28,19,22,49,32,92,83,86,62,50,50,79,34,34,41,29,62,33,67,47,82,18,122,100,49,37,9,9,50,30,26,26,26,26,26,26,14,59,37,151,151,151,0,0,0],"gold":20,"neow_bonus":"NOSTALGIA","is_daily":false,"chose_seed":false,"campfire_upgraded":2,"win_rate":0.0,"timestamp":1611426985,"path_taken":["M","?","?","?","$","E","?","M","T","R","M","E","M","M","R","BOSS","M","?","M","M","$","R","E","?","T","E","R","M","R","M","R","BOSS","M","M","M","M","$","R","M","?","T","?","$","R","?","M","R","BOSS","R","$","E"],"items_purchased_type":["Card","Card","Card","Card","Relic","Card","Card","Card"],"build_version":"2020-12-22","purchased_purges":0,"victory":false,"max_hp_per_floor":[75,75,75,75,75,76,76,77,87,87,88,89,90,91,91,92,92,93,96,97,98,98,98,99,99,106,110,110,114,114,118,118,122,122,126,130,134,138,138,138,142,146,146,146,146,146,146,150,150,151,151,151,151,152,152,152],"relic_stats":{"counters":[25,118],"Astrolabe":["MokouMod:AdaptivePyromancy","MokouMod:FlamingFireTalons","MokouMod:PhoenixForm"],"StoneCalendar":[154],"obtain_stats":[{"Pear":9,"aspiration:Nostalgia":0,"Astrolabe":34,"Vajra":12,"StoneCalendar":6,"aspiration:PoetsPen_weak":17,"REME_IWantAll":27,"Sling":39,"halation:RedSoulGem":2,"m_ScarletBlood":0,"Strawberry":26,"MokouMod:PhoenixFeather":0,"halation:EternalFortune":19,"halation:TwoAmDonut":24,"REME_ComplimentaryCards":0},{"Pear":3,"aspiration:Nostalgia":0,"Astrolabe":16,"Vajra":5,"StoneCalendar":2,"aspiration:PoetsPen_weak":8,"REME_IWantAll":13,"Sling":20,"halation:RedSoulGem":1,"m_ScarletBlood":0,"Strawberry":12,"MokouMod:PhoenixFeather":0,"halation:EternalFortune":9,"halation:TwoAmDonut":12,"REME_ComplimentaryCards":0},{"Pear":9,"aspiration:Nostalgia":0,"Astrolabe":73,"Vajra":18,"StoneCalendar":6,"aspiration:PoetsPen_weak":35,"REME_IWantAll":57,"Sling":90,"halation:RedSoulGem":3,"m_ScarletBlood":0,"Strawberry":52,"MokouMod:PhoenixFeather":0,"halation:EternalFortune":38,"halation:TwoAmDonut":52,"REME_ComplimentaryCards":0}]},"card_choices":[{"not_picked":["MokouMod:Singe","MokouMod:Sear"],"picked":"MokouMod:UncontrollableSolarReaction","floor":1},{"not_picked":["Flex","MokouMod:BurningDraft"],"picked":"MokouMod:IndiscriminateIgnition","floor":6},{"not_picked":["MokouMod:ImperishableFlame","MokouMod:RetainTemperature"],"picked":"MokouMod:Sear","floor":8},{"not_picked":["MokouMod:RoaringFlare","MokouMod:BlazingComet"],"picked":"MokouMod:ShiftIgnition","floor":11},{"not_picked":["MokouMod:BurningDraft","MokouMod:HeartofFire"],"picked":"MokouMod:IcarusDive","floor":12},{"not_picked":["MokouMod:BlazingComet","MokouMod:IndiscriminateIgnition"],"picked":"MokouMod:Stoke","floor":13},{"not_picked":["MokouMod:DanceofFlames","MokouMod:Stoke"],"picked":"MokouMod:RoaringFlare","floor":14},{"not_picked":["MokouMod:RadiantBlade","MokouMod:ExplosiveFlame"],"picked":"MokouMod:EnchantingBambooForest","floor":16},{"not_picked":["MokouMod:HeatFactory","MokouMod:DanceofFlames"],"picked":"MokouMod:RoaringFlare","floor":18},{"not_picked":["MokouMod:ResoluteFlare","MokouMod:ThermalPressure+1"],"picked":"MokouMod:Fireball","floor":20},{"not_picked":["MokouMod:Firecracker","MokouMod:FlickeringFlame"],"picked":"MokouMod:Wildfire","floor":21},{"not_picked":["MokouMod:HeatFactory","MokouMod:Singe+1"],"picked":"MokouMod:Sear","floor":24},{"not_picked":["MokouMod:Geothermal","MokouMod:ScorchingColumn+1","MokouMod:FlareStarter"],"picked":"Singing Bowl","floor":27},{"not_picked":["MokouMod:ResoluteFlare+1","MokouMod:TemporalFireSeal","MokouMod:Meltdown"],"picked":"Singing Bowl","floor":29},{"not_picked":["MokouMod:Trailblazer","MokouMod:ResoluteFlare+1","MokouMod:ScorchingColumn"],"picked":"Singing Bowl","floor":31},{"not_picked":["MokouMod:RadiantBlade","MokouMod:EnchantingBambooForest","MokouMod:Geothermal"],"picked":"Singing Bowl","floor":33},{"not_picked":["MokouMod:IgneousBlow+1","MokouMod:IndiscriminateIgnition+1","MokouMod:ResonanceReactor+1"],"picked":"Singing Bowl","floor":35},{"not_picked":["MokouMod:BurningDraft","MokouMod:FlareStarter+1","MokouMod:ResonanceReactor+1"],"picked":"Singing Bowl","floor":36},{"not_picked":["MokouMod:EternalBurstReactor+1","MokouMod:IndiscriminateIgnition+1","MokouMod:ResonanceReactor"],"picked":"Singing Bowl","floor":37},{"not_picked":["MokouMod:ShiftIgnition+1","MokouMod:ScorchingColumn+1","MokouMod:Stoke+1"],"picked":"Singing Bowl","floor":38},{"not_picked":["MokouMod:WarmUp+1","MokouMod:Firecracker+1","MokouMod:Overheat"],"picked":"Singing Bowl","floor":41},{"not_picked":["MokouMod:FusionFlare","MokouMod:IndiscriminateIgnition","MokouMod:SubterraneanCore+1"],"picked":"Singing Bowl","floor":42},{"not_picked":["MokouMod:Stoke+1","MokouMod:IcarusDive+1","MokouMod:EternalBurstReactor+1"],"picked":"Singing Bowl","floor":48}],"player_experience":1616565,"relics_obtained":[{"floor":6,"key":"StoneCalendar"},{"floor":9,"key":"Pear"},{"floor":12,"key":"Vajra"},{"floor":24,"key":"halation:TwoAmDonut"},{"floor":26,"key":"Strawberry"},{"floor":27,"key":"REME_IWantAll"}],"event_choices":[{"damage_healed":0,"gold_gain":0,"player_choice":"Grow","damage_taken":0,"max_hp_gain":0,"max_hp_loss":0,"event_name":"Living Wall","floor":3,"gold_loss":0,"cards_upgraded":["MokouMod:UncontrollableSolarReaction"]},{"damage_healed":0,"gold_gain":0,"player_choice":"Leave","damage_taken":0,"max_hp_gain":0,"max_hp_loss":0,"event_name":"The Cleric","floor":4,"gold_loss":0},{"damage_healed":0,"gold_gain":0,"player_choice":"Got Potions","damage_taken":0,"max_hp_gain":0,"max_hp_loss":0,"event_name":"Lab","floor":25,"gold_loss":0},{"damage_healed":0,"gold_gain":0,"player_choice":"Upgraded","damage_taken":0,"max_hp_gain":0,"max_hp_loss":0,"event_name":"Upgrade Shrine","floor":47,"gold_loss":0,"cards_upgraded":["MokouMod:EnchantingBambooForest"]}],"is_beta":false,"boss_relics":[{"not_picked":["Fusion Hammer","halation:PlatinumPhoenix"],"picked":"aspiration:PoetsPen_weak"},{"not_picked":["Hololive_ChaosS","Busted Crown"],"picked":"Astrolabe"}],"items_purged_floors":[],"is_endless":false,"potions_floor_spawned":[8,11,12,16,20,21,29,33,36,42],"killed_by":"Shield and Spear","ascension_level":0}}