{"host":"5i902d4kyq17lzic","time":1611429982,"event":{"mods":["BaseMod","BetterRewards","Colored Powertips","Hermit","Minty Spire (QoL Compilation)","Shop Mod","StSLib","The Cursed","The Marked","The Problem Sleuth","The Sage","The Servant 0.9.4"],"gold_per_floor":[113,132,132,132,132,132,162,180,180,180,197,197,227,239,239,336,336,356,271,284,284,46,46,46,46,46,63,63,78,90,34,34,34,34],"floor_reached":33,"language":"ENG","playtime":1578,"items_purged":[],"score":295,"play_id":"039f0126-ee55-4356-be59-97444cc30401","local_time":"20210123112622","is_ascension_mode":false,"campfire_choices":[{"data":"theMarked:SoldierOfQuellstein","floor":6,"key":"SMITH"},{"floor":10,"key":"REST"},{"data":"theMarked:EmpowerWeapon","floor":12,"key":"SMITH"},{"floor":15,"key":"REST"},{"floor":23,"key":"REST"},{"floor":25,"key":"REST"},{"floor":32,"key":"REST"}],"circlet_count":0,"master_deck":["theMarked:Strike","theMarked:Strike","theMarked:Strike","theMarked:Strike","theMarked:Strike","theMarked:Defend","theMarked:Defend","theMarked:Defend","theMarked:Defend","theMarked:SoldierOfQuellstein+1","theMarked:BanishingStrike","theMarked:ComboAttacks","theMarked:BindingBlade","theMarked:EmpowerWeapon+1","theMarked:MaelstromOfLightning","theMarked:RepellingDischarge","theMarked:DispelDoubt","theMarked:SelfDefenseTraining","theMarked:SwordAndMagic+1","theMarked:Defy","theMarked:ElectricStrings","theMarked:EmpowerWeapon+1","theMarked:Electrocute+1"],"relics":["theMarked:ArtifactOfAir","theMarked:NailFile","Mango","sagemod:Red_Beast_Statue","FossilizedHelix","Membership Card","Pear","MerchantsRug","Ice Cream"],"acts_visited":["Exordium","TheCity"],"potions_floor_usage":[7,7,11],"damage_taken":[{"damage":1,"enemies":"Jaw Worm","floor":1,"turns":4},{"damage":5,"enemies":"Small Slimes","floor":2,"turns":3},{"damage":23,"enemies":"3 Sentries","floor":7,"turns":7},{"damage":0,"enemies":"2 Louse","floor":8,"turns":2},{"damage":22,"enemies":"Gremlin Gang","floor":11,"turns":4},{"damage":12,"enemies":"Blue Slaver","floor":14,"turns":2},{"damage":37,"enemies":"Slime Boss","floor":16,"turns":10},{"damage":35,"enemies":"3 Byrds","floor":18,"turns":5},{"damage":31,"enemies":"2 Thieves","floor":20,"turns":4},{"damage":10,"enemies":"Snecko","floor":27,"turns":5},{"damage":14,"enemies":"Chosen and Byrds","floor":29,"turns":5},{"damage":9,"enemies":"Shelled Parasite and Fungi","floor":30,"turns":2},{"damage":63,"enemies":"Automaton","floor":33,"turns":6}],"seed_played":"-3705913794908206626","potions_obtained":[{"floor":1,"key":"Weak Potion"},{"floor":2,"key":"Weak Potion"},{"floor":8,"key":"SpeedPotion"}],"is_trial":false,"path_per_floor":["M","M","$","?","?","R","E","M","T","R","M","R","?","M","R","B",null,"M","?","M","?","$","R","?","R","T","M","$","M","M","$","R","B"],"character_chosen":"THE_DEFAULT","items_purchased":["Membership Card","theMarked:Defy","MerchantsRug","Ice Cream"],"campfire_rested":5,"item_purchase_floors":[22,22,31,31],"current_hp_per_floor":[76,71,71,71,68,68,59,59,59,86,64,64,64,52,79,42,91,56,56,25,9,9,36,18,46,56,46,46,32,23,23,54,0,0],"gold":34,"neow_bonus":"TEN_PERCENT_HP_BONUS","is_daily":false,"chose_seed":false,"campfire_upgraded":2,"win_rate":0.0,"timestamp":1611429982,"path_taken":["M","M","$","?","?","R","E","M","T","R","M","R","?","M","R","BOSS","M","?","M","?","$","R","?","R","T","M","$","M","M","$","R","BOSS"],"items_purchased_type":["Relic","Card","Relic","Relic"],"build_version":"2020-12-22","purchased_purges":0,"victory":false,"max_hp_per_floor":[77,77,77,77,77,77,91,91,91,91,91,91,91,91,91,91,91,91,91,91,91,91,91,96,96,106,106,106,106,106,106,106,106,106],"card_choices":[{"not_picked":["theMarked:ParalyzingBlade","theMarked:SwordAndMagic"],"picked":"theMarked:BanishingStrike","floor":1},{"not_picked":["theMarked:Frustration","theMarked:DeterminationOfTheMarked"],"picked":"theMarked:ComboAttacks","floor":2},{"not_picked":["theMarked:HeightenedSenses","theMarked:ChainLightning"],"picked":"theMarked:BindingBlade","floor":7},{"not_picked":["theMarked:Improvise","theMarked:Parkour"],"picked":"theMarked:EmpowerWeapon","floor":8},{"not_picked":["theMarked:MysticalArsenal","theMarked:EmpowerWeapon"],"picked":"theMarked:MaelstromOfLightning","floor":11},{"not_picked":["theMarked:WastefulDefense","theMarked:Indomitable"],"picked":"theMarked:RepellingDischarge","floor":14},{"not_picked":["theMarked:Challenge","theMarked:SummonStrength"],"picked":"theMarked:DispelDoubt","floor":16},{"not_picked":["theMarked:AttractMetal+1","theMarked:WastefulDefense"],"picked":"theMarked:SelfDefenseTraining","floor":18},{"not_picked":["theMarked:BanishingStrike","theMarked:Static"],"picked":"theMarked:SwordAndMagic+1","floor":20},{"not_picked":["theMarked:RepellingDischarge","theMarked:Polarize+1"],"picked":"theMarked:ElectricStrings","floor":27},{"not_picked":["theMarked:Improvise+1","theMarked:ResourceFulStrike"],"picked":"theMarked:EmpowerWeapon+1","floor":29},{"not_picked":["theMarked:Improvise+1","theMarked:TakeCover+1"],"picked":"theMarked:Electrocute+1","floor":30}],"player_experience":25155,"relics_obtained":[{"floor":7,"key":"Mango"},{"floor":9,"key":"sagemod:Red_Beast_Statue"},{"floor":21,"key":"Nilry\u0027s Codex"},{"floor":26,"key":"Pear"}],"event_choices":[{"damage_healed":0,"gold_gain":0,"player_choice":"Ignored","damage_taken":0,"max_hp_gain":0,"max_hp_loss":0,"event_name":"Golden Wing","floor":4,"gold_loss":0},{"damage_healed":0,"gold_gain":0,"player_choice":"Success","damage_taken":3,"relics_obtained":["theMarked:NailFile"],"max_hp_gain":0,"max_hp_loss":0,"event_name":"Scrap Ooze","floor":5,"gold_loss":0},{"damage_healed":0,"gold_gain":30,"player_choice":"Searched \u00272\u0027 times","damage_taken":0,"max_hp_gain":0,"max_hp_loss":0,"event_name":"Dead Adventurer","floor":13,"gold_loss":0},{"damage_healed":0,"gold_gain":0,"player_choice":"Obtained Relic","damage_taken":0,"relics_obtained":["FossilizedHelix"],"max_hp_gain":0,"max_hp_loss":0,"event_name":"Addict","floor":19,"gold_loss":85},{"damage_healed":0,"gold_gain":0,"player_choice":"Obtained Book","damage_taken":16,"max_hp_gain":0,"max_hp_loss":0,"event_name":"Cursed Tome","floor":21,"gold_loss":0},{"damage_healed":0,"gold_gain":0,"player_choice":"Shed Blood","damage_taken":23,"max_hp_gain":5,"max_hp_loss":0,"event_name":"Forgotten Altar","floor":24,"gold_loss":0}],"is_beta":false,"boss_relics":[{"not_picked":["Fusion Hammer","Coffee Dripper"],"picked":"Sozu"}],"items_purged_floors":[],"is_endless":false,"potions_floor_spawned":[1,2,8,27,30],"killed_by":"Automaton","ascension_level":0}}