{"host":"2l3i55whvwk76mom","time":1611427905,"event":{"mods":["BaseMod","Googly Eyes","Hermit","Hubris","Minty Spire (QoL Compilation)","Replay The Spire","StSLib","The Cursed","The Disciple","The Hierophant","The Jungle","The Necromancer"],"gold_per_floor":[19,32,73,86,103,134,134,134,160,186,100,100,134,145,145,244,244,256,256,6,16,16,16,49,49,49],"floor_reached":25,"language":"ENG","playtime":1502,"items_purged":["ReplayTheSpireMod:Splinters","Strike_P"],"score":289,"play_id":"6258a982-a7e5-41c6-8801-a90bf215b049","local_time":"20210123105145","is_ascension_mode":true,"campfire_choices":[{"data":"Crescendo","floor":8.0,"key":"SMITH"},{"floor":15,"key":"DIG"},{"data":"Replay:AllIn","floor":23,"key":"SMITH"}],"circlet_count":0,"master_deck":["Strike_P","Strike_P","Strike_P","Defend_P","Defend_P","Defend_P","Defend_P","Eruption+1","Vigilance","Evaluate","Crescendo+1","Consecrate","EmptyFist","CutThroughFate","FlurryOfBlows","SashWhip","Wallop","Protect+1","CutThroughFate","Conclude","Replay:AllIn+1","ThirdEye","Prostrate","Judgement"],"relics":["PureWater","Lantern","Smiling Mask","Blood Vial","Replay:Multitool","FossilizedHelix","hubris:BundleOfHerbs","hubris:CrystalStatue","hubris:Backtick","Yang","hubris:Towel","Sling","Spirit Poop","Replay:Purple Gloves"],"acts_visited":["Exordium","Exordium"],"potions_floor_usage":[13,14,14,16,16,16,21],"damage_taken":[{"damage":4.0,"enemies":"2 Louse","floor":1.0,"turns":2.0},{"damage":0.0,"enemies":"Small Slimes","floor":2.0,"turns":3.0},{"damage":2.0,"enemies":"Jaw Worm","floor":4.0,"turns":3.0},{"damage":0.0,"enemies":"2 Fungi Beasts","floor":5.0,"turns":2.0},{"damage":17.0,"enemies":"Lagavulin","floor":6.0,"turns":5.0},{"damage":1,"enemies":"3 Sentries","floor":10,"turns":6},{"damage":0,"enemies":"Lagavulin","floor":13,"turns":5},{"damage":0,"enemies":"Looter","floor":14,"turns":1},{"damage":37,"enemies":"The Guardian","floor":16,"turns":10},{"damage":0,"enemies":"theJungle:GiantWrat","floor":18,"turns":3},{"damage":35,"enemies":"Shell Parasite","floor":21,"turns":6},{"damage":42,"enemies":"theJungle:2_Phrogs","floor":24,"turns":5},{"damage":14,"enemies":"theJungle:2_Flameangoes","floor":25,"turns":4}],"seed_played":"697156185473589561","potions_obtained":[{"floor":3.0,"key":"Ambrosia"},{"floor":5.0,"key":"Swift Potion"},{"floor":10,"key":"Strength Potion"},{"floor":13,"key":"EntropicBrew"}],"is_trial":false,"path_per_floor":["M","M","?","M","M","E","?","R","T","E","$","?","E","M","R","B",null,"M","?","$","M","?","R","E","M"],"character_chosen":"WATCHER","items_purchased":["Protect+1","Sling","Energy Potion"],"campfire_rested":0,"item_purchase_floors":[11,20,20],"current_hp_per_floor":[82,82,82,80,80,63,63,63,63,64,64,64,66,68,68,33,86,86,86,86,51,51,51,11,0,0],"gold":49,"neow_bonus":"TWENTY_PERCENT_HP_BONUS","is_daily":false,"chose_seed":false,"campfire_upgraded":2,"win_rate":0.0,"timestamp":1611427905,"path_taken":["M","M","?","M","M","E","?","R","T","E","$","?","E","M","R","BOSS","M","?","$","M","?","R","E","?"],"items_purchased_type":["Card","Relic","Potion"],"build_version":"2020-12-22","purchased_purges":2,"victory":false,"max_hp_per_floor":[86,86,86,86,86,86,86,86,86,86,86,86,86,86,86,86,86,86,86,86,86,86,86,86,86,86],"card_choices":[{"not_picked":["Perseverance","Wallop"],"picked":"Evaluate","floor":1.0},{"not_picked":["Halt","CarveReality"],"picked":"Crescendo","floor":2.0},{"not_picked":["Adaptation","WindmillStrike"],"picked":"Consecrate","floor":3.0},{"not_picked":["WindmillStrike","Replay:ManipulateFuture"],"picked":"EmptyFist","floor":3.0},{"not_picked":["SashWhip","Evaluate"],"picked":"CutThroughFate","floor":4.0},{"not_picked":["Crescendo","ClearTheMind"],"picked":"FlurryOfBlows","floor":5.0},{"not_picked":["PathToVictory","Brilliance"],"picked":"SashWhip","floor":6.0},{"not_picked":["Swivel","CrushJoints"],"picked":"Wallop","floor":10},{"not_picked":["Weave","Study"],"picked":"CutThroughFate","floor":13},{"not_picked":["Halt","SignatureMove"],"picked":"Conclude","floor":14},{"not_picked":["Omniscience","Devotion"],"picked":"Replay:AllIn","floor":16},{"not_picked":["SandsOfTime","WindmillStrike"],"picked":"ThirdEye","floor":18},{"not_picked":["Evaluate","BowlingBash"],"picked":"Prostrate","floor":21},{"not_picked":["Protect","Crescendo"],"picked":"Judgement","floor":24}],"player_experience":310039,"relics_obtained":[{"floor":3.0,"key":"Lantern"},{"floor":6.0,"key":"Smiling Mask"},{"floor":9.0,"key":"Blood Vial"},{"floor":10,"key":"Replay:Multitool"},{"floor":13,"key":"hubris:BundleOfHerbs"},{"floor":15,"key":"hubris:CrystalStatue"},{"floor":24,"key":"Replay:Purple Gloves"}],"event_choices":[{"damage_healed":0.0,"max_hp_gain":0.0,"max_hp_loss":0.0,"gold_gain":0.0,"event_name":"Living Wall","player_choice":"Grow","floor":7.0,"gold_loss":0.0,"damage_taken":0.0,"cards_upgraded":["Eruption"]},{"damage_healed":0,"gold_gain":0,"player_choice":"Box","damage_taken":0,"relics_obtained":["FossilizedHelix"],"max_hp_gain":0,"max_hp_loss":0,"event_name":"Big Fish","floor":12,"gold_loss":0,"cards_obtained":["Regret"]},{"cards_removed":["Regret"],"damage_healed":0,"gold_gain":0,"player_choice":"Offered Curse","damage_taken":0,"relics_obtained":["Spirit Poop"],"max_hp_gain":0,"max_hp_loss":0,"event_name":"Bonfire Elementals","floor":22,"gold_loss":0}],"is_beta":false,"boss_relics":[{"not_picked":["Empty Cage","Philosopher\u0027s Stone"],"picked":"hubris:Backtick"}],"items_purged_floors":[11,20],"is_endless":false,"potions_floor_spawned":[5,10,13],"killed_by":"theJungle:2_Flameangoes","ascension_level":2}}