{"host":"lg2j834m1ujxvni0","time":1611363028,"event":{"mods":["AchievementEnabler","BaseMod","Beaked The Cultist","BetterRewards","Colored Map","Colored Powertips","Conspire","Friendly Minions","Googly Eyes","Hermit","Highlight Path","Hubris","Infinite Spire","Marisa????????","Minty Spire (QoL Compilation)","Quick Restart","Replay The Spire","Shop Mod","StSLib","The Bladedancer","The Bug Knight","The Construct","The Cursed","The Disciple","The Hierophant","The Jungle","The Necromancer","The Runesmith","The Servant 0.9.4"],"gold_per_floor":[118,133,95,112,62,88,88,101,125,125,136,148,158,177,177,280,280,300,300,300,71,0,0,0],"floor_reached":23,"language":"ENG","playtime":2863,"items_purged":[],"score":193,"play_id":"05865f7f-9673-46fd-a891-ea3f48071142","local_time":"20210122195028","is_ascension_mode":false,"campfire_choices":[{"floor":7.0,"key":"REST"},{"floor":10.0,"key":"REST"},{"floor":15.0,"key":"REST"}],"circlet_count":0,"master_deck":["construct:Strike_Gold","construct:Strike_Gold","construct:Strike_Gold","construct:Strike_Gold","construct:Defend_Gold","construct:Defend_Gold","construct:Defend_Gold","construct:Defend_Gold","construct:Defend_Gold","construct:AttackMode","construct:DefenseMode","construct:UnbalancingBlast","construct:SuppressiveFire","construct:Enhance","construct:ReactiveShield","construct:ShiftGuard","construct:FlakBarrage","construct:Zapper","construct:Reserves","construct:Antimatter","construct:Anticipate","construct:SpinDrive","construct:SaveState+1","construct:ShieldGenerator","construct:Backup","construct:SuppressiveFire","construct:Overcharge"],"relics":["construct:Cogwheel","NeowsBlessing","infinitespire:Lucky Rock","Replay:Baseball","Ring of Chaos"],"acts_visited":["Exordium","TheCity"],"potions_floor_usage":[23],"damage_taken":[{"damage":0.0,"enemies":"Cultist","floor":1.0,"turns":1.0},{"damage":0.0,"enemies":"2 Louse","floor":2.0,"turns":1.0},{"damage":0.0,"enemies":"Small Slimes","floor":4.0,"turns":1.0},{"damage":70.0,"enemies":"Gremlin Nob","floor":6.0,"turns":7.0},{"damage":27.0,"enemies":"Exordium Thugs","floor":8.0,"turns":5.0},{"damage":7.0,"enemies":"3 Louse","floor":11.0,"turns":5.0},{"damage":19.0,"enemies":"Lots of Slimes","floor":12.0,"turns":5.0},{"damage":11.0,"enemies":"Exordium Wildlife","floor":13.0,"turns":9.0},{"damage":7.0,"enemies":"Exordium Thugs","floor":14.0,"turns":5.0},{"damage":30.0,"enemies":"The Guardian","floor":16.0,"turns":28.0},{"damage":14,"enemies":"3 Byrds","floor":18,"turns":10},{"damage":30,"enemies":"2 Thieves","floor":22,"turns":5},{"damage":52,"enemies":"Gremlin Leader","floor":23,"turns":6}],"seed_played":"-3340708702658039542","potions_obtained":[{"floor":2.0,"key":"Block Potion"},{"floor":6.0,"key":"Adrenaline Potion"},{"floor":8.0,"key":"conspire:TimeTravelPotion"},{"floor":11.0,"key":"Swift Potion"},{"floor":13.0,"key":"Fire Potion"},{"floor":18,"key":"BlessingOfTheForge"}],"is_trial":false,"path_per_floor":["M","M","$","M","?","E","R","M","T","R","M","M","M","M","R_BF","B",null,"M","?","?","$","M","E"],"character_chosen":"THE_CONSTRUCT_MOD","items_purchased":["construct:Enhance","construct:ShieldGenerator","construct:Backup","construct:SuppressiveFire"],"campfire_rested":3,"item_purchase_floors":[3,21,21,21],"current_hp_per_floor":[85,85,85,85,85,15,40,13,13,38,31,29,18,11,36,6,85,71,71,71,71,41,0,0],"gold":0,"neow_bonus":"THREE_ENEMY_KILL","is_daily":false,"chose_seed":false,"campfire_upgraded":0,"win_rate":0.0,"timestamp":1611363028,"path_taken":["M","?","$","M","?","E","R","M","T","R","M","M","M","M","R_BF","BOSS","M","?","?","$","?","E"],"items_purchased_type":["Card","Card","Card","Card"],"build_version":"2020-12-22","purchased_purges":0,"victory":false,"max_hp_per_floor":[85,85,85,85,85,85,85,85,85,85,85,85,85,85,85,85,85,85,85,85,85,85,85,85],"card_choices":[{"not_picked":["construct:Disrupt","construct:Stasis"],"picked":"construct:UnbalancingBlast","floor":1.0},{"not_picked":["construct:ShiftStrike","construct:SaveState"],"picked":"construct:SuppressiveFire","floor":2.0},{"not_picked":["construct:VentSteam","construct:FierceBash"],"picked":"construct:ReactiveShield","floor":4.0},{"not_picked":["construct:Reinforce","construct:ScopeCore"],"picked":"construct:ShiftGuard","floor":6.0},{"not_picked":["construct:HeavyBolt","construct:HardReboot"],"picked":"construct:FlakBarrage","floor":8.0},{"not_picked":["construct:OmegaCannon","construct:FocusedBeam"],"picked":"construct:Zapper","floor":11.0},{"not_picked":["construct:Backfire","construct:BatteryAcid"],"picked":"construct:Reserves","floor":12.0},{"not_picked":["construct:ScrapCannon","construct:SweepLaser"],"picked":"construct:Antimatter","floor":13.0},{"not_picked":["construct:HeavyBolt","construct:BatteryAcid"],"picked":"construct:Anticipate","floor":14.0},{"not_picked":["construct:GoldenBullet","construct:BatteryCore"],"picked":"construct:SpinDrive","floor":16.0},{"not_picked":["construct:SweepLaser","construct:ShiftStrike"],"picked":"construct:SaveState+1","floor":18},{"not_picked":["construct:SuppressiveFire","construct:Reinforce"],"picked":"construct:Overcharge","floor":22}],"player_experience":141316,"relics_obtained":[{"floor":6.0,"key":"infinitespire:Lucky Rock"},{"floor":9.0,"key":"Replay:Baseball"}],"event_choices":[{"cards_removed":["construct:Strike_Gold"],"damage_healed":0.0,"max_hp_gain":0.0,"max_hp_loss":0.0,"gold_gain":0.0,"event_name":"The Cleric","player_choice":"Card Removal","floor":5.0,"gold_loss":50.0,"damage_taken":0.0},{"damage_healed":0,"gold_gain":0,"player_choice":"Ignored","damage_taken":0,"max_hp_gain":0,"max_hp_loss":0,"event_name":"Vampires","floor":19,"gold_loss":0}],"is_beta":false,"boss_relics":[{"not_picked":["Empty Cage","Runic Dome"],"picked":"Ring of Chaos"}],"items_purged_floors":[],"is_endless":false,"potions_floor_spawned":[2,6,8,11,13,18],"killed_by":"Gremlin Leader","ascension_level":0}}