{"host":"yvb207ks1sg3cxef","time":1611391438,"event":{"mods":["2.2 Compatiblity","BaseMod","Bestiary","Colored Powertips","Minty Spire (QoL Compilation)","Permanent Neow","Quick Restart","Relic Stats","StSLib"],"gold_per_floor":[13,25,40,40,40,67,67,40,64,96,106,106,106,125,125,200,200,213,138,138,138,148,180,200,226,226,243,256,289,33,33,33,33,33],"floor_reached":33,"language":"ENG","playtime":1304,"items_purged":[],"score":683,"play_id":"02e7eb86-83fc-4af0-a3c0-4e7efa985da7","local_time":"20210123141358","is_ascension_mode":true,"campfire_choices":[{"data":"LikeWater","floor":7.0,"key":"SMITH"},{"data":"Tantrum","floor":12.0,"key":"SMITH"},{"data":"CutThroughFate","floor":15.0,"key":"SMITH"},{"data":"EmptyMind","floor":32.0,"key":"SMITH"}],"circlet_count":0,"master_deck":["AscendersBane","Strike_P+1","Strike_P","Defend_P","Defend_P","Defend_P","Eruption+1","Vigilance+1","LikeWater+1","Protect","FlyingSleeves","CarveReality","EmptyFist","Tantrum+1","CutThroughFate+1","MasterReality","FlurryOfBlows","EmptyMind+1","BattleHymn+1","MentalFortress+1","Evaluate","DevaForm+1"],"relics":["PureWater","Bag of Marbles","Art of War","Blood Vial","SacredBark","Frozen Egg 2","Darkstone Periapt","Molten Egg 2","Bronze Scales","TeardropLocket","Bottled Flame"],"acts_visited":["Exordium","TheCity"],"potions_floor_usage":[],"damage_taken":[{"damage":2.0,"enemies":"Jaw Worm","floor":1.0,"turns":5.0},{"damage":0.0,"enemies":"Small Slimes","floor":2.0,"turns":2.0},{"damage":0.0,"enemies":"2 Louse","floor":3.0,"turns":3.0},{"damage":7.0,"enemies":"Lagavulin","floor":6.0,"turns":7.0},{"damage":7.0,"enemies":"3 Sentries","floor":10.0,"turns":5.0},{"damage":8.0,"enemies":"Exordium Wildlife","floor":11.0,"turns":3.0},{"damage":0.0,"enemies":"Looter","floor":14.0,"turns":1.0},{"damage":0.0,"enemies":"Slime Boss","floor":16.0,"turns":4.0},{"damage":13.0,"enemies":"Shell Parasite","floor":18.0,"turns":3.0},{"damage":0.0,"enemies":"Chosen","floor":22.0,"turns":2.0},{"damage":0.0,"enemies":"Gremlin Leader","floor":23.0,"turns":7.0},{"damage":5.0,"enemies":"Snake Plant","floor":24.0,"turns":6.0},{"damage":27.0,"enemies":"Slavers","floor":25.0,"turns":6.0},{"damage":0.0,"enemies":"Cultist and Chosen","floor":27.0,"turns":4.0},{"damage":6.0,"enemies":"3 Cultists","floor":28.0,"turns":3.0},{"damage":6.0,"enemies":"Gremlin Leader","floor":29.0,"turns":7.0},{"damage":30,"enemies":"Collector","floor":33,"turns":2}],"seed_played":"-2857438655158210970","potions_obtained":[{"floor":3.0,"key":"Block Potion"},{"floor":6.0,"key":"GamblersBrew"},{"floor":11.0,"key":"Fire Potion"},{"floor":21.0,"key":"Fruit Juice"},{"floor":21.0,"key":"Ancient Potion"},{"floor":23.0,"key":"SpeedPotion"},{"floor":24.0,"key":"GamblersBrew"},{"floor":25.0,"key":"BlessingOfTheForge"},{"floor":29.0,"key":"Ancient Potion"}],"is_trial":false,"path_per_floor":["M","M","M","?","?","E","R","$","T","E","M","R","?","M","R","B",null,"M","?","T","?","M","E","M","E","T","M","M","E","$","?","R","B"],"character_chosen":"WATCHER","items_purchased":["EmptyFist","Bottled Flame"],"campfire_rested":0,"item_purchase_floors":[8,30],"current_hp_per_floor":[59,59,59,59,39,32,32,32,32,25,19,19,19,21,21,23,57,46,46,46,56,58,60,57,32,32,34,30,26,26,26,26,0,0],"gold":33,"neow_bonus":"REMOVE_TWO","is_daily":false,"chose_seed":false,"campfire_upgraded":4,"win_rate":0.0,"timestamp":1611391438,"path_taken":["M","M","M","?","?","E","R","?","T","E","M","R","?","?","R","BOSS","M","?","?","?","M","E","?","E","T","M","M","E","$","?","R","BOSS"],"items_purchased_type":["Card","Relic"],"build_version":"2020-12-22","purchased_purges":0,"victory":false,"max_hp_per_floor":[68,68,68,68,68,68,68,68,68,68,68,68,68,68,68,68,68,68,68,68,78,78,78,78,78,78,78,78,78,78,78,78,78,78],"relic_stats":{"Blood Vial":24,"Darkstone Periapt":0,"counters":[17,70],"Bronze Scales":[33],"Art of War":[2],"obtain_stats":[{"Blood Vial":10,"Darkstone Periapt":23,"Bottled Flame":30,"SacredBark":17,"Bronze Scales":26,"Molten Egg 2":25,"Bag of Marbles":6,"Art of War":9,"TeardropLocket":29,"PureWater":0,"Frozen Egg 2":20},{"Blood Vial":5,"Darkstone Periapt":11,"Bottled Flame":16,"SacredBark":8,"Bronze Scales":13,"Molten Egg 2":13,"Bag of Marbles":4,"Art of War":4,"TeardropLocket":16,"PureWater":0,"Frozen Egg 2":9},{"Blood Vial":22,"Darkstone Periapt":42,"Bottled Flame":68,"SacredBark":30,"Bronze Scales":54,"Molten Egg 2":54,"Bag of Marbles":17,"Art of War":17,"TeardropLocket":68,"PureWater":0,"Frozen Egg 2":33}]},"card_choices":[{"not_picked":["CrushJoints","Nirvana"],"picked":"LikeWater","floor":1.0},{"not_picked":["BowlingBash","EmptyFist"],"picked":"Protect","floor":2.0},{"not_picked":["ClearTheMind","BowlingBash"],"picked":"FlyingSleeves","floor":3.0},{"not_picked":["Fasting2","Pray"],"picked":"CarveReality","floor":6.0},{"not_picked":["Perseverance","CarveReality"],"picked":"Tantrum","floor":10.0},{"not_picked":["ReachHeaven","Conclude","Weave"],"picked":"SKIP","floor":11.0},{"not_picked":["SandsOfTime","Crescendo"],"picked":"CutThroughFate","floor":14.0},{"not_picked":["Ragnarok","Omniscience"],"picked":"MasterReality","floor":16.0},{"not_picked":["Halt+1","BowlingBash"],"picked":"FlurryOfBlows","floor":18.0},{"not_picked":["SashWhip","ForeignInfluence","ReachHeaven"],"picked":"SKIP","floor":22.0},{"not_picked":["Collect","Swivel+1"],"picked":"EmptyMind","floor":23.0},{"not_picked":["Conclude","Worship"],"picked":"BattleHymn+1","floor":24.0},{"not_picked":["Worship","ThirdEye"],"picked":"MentalFortress+1","floor":25.0},{"not_picked":["EmptyBody","EmptyFist+1"],"picked":"Evaluate","floor":27.0},{"not_picked":["Adaptation+1","CutThroughFate+1"],"picked":"DevaForm+1","floor":28.0},{"not_picked":["WreathOfFlame","BattleHymn+1","Pray"],"picked":"SKIP","floor":29.0}],"player_experience":410416,"relics_obtained":[{"floor":6.0,"key":"Bag of Marbles"},{"floor":9.0,"key":"Art of War"},{"floor":10.0,"key":"Blood Vial"},{"floor":20.0,"key":"Frozen Egg 2"},{"floor":23.0,"key":"Darkstone Periapt"},{"floor":25.0,"key":"Molten Egg 2"},{"floor":26.0,"key":"Bronze Scales"},{"floor":29.0,"key":"TeardropLocket"}],"event_choices":[{"damage_healed":0.0,"max_hp_gain":0.0,"max_hp_loss":0.0,"gold_gain":0.0,"event_name":"Liars Game","player_choice":"Ignored","floor":4.0,"gold_loss":0.0,"damage_taken":0.0},{"damage_healed":0.0,"max_hp_gain":0.0,"max_hp_loss":0.0,"gold_gain":0.0,"event_name":"Shining Light","player_choice":"Entered Light","floor":5.0,"gold_loss":0.0,"damage_taken":20.0,"cards_upgraded":["Strike_P","Eruption"]},{"damage_healed":0.0,"max_hp_gain":0.0,"max_hp_loss":0.0,"gold_gain":0.0,"event_name":"Living Wall","player_choice":"Grow","floor":13.0,"gold_loss":0.0,"damage_taken":0.0,"cards_upgraded":["Vigilance"]},{"cards_removed":["Strike_P"],"damage_healed":0.0,"max_hp_gain":0.0,"max_hp_loss":0.0,"gold_gain":0.0,"event_name":"Beggar","player_choice":"Gave Gold","floor":19.0,"gold_loss":75.0,"damage_taken":0.0},{"damage_healed":0.0,"max_hp_gain":0.0,"max_hp_loss":0.0,"gold_gain":0.0,"event_name":"Lab","player_choice":"Got Potions","floor":21.0,"gold_loss":0.0,"damage_taken":0.0},{"damage_healed":0.0,"max_hp_gain":0.0,"max_hp_loss":0.0,"gold_gain":0.0,"event_name":"Cursed Tome","player_choice":"Ignored","floor":31.0,"gold_loss":0.0,"damage_taken":0.0}],"is_beta":false,"boss_relics":[{"not_picked":["Calling Bell","SlaversCollar"],"picked":"SacredBark"}],"items_purged_floors":[],"is_endless":false,"potions_floor_spawned":[3,6,11,23,24,25,29],"killed_by":"Collector","ascension_level":15}}