{"host":"tfascwgynrmsv7c9","time":1611366707,"event":{"mods":["Act Like it!","BaseMod","Highlight Path","Minty Spire (QoL Compilation)","Replay The Spire","StSLib","The Marked"],"gold_per_floor":[119,132,132,146,5,5,5,16,16,36,3,3,3,13,13,112,112,126,126,143,159,12,12,12,26,26,60,60,75,75,22,22,118,118,138,0,0,14,14,14,14,14,14,14,14,32,52,52,52,52,52,52],"floor_reached":53,"language":"ENG","playtime":18600,"items_purged":[],"score":515,"play_id":"b7ade02d-85ed-4330-8d76-af0e9d7ad02a","local_time":"20210123025147","is_ascension_mode":false,"campfire_choices":[{"data":"theMarked:ComboAttacks","floor":6,"key":"SMITH"},{"data":"theMarked:Panic","floor":12,"key":"SMITH"},{"data":"theMarked:Generate","floor":15,"key":"SMITH"},{"data":"theMarked:RogueSparks","floor":23,"key":"SMITH"},{"floor":30,"key":"REST"},{"floor":32,"key":"REST"},{"data":"theMarked:Abjuration","floor":42,"key":"SMITH"},{"floor":44,"key":"REST"},{"data":"Jack Of All Trades","floor":49,"key":"SMITH"},{"floor":51,"key":"REST"}],"circlet_count":0,"master_deck":["theMarked:Strike","theMarked:Strike","theMarked:Strike","theMarked:Strike","theMarked:Strike","theMarked:Defend","theMarked:Defend","theMarked:Defend","theMarked:Defend","theMarked:SoldierOfQuellstein","theMarked:Panic+1","theMarked:ComboAttacks+1","theMarked:SoldierOfQuellstein","theMarked:SummonStrength","theMarked:ReduceFriction","theMarked:Generate+1","theMarked:GodGivenPower","theMarked:WardOff","theMarked:Electrocute","theMarked:ChainLightning+1","theMarked:RogueSparks+1","theMarked:Levitate","theMarked:Aftermath","theMarked:Parkour","theMarked:SwordAndMagic","theMarked:ComboAttacks+1","Jack Of All Trades+1","theMarked:SelfDefenseTraining","theMarked:TwofoldDefense","theMarked:HeightenedSenses+1","theMarked:ResourceFulStrike","theMarked:Abjuration+1","theMarked:RogueSparks+1","theMarked:BanishingStrike+1","Doubt","theMarked:WardOff","theMarked:Overcharge","Writhe"],"relics":["theMarked:ArtifactOfAir","NeowsBlessing","Meat on the Bone","Kunai","Sozu","DollysMirror","Replay:Accelerometer","Ornamental Fan","Runic Pyramid","Red Mask","ReplayTheSpireMod:Ring of Exchange","Ring of Fury","Golden Egg"],"acts_visited":["Exordium","TheCity","TheBeyond"],"potions_floor_usage":[27,29,46],"damage_taken":[{"damage":0,"enemies":"Small Slimes","floor":1,"turns":1},{"damage":0,"enemies":"Cultist","floor":2,"turns":1},{"damage":0,"enemies":"Jaw Worm","floor":4,"turns":1},{"damage":4,"enemies":"Gremlin Gang","floor":8,"turns":4},{"damage":3,"enemies":"Lots of Slimes","floor":10,"turns":5},{"damage":0,"enemies":"Large Slime","floor":14,"turns":4},{"damage":40,"enemies":"Fading Forest","floor":16,"turns":11},{"damage":0,"enemies":"Chosen","floor":18,"turns":4},{"damage":0,"enemies":"Spheric Guardian","floor":20,"turns":3},{"damage":11,"enemies":"Shelled Parasite and Fungi","floor":21,"turns":4},{"damage":12,"enemies":"3 Cultists","floor":25,"turns":4},{"damage":36,"enemies":"Book of Stabbing","floor":27,"turns":4},{"damage":13,"enemies":"Snake Plant","floor":29,"turns":5},{"damage":41,"enemies":"Automaton","floor":33,"turns":10},{"damage":13,"enemies":"3 Shapes","floor":35,"turns":5},{"damage":35,"enemies":"3 Darklings","floor":38,"turns":8},{"damage":21,"enemies":"Spire Growth","floor":46,"turns":4},{"damage":6,"enemies":"4 Shapes","floor":47,"turns":4},{"damage":58,"enemies":"Replay:Hell Engine","floor":52,"turns":12}],"seed_played":"2880229940912828578","potions_obtained":[{"floor":1,"key":"BlessingOfTheForge"},{"floor":2,"key":"SkillPotion"},{"floor":4,"key":"Ancient Potion"},{"floor":8,"key":"ColorlessPotion"}],"is_trial":false,"path_per_floor":["M","M","?","M","$","R","?","M","T","M","$","R","$","M","R","B",null,"M","?","M","M","$","R","?","M","T","E","$","M","R","$","R","B",null,"M","?","?","M","?","PTL","PTL","R","$","R","T","M","M","?","R","$","R","B",null],"character_chosen":"THE_DEFAULT","items_purchased":["theMarked:Generate","theMarked:GodGivenPower","theMarked:ChainLightning+1","DollysMirror","theMarked:ResourceFulStrike"],"campfire_rested":4,"item_purchase_floors":[5,5,11,22,31],"current_hp_per_floor":[70,70,70,70,70,70,70,66,66,63,63,63,63,63,63,49,70,70,70,70,59,59,59,59,47,47,23,23,22,43,43,64,35,70,57,57,57,34,34,34,34,34,34,55,55,46,40,58,58,58,70,24],"gold":52,"neow_bonus":"THREE_ENEMY_KILL","is_daily":false,"chose_seed":false,"campfire_upgraded":6,"win_rate":0.0,"timestamp":1611366707,"path_taken":["M","M","?","?","?","R","?","M","T","?","$","R","?","M","R","BOSS","M","?","M","M","?","R","?","M","T","E","$","?","R","?","R","BOSS","M","?","?","?","?","PTL","PTL","R","$","R","T","M","M","?","R","?","R","BOSS"],"items_purchased_type":["Card","Card","Card","Relic","Card"],"build_version":"2020-12-22","purchased_purges":0,"victory":true,"max_hp_per_floor":[70,70,70,70,70,70,70,70,70,70,70,70,70,70,70,70,70,70,70,70,70,70,70,70,70,70,70,70,70,70,70,70,70,70,70,70,70,70,70,70,70,70,70,70,70,70,70,70,70,70,70,70],"card_choices":[{"not_picked":["theMarked:HeightenedSenses","theMarked:Aftermath"],"picked":"theMarked:Panic","floor":1},{"not_picked":["theMarked:ChainLightning","theMarked:WastefulDefense"],"picked":"theMarked:ComboAttacks","floor":2},{"not_picked":["theMarked:ParalyzingBlade","theMarked:ComboAttacks"],"picked":"theMarked:ReduceFriction","floor":4},{"not_picked":["theMarked:Standoff","theMarked:RepellingDischarge"],"picked":"theMarked:WardOff","floor":8},{"not_picked":["theMarked:Overthink","theMarked:Standoff"],"picked":"theMarked:Electrocute","floor":10},{"not_picked":["theMarked:WardOff","theMarked:WastefulDefense"],"picked":"theMarked:RogueSparks","floor":14},{"not_picked":["theMarked:Challenge","theMarked:UnarmedFury"],"picked":"theMarked:Levitate","floor":16},{"not_picked":["theMarked:ChainLightning","theMarked:ShockingTouch"],"picked":"theMarked:Aftermath","floor":18},{"not_picked":["theMarked:Improvise","theMarked:ResourceFulStrike+1"],"picked":"theMarked:Parkour","floor":20},{"not_picked":["theMarked:SummonStrength","theMarked:Parkour"],"picked":"theMarked:SwordAndMagic","floor":21},{"not_picked":["theMarked:ChainLightning","theMarked:RepellingDischarge+1"],"picked":"theMarked:SelfDefenseTraining","floor":25},{"not_picked":["theMarked:ElectricStrings+1","theMarked:PowerFlow+1"],"picked":"theMarked:TwofoldDefense","floor":27},{"not_picked":["theMarked:Frustration","theMarked:Parkour+1"],"picked":"theMarked:HeightenedSenses+1","floor":29},{"not_picked":["theMarked:Snap","theMarked:EternalStudent"],"picked":"theMarked:Abjuration","floor":33},{"not_picked":["theMarked:Electrocute","theMarked:RepellingDischarge+1"],"picked":"theMarked:RogueSparks+1","floor":35},{"not_picked":["theMarked:Parry","theMarked:EmpowerWeapon+1"],"picked":"theMarked:BanishingStrike+1","floor":38},{"not_picked":["theMarked:Parkour","theMarked:SwordAndMagic+1"],"picked":"theMarked:WardOff","floor":46},{"not_picked":["theMarked:Reabsorb","theMarked:BanishingStrike+1"],"picked":"theMarked:Overcharge","floor":47}],"player_experience":62287,"relics_obtained":[{"floor":9,"key":"Kunai"},{"floor":26,"key":"Replay:Accelerometer"},{"floor":27,"key":"Ornamental Fan"},{"floor":39,"key":"ReplayTheSpireMod:Ring of Exchange"},{"floor":39,"key":"Ring of Fury"},{"floor":45,"key":"Golden Egg"}],"event_choices":[{"damage_healed":0,"gold_gain":0,"player_choice":"2 cards matched","damage_taken":0,"max_hp_gain":0,"max_hp_loss":0,"event_name":"Match and Keep!","floor":3,"gold_loss":0,"cards_obtained":["theMarked:SoldierOfQuellstein","theMarked:SummonStrength"]},{"damage_healed":0,"gold_gain":0,"player_choice":"2 cards matched","damage_taken":0,"max_hp_gain":0,"max_hp_loss":0,"event_name":"Match and Keep!","floor":3,"gold_loss":0,"cards_obtained":["theMarked:SoldierOfQuellstein","theMarked:SummonStrength"]},{"damage_healed":0,"gold_gain":0,"player_choice":"Gave Potion","damage_taken":0,"relics_obtained":["Meat on the Bone"],"max_hp_gain":0,"max_hp_loss":0,"event_name":"WeMeetAgain","floor":7,"gold_loss":0},{"damage_healed":0,"gold_gain":0,"player_choice":"Got Potions","damage_taken":0,"max_hp_gain":0,"max_hp_loss":0,"event_name":"Lab","floor":19,"gold_loss":0},{"damage_healed":0,"gold_gain":0,"player_choice":"1 cards matched","damage_taken":0,"max_hp_gain":0,"max_hp_loss":0,"event_name":"Match and Keep!","floor":24,"gold_loss":0,"cards_obtained":["Jack Of All Trades"]},{"damage_healed":0,"gold_gain":0,"player_choice":"Paid","damage_taken":0,"relics_obtained":["Red Mask"],"max_hp_gain":0,"max_hp_loss":0,"event_name":"Tomb of Lord Red Mask","floor":36,"gold_loss":138},{"damage_healed":0,"gold_gain":0,"player_choice":"Ignored","damage_taken":0,"max_hp_gain":0,"max_hp_loss":0,"event_name":"NoteForYourself","floor":37,"gold_loss":0},{"damage_healed":18,"gold_gain":0,"player_choice":"Writhe","damage_taken":0,"max_hp_gain":0,"max_hp_loss":0,"event_name":"Winding Halls","floor":48,"gold_loss":0,"cards_obtained":["Writhe"]}],"is_beta":false,"boss_relics":[{"not_picked":["Coffee Dripper","Replay:Drink Me"],"picked":"Sozu"},{"not_picked":["Runic Dome","Snecko Eye"],"picked":"Runic Pyramid"}],"items_purged_floors":[],"is_endless":false,"potions_floor_spawned":[1,2,4,8,18,20,21,35,38,46],"ascension_level":0}}