{"host":"fiyb7gvx7tok3jeh","time":1611421522,"event":{"mods":["BaseMod","Colored Map","Colored Powertips","DeckTracker","Googly Eyes","Highlight Path","Minty Spire (QoL Compilation)"],"gold_per_floor":[19,19,19,38,58,93,93,116,193,227,252,24,65,90,90,90,90],"floor_reached":16,"language":"ENG","playtime":709,"items_purged":["Strike_R"],"score":159,"play_id":"645f306c-44f8-4f24-9ac2-116d6c1b181c","local_time":"20210123190522","is_ascension_mode":true,"campfire_choices":[{"floor":7,"key":"REST"},{"floor":15,"key":"REST"}],"circlet_count":0,"master_deck":["Strike_R","Strike_R","Strike_R","Defend_R","Defend_R","Defend_R","Defend_R","Bash","Whirlwind","Thunderclap","Burning Pact","Flex","Battle Trance","Battle Trance","Inflame","Fiend Fire"],"relics":["Burning Blood","Magic Flower","Golden Idol","Bird Faced Urn","Self Forming Clay","Boot","Sling","Shovel"],"acts_visited":["Exordium"],"potions_floor_usage":[10,10,10,13],"damage_taken":[{"damage":12,"enemies":"Jaw Worm","floor":1,"turns":5},{"damage":0,"enemies":"Small Slimes","floor":4,"turns":2},{"damage":6,"enemies":"Cultist","floor":5,"turns":3},{"damage":45,"enemies":"3 Sentries","floor":6,"turns":7},{"damage":0,"enemies":"Lots of Slimes","floor":8,"turns":1},{"damage":30,"enemies":"Lagavulin","floor":10,"turns":8},{"damage":8,"enemies":"Gremlin Gang","floor":11,"turns":2},{"damage":20,"enemies":"Gremlin Nob","floor":13,"turns":3},{"damage":15,"enemies":"2 Fungi Beasts","floor":14,"turns":3},{"damage":53,"enemies":"Hexaghost","floor":16,"turns":9}],"seed_played":"-5339024109472317211","potions_obtained":[{"floor":5,"key":"DistilledChaos"},{"floor":6,"key":"LiquidBronze"},{"floor":8,"key":"SpeedPotion"},{"floor":10,"key":"Explosive Potion"}],"is_trial":false,"path_per_floor":["M","?","?","M","M","E","R","M","T","E","M","$","E","M","R","B"],"character_chosen":"IRONCLAD","items_purchased":["Sling"],"campfire_rested":2,"item_purchase_floors":[12],"current_hp_per_floor":[69,49,49,58,61,25,49,58,58,37,38,38,30,24,48,0,0],"gold":90,"neow_bonus":"ONE_RARE_RELIC","is_daily":false,"chose_seed":false,"campfire_upgraded":0,"win_rate":0.0,"timestamp":1611421522,"path_taken":["M","?","?","M","?","E","R","M","T","E","?","$","E","M","R","BOSS"],"items_purchased_type":["Relic"],"build_version":"2020-12-22","purchased_purges":1,"victory":false,"max_hp_per_floor":[80,80,80,80,80,80,80,80,80,80,80,80,80,80,80,80,80],"card_choices":[{"not_picked":["Headbutt","Power Through"],"picked":"Whirlwind","floor":1},{"not_picked":["Havoc","Searing Blow"],"picked":"Thunderclap","floor":4},{"not_picked":["Perfected Strike","Carnage"],"picked":"Burning Pact","floor":5},{"not_picked":["Clothesline","Anger"],"picked":"Flex","floor":6},{"not_picked":["Bloodletting","Metallicize"],"picked":"Battle Trance","floor":8},{"not_picked":["Flex","Dark Embrace"],"picked":"Battle Trance","floor":10},{"not_picked":["Clothesline","Rampage"],"picked":"Inflame","floor":11},{"not_picked":["Impervious","Infernal Blade"],"picked":"Fiend Fire","floor":13},{"not_picked":["Body Slam","Iron Wave","Cleave"],"picked":"SKIP","floor":14}],"player_experience":273014,"relics_obtained":[{"floor":6,"key":"Bird Faced Urn"},{"floor":9,"key":"Self Forming Clay"},{"floor":10,"key":"Boot"},{"floor":13,"key":"Shovel"}],"event_choices":[{"damage_healed":0,"gold_gain":0,"player_choice":"Take Damage","damage_taken":20,"relics_obtained":["Golden Idol"],"max_hp_gain":0,"max_hp_loss":0,"event_name":"Golden Idol","floor":2,"gold_loss":0},{"cards_removed":["Strike_R"],"damage_healed":0,"gold_gain":0,"player_choice":"Purged","damage_taken":0,"max_hp_gain":0,"max_hp_loss":0,"event_name":"Purifier","floor":3,"gold_loss":0}],"is_beta":false,"boss_relics":[],"items_purged_floors":[12],"is_endless":false,"potions_floor_spawned":[5,6,8,10],"killed_by":"Hexaghost","ascension_level":6}}