{"host":"athd8lg4sftw81ak","time":1611379129,"event":{"mods":["BaseMod","Downfall","Hermit","Jorbs\u0027s Wanderer Trilogy","Minty Spire (QoL Compilation)","StSLib"],"gold_per_floor":[114,126,145,115,290,290,290,322,322,322,357,383,394,78,78,177,177,192,192,208,220,234,234,260,260,312,347,262,172,19,39,39,136,136,146,59,0,0,26,53,65,79,104,118,118,131,131,161,161,161],"floor_reached":51,"language":"ENG","playtime":2791,"items_purged":["Strike_G"],"score":929,"play_id":"d252e71f-5675-4ca3-883e-638ecaf5cdc1","local_time":"20210122231849","is_ascension_mode":true,"campfire_choices":[{"data":"After Image","floor":6,"key":"SMITH"},{"data":"Infinite Blades","floor":10,"key":"SMITH"},{"data":"Neutralize","floor":15,"key":"SMITH"},{"data":"Envenom","floor":23,"key":"SMITH"},{"floor":25,"key":"REST"},{"floor":32,"key":"REST"},{"floor":45,"key":"REST"},{"data":"Burst","floor":47,"key":"SMITH"},{"floor":49,"key":"REST"}],"circlet_count":0,"master_deck":["Strike_G","Strike_G","Strike_G","Strike_G","Defend_G","Defend_G","Defend_G","Defend_G","Defend_G","Survivor","Neutralize+1","Clumsy","After Image+1","Crippling Poison","Venomology","Footwork","Heel Hook","Infinite Blades+1","Slice+1","Dagger Throw+1","Quick Slash+1","Envenom+1","Footwork+1","Choke+1","Blade Dance+1","Well Laid Plans","Slice+1","Bane+1","Blur","Caltrops","Burst+1","PiercingWail+1","Flash of Steel+1","Deflect+1","Terror","PiercingWail","Bane+1","Leg Sweep","Dagger Throw+1"],"relics":["Ring of the Snake","Molten Egg 2","Akabeko","Blood Vial","Odd Mushroom","Matryoshka","SlaversCollar","Pen Nib","Nunchaku","Vajra","Ancient Tea Set","Blue Candle","Question Card","HoveringKite","Red Mask","InkBottle","Happy Flower","Sundial","Strawberry","Toy Ornithopter"],"acts_visited":["Exordium","TheCity","TheBeyond"],"potions_floor_usage":[8,8,11,12,12,16,16,18,20,21,21,22,24,27,27,33,35,35,40,41,41,42,44,46,48,50,50,50],"damage_taken":[{"damage":0,"enemies":"Cultist","floor":1,"turns":4},{"damage":4,"enemies":"Jaw Worm","floor":2,"turns":7},{"damage":8,"enemies":"2 Louse","floor":3,"turns":4},{"damage":2,"enemies":"Looter","floor":4,"turns":4},{"damage":4,"enemies":"Lagavulin","floor":8,"turns":7},{"damage":11,"enemies":"Gremlin Nob","floor":11,"turns":5},{"damage":2,"enemies":"The Mushroom Lair","floor":12,"turns":5},{"damage":0,"enemies":"Exordium Thugs","floor":13,"turns":5},{"damage":7,"enemies":"The Guardian","floor":16,"turns":15},{"damage":1,"enemies":"Chosen","floor":18,"turns":6},{"damage":9,"enemies":"Shell Parasite","floor":20,"turns":6},{"damage":4,"enemies":"Chosen and Byrds","floor":21,"turns":6},{"damage":0,"enemies":"Snecko","floor":22,"turns":5},{"damage":21,"enemies":"Gremlin Leader","floor":24,"turns":7},{"damage":15,"enemies":"Slavers","floor":27,"turns":5},{"damage":2,"enemies":"Cultist and Chosen","floor":31,"turns":6},{"damage":30,"enemies":"Collector","floor":33,"turns":9},{"damage":18,"enemies":"Orb Walker","floor":35,"turns":3},{"damage":6,"enemies":"Giant Head","floor":40,"turns":7},{"damage":10,"enemies":"3 Darklings","floor":41,"turns":7},{"damage":2,"enemies":"Sphere and 2 Shapes","floor":42,"turns":5},{"damage":18,"enemies":"4 Shapes","floor":44,"turns":7},{"damage":0,"enemies":"Jaw Worm Horde","floor":46,"turns":3},{"damage":13,"enemies":"Reptomancer","floor":48,"turns":6},{"damage":24,"enemies":"Time Eater","floor":50,"turns":12}],"seed_played":"1984911020890235869","potions_obtained":[{"floor":8,"key":"Block Potion"},{"floor":11,"key":"Swift Potion"},{"floor":12,"key":"SteroidPotion"},{"floor":16,"key":"SteroidPotion"},{"floor":21,"key":"Block Potion"},{"floor":22,"key":"Block Potion"},{"floor":40,"key":"Guardian:BlockOnCardUsePotion"},{"floor":41,"key":"Swift Potion"},{"floor":42,"key":"EssenceOfSteel"}],"is_trial":false,"path_per_floor":["M","M","M","M","?","R","?","E","T","R","E","?","M","$","R","B",null,"M","?","M","M","M","R","E","R","T","E","?","?","$","M","R","B",null,"M","$","?","?","T","E","M","M","T","M","R","M","R","E","R","B",null],"character_chosen":"THE_SILENT","items_purchased":["Matryoshka","Blur","Caltrops","Flash of Steel+1"],"campfire_rested":4,"item_purchase_floors":[14,30,30,36],"current_hp_per_floor":[70,66,58,56,56,56,49,45,45,45,34,34,36,36,36,31,60,61,61,54,52,54,54,35,56,56,43,43,43,43,43,64,36,62,58,58,58,58,58,54,46,46,53,37,58,60,60,49,70,54],"gold":161,"neow_bonus":"THREE_RARE_CARDS","is_daily":false,"chose_seed":false,"campfire_upgraded":5,"win_rate":0.0,"timestamp":1611379129,"path_taken":["M","M","M","?","?","R","?","E","T","R","E","?","M","$","R","BOSS","M","?","M","M","M","R","E","R","T","E","?","?","$","?","R","BOSS","M","$","?","?","?","E","?","M","T","M","R","M","R","E","R","BOSS"],"items_purchased_type":["Relic","Card","Card","Card"],"build_version":"2020-12-22","purchased_purges":1,"victory":true,"max_hp_per_floor":[70,70,70,70,70,70,70,70,70,70,70,70,70,70,70,70,70,70,70,70,70,70,70,70,70,70,70,70,70,70,70,70,70,70,70,70,70,66,66,66,66,66,73,73,73,73,73,73,73,73],"card_choices":[{"not_picked":["Envenom","Unload"],"picked":"After Image","floor":0},{"not_picked":["Underhanded Strike","PiercingWail"],"picked":"Crippling Poison","floor":1},{"not_picked":["Prepared","Deadly Poison"],"picked":"Venomology","floor":2},{"not_picked":["Leg Sweep","Sucker Punch"],"picked":"Footwork","floor":3},{"not_picked":["Distraction","Calculated Gamble"],"picked":"Heel Hook","floor":4},{"not_picked":["Blur","PiercingWail"],"picked":"Infinite Blades","floor":8},{"not_picked":["Sucker Punch+1","Setup"],"picked":"Slice+1","floor":11},{"not_picked":["Dagger Spray+1","Sucker Punch+1"],"picked":"Dagger Throw+1","floor":12},{"not_picked":["Deadly Poison","Acrobatics"],"picked":"Quick Slash+1","floor":13},{"not_picked":["Corpse Explosion","Burst"],"picked":"Envenom","floor":16},{"not_picked":["Dodge and Roll","Flying Knee+1"],"picked":"Footwork+1","floor":18},{"not_picked":["Acrobatics","Calculated Gamble"],"picked":"Choke+1","floor":20},{"not_picked":["Expertise+1","Calculated Gamble"],"picked":"Blade Dance","floor":21},{"not_picked":["Bane+1","Masterful Stab+1"],"picked":"Well Laid Plans","floor":22},{"not_picked":["Sucker Punch+1","Skewer+1"],"picked":"Slice+1","floor":24},{"not_picked":["Slice+1","Skewer+1"],"picked":"Bane+1","floor":27},{"not_picked":["Setup","Bouncing Flask","Tactician","Sucker Punch+1"],"picked":"SKIP","floor":31},{"not_picked":["Storm of Steel","Grand Finale+1","Die Die Die+1"],"picked":"Burst","floor":33},{"not_picked":["Riddle With Holes+1","Noxious Fumes","Deadly Poison+1"],"picked":"PiercingWail+1","floor":35},{"not_picked":["Footwork","Bane+1","Dagger Spray+1"],"picked":"Deflect+1","floor":40},{"not_picked":["Escape Plan+1","Well Laid Plans+1","Slice+1"],"picked":"Terror","floor":41},{"not_picked":["Venomology","Sucker Punch+1","Deflect"],"picked":"PiercingWail","floor":42},{"not_picked":["Acrobatics","PiercingWail","Heel Hook+1"],"picked":"Bane+1","floor":44},{"not_picked":["Underhanded Strike+1","Eviscerate+1","Setup+1"],"picked":"Leg Sweep","floor":46},{"not_picked":["Distraction+1","Reflex+1","PiercingWail+1"],"picked":"Dagger Throw+1","floor":48}],"player_experience":586556,"relics_obtained":[{"floor":8,"key":"Molten Egg 2"},{"floor":9,"key":"Akabeko"},{"floor":11,"key":"Blood Vial"},{"floor":12,"key":"Odd Mushroom"},{"floor":24,"key":"Nunchaku"},{"floor":26,"key":"Vajra"},{"floor":26,"key":"Ancient Tea Set"},{"floor":27,"key":"Blue Candle"},{"floor":39,"key":"InkBottle"},{"floor":39,"key":"Happy Flower"},{"floor":40,"key":"Sundial"},{"floor":43,"key":"Strawberry"},{"floor":48,"key":"Toy Ornithopter"}],"event_choices":[{"damage_healed":0,"gold_gain":175,"player_choice":"AGREE","damage_taken":0,"max_hp_gain":0,"max_hp_loss":0,"event_name":"Liars Game","floor":5,"gold_loss":0,"cards_obtained":["Doubt"]},{"cards_removed":["Doubt"],"damage_healed":0,"gold_gain":0,"player_choice":"Card Removal","damage_taken":7,"max_hp_gain":0,"max_hp_loss":0,"event_name":"Golden Wing","floor":7,"gold_loss":0},{"damage_healed":0,"gold_gain":0,"player_choice":"Fought Mushrooms","damage_taken":0,"max_hp_gain":0,"max_hp_loss":0,"event_name":"Mushrooms","floor":12,"gold_loss":0},{"damage_healed":0,"gold_gain":0,"player_choice":"Opened","damage_taken":0,"relics_obtained":["Pen Nib"],"max_hp_gain":0,"max_hp_loss":0,"event_name":"The Mausoleum","floor":19,"gold_loss":0,"cards_obtained":["Writhe"]},{"damage_healed":0,"gold_gain":0,"player_choice":"Obtained Relic","damage_taken":0,"relics_obtained":["Question Card"],"max_hp_gain":0,"max_hp_loss":0,"event_name":"Addict","floor":28,"gold_loss":85},{"cards_removed":["Writhe"],"damage_healed":0,"gold_gain":0,"player_choice":"Upgrade and Remove","damage_taken":0,"max_hp_gain":0,"max_hp_loss":0,"event_name":"Designer","floor":29,"gold_loss":90,"cards_upgraded":["Blade Dance"]},{"damage_healed":0,"gold_gain":0,"player_choice":"Paid","damage_taken":0,"relics_obtained":["Red Mask"],"max_hp_gain":0,"max_hp_loss":0,"event_name":"Tomb of Lord Red Mask","floor":37,"gold_loss":59},{"damage_healed":0,"gold_gain":0,"player_choice":"Max HP","damage_taken":0,"max_hp_gain":0,"max_hp_loss":4,"event_name":"Winding Halls","floor":38,"gold_loss":0}],"is_beta":false,"boss_relics":[{"not_picked":["Pandora\u0027s Box","Philosopher\u0027s Stone"],"picked":"SlaversCollar"},{"not_picked":["Runic Pyramid","Snecko Eye"],"picked":"HoveringKite"}],"items_purged_floors":[14],"is_endless":false,"potions_floor_spawned":[8,11,12,16,21,22,31,40,41,42,46],"ascension_level":5}}