{"host":"15dd7v8o90xso62x","time":1611399650,"event":{"mods":["BaseMod","Minty Spire (QoL Compilation)","Quick Restart","StSLib","SuperFastMode"],"gold_per_floor":[114,114,129,54,105,139,139,139,212,287,187,207,223,255,255,329,329,343,357,408,171,171,198,198,117,192,204,204,222,222,17,17,95,95,106,123,148,173,131,131,162,162,162,197,197,210,60,79,79,79,79,79,79,24,49,49],"floor_reached":57,"language":"KOR","playtime":2157,"items_purged":["Defend_G","Strike_G","Distraction","Dodge and Roll"],"score":3368,"play_id":"db02f3c9-3ca5-4508-be7b-179f5c584c81","local_time":"20210123200050","is_ascension_mode":true,"campfire_choices":[{"data":"Dagger Spray","floor":7.0,"key":"SMITH"},{"data":"Neutralize","floor":15.0,"key":"SMITH"},{"data":"Acrobatics","floor":24.0,"key":"SMITH"},{"data":"Well Laid Plans","floor":30.0,"key":"SMITH"},{"data":"Acrobatics","floor":32.0,"key":"SMITH"},{"data":"Prepared","floor":40.0,"key":"SMITH"},{"floor":45.0,"key":"RECALL"},{"data":"After Image","floor":49.0,"key":"SMITH"},{"data":"Tactician","floor":53.0,"key":"SMITH"}],"circlet_count":0,"master_deck":["AscendersBane","Survivor","Neutralize+1","Reflex+1","Backflip","After Image+1","Acrobatics+1","Footwork","Adrenaline","Quick Slash","Phantasmal Killer","Well Laid Plans+1","Grand Finale","Acrobatics+1","Prepared+1","Tactician+1","Footwork+1"],"relics":["Ring of the Snake","NeowsBlessing","Lantern","Ninja Scroll","Sundial","Turnip","Pandora\u0027s Box","Bag of Marbles","Mummified Hand","Empty Cage","WingedGreaves","Ancient Tea Set","Letter Opener","Dream Catcher","Unceasing Top","Anchor"],"acts_visited":["Exordium","TheCity","TheBeyond","TheEnding"],"potions_floor_usage":[56,56],"damage_taken":[{"damage":0.0,"enemies":"Jaw Worm","floor":1.0,"turns":1.0},{"damage":0.0,"enemies":"Cultist","floor":3.0,"turns":1.0},{"damage":0.0,"enemies":"Lagavulin","floor":6.0,"turns":1.0},{"damage":0.0,"enemies":"Small Slimes","floor":12.0,"turns":2.0},{"damage":0.0,"enemies":"Looter","floor":13.0,"turns":2.0},{"damage":0.0,"enemies":"3 Sentries","floor":14.0,"turns":4.0},{"damage":28.0,"enemies":"The Guardian","floor":16.0,"turns":19.0},{"damage":5.0,"enemies":"Chosen","floor":18.0,"turns":4.0},{"damage":0.0,"enemies":"2 Thieves","floor":19.0,"turns":2.0},{"damage":1.0,"enemies":"Slavers","floor":23.0,"turns":3.0},{"damage":0.0,"enemies":"Centurion and Healer","floor":27.0,"turns":2.0},{"damage":0.0,"enemies":"Snake Plant","floor":29.0,"turns":3.0},{"damage":0.0,"enemies":"Champ","floor":33.0,"turns":2.0},{"damage":0.0,"enemies":"Orb Walker","floor":35.0,"turns":1.0},{"damage":5.0,"enemies":"3 Shapes","floor":36.0,"turns":1.0},{"damage":0.0,"enemies":"Mind Bloom Boss Battle","floor":37.0,"turns":2.0},{"damage":0.0,"enemies":"Nemesis","floor":41.0,"turns":1.0},{"damage":0.0,"enemies":"Reptomancer","floor":44.0,"turns":1.0},{"damage":0.0,"enemies":"Writhing Mass","floor":46.0,"turns":1.0},{"damage":0.0,"enemies":"Transient","floor":48.0,"turns":1.0},{"damage":7.0,"enemies":"Time Eater","floor":50.0,"turns":4.0},{"damage":0.0,"enemies":"Donu and Deca","floor":51.0,"turns":1.0},{"damage":0.0,"enemies":"Shield and Spear","floor":55.0,"turns":1.0},{"damage":0,"enemies":"The Heart","floor":56,"turns":4}],"seed_played":"-5525822944957287514","potions_obtained":[{"floor":1.0,"key":"SmokeBomb"},{"floor":3.0,"key":"Strength Potion"},{"floor":12.0,"key":"Poison Potion"},{"floor":18.0,"key":"Block Potion"},{"floor":29.0,"key":"GamblersBrew"},{"floor":55.0,"key":"PowerPotion"}],"is_trial":false,"path_per_floor":["M","?","M","$","T","E","R","?","T","?","$","M","M","E","R","B",null,"M","M","T","$","?","E","R","$","T","M","?","M","R","$","R","B",null,"M","M","?","T","$","R","E","?","T","E","R","M","$","M","R","B","B",null,"R","$","E","B",null],"character_chosen":"THE_SILENT","items_purchased":["Strength Potion","Blade Dance","Well Laid Plans","Grand Finale","Acrobatics","Tactician","SpeedPotion"],"campfire_rested":0,"item_purchase_floors":[21,21,25,31,31,39,54],"current_hp_per_floor":[59,66,66,66,66,66,66,46,46,35,35,35,35,35,35,7,51,46,46,46,46,46,45,45,45,45,45,45,45,45,45,45,45,61,61,56,56,56,56,56,56,56,56,56,56,56,56,56,56,49,49,62,62,62,62,62],"gold":49,"neow_bonus":"THREE_ENEMY_KILL","is_daily":false,"chose_seed":false,"campfire_upgraded":8,"win_rate":0.0,"timestamp":1611399650,"path_taken":["M","?","M","$","?","E","R","?","T","?","?","M","M","E","R","BOSS","M","?","?","$","?","E","R","?","T","M","?","M","R","$","R","BOSS","M","M","?","?","$","R","E","?","T","E","R","?","$","M","R","BOSS","BOSS","R","$","E","BOSS"],"items_purchased_type":["Potion","Card","Card","Card","Card","Card","Potion"],"build_version":"2020-12-22","purchased_purges":4,"victory":true,"max_hp_per_floor":[66,66,66,66,66,66,66,66,66,66,66,66,66,66,66,66,66,66,66,66,66,66,66,66,66,66,66,66,66,66,66,66,66,66,66,66,66,66,66,66,66,66,66,66,66,66,66,66,66,66,66,66,66,66,66,66],"card_choices":[{"not_picked":["Dodge and Roll","All Out Attack"],"picked":"Terror","floor":1.0},{"not_picked":["Sucker Punch","Riddle With Holes"],"picked":"Dagger Spray","floor":3.0},{"not_picked":["Sucker Punch","Endless Agony"],"picked":"Reflex","floor":6.0},{"not_picked":["Infinite Blades","Slice","Flying Knee"],"picked":"SKIP","floor":12.0},{"not_picked":["Caltrops","Dagger Throw"],"picked":"Backflip","floor":13.0},{"not_picked":["Flying Knee","Doppelganger","Underhanded Strike"],"picked":"SKIP","floor":14.0},{"not_picked":["Storm of Steel","Tools of the Trade"],"picked":"After Image","floor":16.0},{"not_picked":["Deflect","Slice","Caltrops"],"picked":"SKIP","floor":18.0},{"not_picked":["Infinite Blades","Flying Knee","Glass Knife"],"picked":"SKIP","floor":19.0},{"not_picked":["Deflect","Cloak And Dagger","Dash"],"picked":"SKIP","floor":23.0},{"not_picked":["Blade Dance","Sucker Punch","Dagger Spray"],"picked":"SKIP","floor":27.0},{"not_picked":["Well Laid Plans","Deadly Poison","Setup+1"],"picked":"SKIP","floor":29.0},{"not_picked":["Acrobatics+1","Quick Slash","Backflip+1"],"picked":"SKIP","floor":35.0},{"not_picked":["Blade Dance+1","Endless Agony","Dash"],"picked":"SKIP","floor":36.0},{"not_picked":["Poisoned Stab","Catalyst"],"picked":"Prepared","floor":37.0},{"not_picked":["Dodge and Roll","Accuracy","Noxious Fumes"],"picked":"SKIP","floor":41.0},{"not_picked":["Sucker Punch","Noxious Fumes","Slice"],"picked":"SKIP","floor":44.0},{"not_picked":["Acrobatics","Tactician","Cloak And Dagger+1"],"picked":"SKIP","floor":46.0},{"not_picked":["Leg Sweep","Setup","Flechettes"],"picked":"SKIP","floor":48.0},{"not_picked":["Storm of Steel","Terror"],"picked":"Footwork+1","floor":55.0}],"player_experience":1074275,"relics_obtained":[{"floor":5.0,"key":"Lantern"},{"floor":6.0,"key":"Ninja Scroll"},{"floor":9.0,"key":"Sundial"},{"floor":14.0,"key":"Turnip"},{"floor":23.0,"key":"Bag of Marbles"},{"floor":26.0,"key":"Mummified Hand"},{"floor":37.0,"key":"WingedGreaves"},{"floor":38.0,"key":"Ancient Tea Set"},{"floor":41.0,"key":"Letter Opener"},{"floor":43.0,"key":"Dream Catcher"},{"floor":44.0,"key":"Unceasing Top"},{"floor":55.0,"key":"Anchor"}],"event_choices":[{"cards_removed":["Terror"],"damage_healed":7.0,"max_hp_gain":0.0,"max_hp_loss":0.0,"gold_gain":0.0,"event_name":"Bonfire Elementals","player_choice":"Offered Uncommon","floor":2.0,"gold_loss":0.0,"damage_taken":0.0},{"damage_healed":0.0,"max_hp_gain":0.0,"max_hp_loss":0.0,"gold_gain":0.0,"event_name":"Shining Light","player_choice":"Entered Light","floor":8.0,"gold_loss":0.0,"damage_taken":20.0,"cards_upgraded":["Reflex","Strike_G"]},{"damage_healed":0.0,"max_hp_gain":0.0,"max_hp_loss":0.0,"gold_gain":75.0,"event_name":"World of Goop","player_choice":"Gather Gold","floor":10.0,"gold_loss":0.0,"damage_taken":11.0},{"damage_healed":0.0,"max_hp_gain":0.0,"max_hp_loss":0.0,"gold_gain":0.0,"event_name":"Ghosts","player_choice":"Ignored","floor":22.0,"gold_loss":0.0,"damage_taken":0.0},{"damage_healed":0.0,"max_hp_gain":0.0,"max_hp_loss":0.0,"gold_gain":0.0,"event_name":"Cursed Tome","player_choice":"Ignored","floor":28.0,"gold_loss":0.0,"damage_taken":0.0},{"damage_healed":0.0,"max_hp_gain":0.0,"max_hp_loss":0.0,"gold_gain":0.0,"event_name":"MindBloom","player_choice":"Fight","floor":37.0,"gold_loss":0.0,"damage_taken":0.0},{"cards_removed":["Slice"],"damage_healed":0.0,"max_hp_gain":0.0,"max_hp_loss":0.0,"gold_gain":0.0,"event_name":"Falling","player_choice":"Removed Attack","floor":42.0,"gold_loss":0.0,"damage_taken":0.0}],"is_beta":false,"boss_relics":[{"not_picked":["Tiny House","Coffee Dripper"],"picked":"Pandora\u0027s Box"},{"not_picked":["Sozu","Fusion Hammer"],"picked":"Empty Cage"}],"items_purged_floors":[4,11,21,47],"is_endless":false,"potions_floor_spawned":[1,3,12,13,18,29,33,35,48,55],"ascension_level":20}}