{"host":"4ag909k4xupnj24b","time":1611367732,"event":{"mods":["BaseMod","Minty Spire (QoL Compilation)","StSLib"],"gold_per_floor":[117,117,117,117,140,174,174,187,213,252,275,308,321,344,344,442,442,463,309,42,78,78,122,72,19,95,95,136,136,136,157,157,157,157],"floor_reached":33,"language":"ENG","playtime":1261,"items_purged":["Strike_B"],"score":571,"play_id":"feeac005-da22-4082-92ab-ba13ae78c9c0","local_time":"20210122180852","is_ascension_mode":true,"campfire_choices":[{"data":"Defragment","floor":7,"key":"SMITH"},{"data":"Capacitor","floor":15,"key":"SMITH"},{"floor":27,"key":"REST"},{"floor":29,"key":"REST"},{"floor":32,"key":"REST"}],"circlet_count":0,"master_deck":["AscendersBane","Strike_B","Strike_B","Defend_B","Defend_B","Defend_B","Defend_B","Zap","Dualcast","Ball Lightning+1","Defragment+1","Conserve Battery","Go for the Eyes","Cold Snap","Sweeping Beam","Capacitor+1","Barrage","Chill","Electrodynamics","Defragment","Defragment","White Noise","Consume","Coolheaded","Storm","Writhe","Self Repair"],"relics":["FrozenCore","NeowsBlessing","Golden Idol","Pen Nib","Strawberry","Potion Belt","Du-Vu Doll","Juzu Bracelet","OrangePellets","Red Mask","Bronze Scales","Oddly Smooth Stone","Question Card","Boot","Blood Vial"],"acts_visited":["Exordium","TheCity"],"potions_floor_usage":[10,12,13,13,21,21,23],"damage_taken":[{"damage":0,"enemies":"Cultist","floor":1,"turns":1},{"damage":0,"enemies":"Small Slimes","floor":5,"turns":1},{"damage":0,"enemies":"3 Sentries","floor":6,"turns":1},{"damage":3,"enemies":"2 Louse","floor":8,"turns":2},{"damage":8,"enemies":"Gremlin Nob","floor":10,"turns":3},{"damage":8,"enemies":"Exordium Thugs","floor":11,"turns":3},{"damage":10,"enemies":"3 Sentries","floor":12,"turns":4},{"damage":5,"enemies":"Lots of Slimes","floor":13,"turns":2},{"damage":0,"enemies":"3 Louse","floor":14,"turns":3},{"damage":1,"enemies":"Slime Boss","floor":16,"turns":9},{"damage":17,"enemies":"3 Byrds","floor":18,"turns":4},{"damage":33,"enemies":"Masked Bandits","floor":21,"turns":5},{"damage":28,"enemies":"Slavers","floor":23,"turns":4},{"damage":23,"enemies":"Gremlin Leader","floor":28,"turns":7},{"damage":8,"enemies":"Spheric Guardian","floor":31,"turns":4},{"damage":59,"enemies":"Automaton","floor":33,"turns":8}],"seed_played":"3683548191941049647","potions_obtained":[{"floor":6,"key":"Weak Potion"},{"floor":8,"key":"SpeedPotion"},{"floor":11,"key":"BlessingOfTheForge"},{"floor":12,"key":"EntropicBrew"},{"floor":18,"key":"SteroidPotion"},{"floor":28,"key":"Explosive Potion"}],"is_trial":false,"path_per_floor":["M","?","?","?","M","E","R","M","T","E","M","E","M","M","R","B",null,"M","$","$","?","?","E","?","$","T","R","E","R","?","M","R","B"],"character_chosen":"DEFECT","items_purchased":["Juzu Bracelet","Defragment","OrangePellets","Coolheaded"],"campfire_rested":3,"item_purchase_floors":[19,20,20,25],"current_hp_per_floor":[64,64,64,64,64,64,64,61,68,60,52,42,37,37,37,36,62,45,45,45,12,12,13,13,13,13,34,11,32,32,26,47,0,0],"gold":157,"neow_bonus":"THREE_ENEMY_KILL","is_daily":false,"chose_seed":false,"campfire_upgraded":2,"win_rate":0.0,"timestamp":1611367732,"path_taken":["M","?","?","?","M","E","R","M","T","E","?","E","M","M","R","BOSS","M","?","$","?","?","E","?","?","T","R","E","R","?","M","R","BOSS"],"items_purchased_type":["Relic","Card","Relic","Card"],"build_version":"2020-12-22","purchased_purges":1,"victory":false,"max_hp_per_floor":[71,71,64,64,64,64,64,64,71,71,71,71,71,71,71,71,71,71,71,71,71,71,71,71,71,71,71,71,71,71,71,71,71,71],"card_choices":[{"not_picked":["Beam Cell","Capacitor"],"picked":"Ball Lightning","floor":1},{"not_picked":["Leap","Gash"],"picked":"Defragment","floor":5},{"not_picked":["Reprogram","Hello World"],"picked":"Conserve Battery","floor":6},{"not_picked":["Conserve Battery","Compile Driver"],"picked":"Go for the Eyes","floor":8},{"not_picked":["Hologram","Fission"],"picked":"Cold Snap","floor":10},{"not_picked":["Hologram","Compile Driver"],"picked":"Sweeping Beam","floor":11},{"not_picked":["Steam","Scrape"],"picked":"Capacitor","floor":12},{"not_picked":["Rebound","Stack"],"picked":"Barrage","floor":13},{"not_picked":["Cold Snap","Go for the Eyes"],"picked":"Chill","floor":14},{"not_picked":["Creative AI","Fission"],"picked":"Electrodynamics","floor":16},{"not_picked":["Steam Power","Cold Snap"],"picked":"Defragment","floor":18},{"not_picked":["Compile Driver","Gash"],"picked":"White Noise","floor":21},{"not_picked":["Rebound","Hologram"],"picked":"Consume","floor":23},{"not_picked":["Streamline","Sweeping Beam","Melter"],"picked":"Storm","floor":28},{"not_picked":["Steam","Force Field","Auto Shields"],"picked":"Self Repair","floor":31}],"player_experience":866113,"relics_obtained":[{"floor":6,"key":"Pen Nib"},{"floor":9,"key":"Strawberry"},{"floor":10,"key":"Potion Belt"},{"floor":12,"key":"Du-Vu Doll"},{"floor":21,"key":"Red Mask"},{"floor":22,"key":"Bronze Scales"},{"floor":23,"key":"Oddly Smooth Stone"},{"floor":26,"key":"Question Card"},{"floor":28,"key":"Boot"}],"event_choices":[{"damage_healed":0,"gold_gain":0,"player_choice":"Grow","damage_taken":0,"max_hp_gain":0,"max_hp_loss":0,"event_name":"Living Wall","floor":2,"gold_loss":0,"cards_upgraded":["Ball Lightning"]},{"damage_healed":0,"gold_gain":0,"player_choice":"Lose Max HP","damage_taken":0,"relics_obtained":["Golden Idol"],"max_hp_gain":0,"max_hp_loss":7,"event_name":"Golden Idol","floor":3,"gold_loss":0},{"cards_removed":["Strike_B"],"damage_healed":0,"gold_gain":0,"player_choice":"Offered Basic","damage_taken":0,"max_hp_gain":0,"max_hp_loss":0,"event_name":"Bonfire Elementals","floor":4,"gold_loss":0},{"damage_healed":0,"gold_gain":0,"player_choice":"Fought Bandits","damage_taken":0,"max_hp_gain":0,"max_hp_loss":0,"event_name":"Masked Bandits","floor":21,"gold_loss":0},{"damage_healed":0,"gold_gain":0,"player_choice":"Relic","damage_taken":0,"max_hp_gain":0,"max_hp_loss":0,"event_name":"Wheel of Change","floor":22,"gold_loss":0},{"damage_healed":0,"gold_gain":0,"player_choice":"Bet on Murderer","damage_taken":0,"max_hp_gain":0,"max_hp_loss":0,"event_name":"The Joust","floor":24,"gold_loss":50},{"damage_healed":0,"gold_gain":0,"player_choice":"Opened","damage_taken":0,"relics_obtained":["Blood Vial"],"max_hp_gain":0,"max_hp_loss":0,"event_name":"The Mausoleum","floor":30,"gold_loss":0,"cards_obtained":["Writhe"]}],"is_beta":false,"boss_relics":[{"not_picked":["Coffee Dripper","Astrolabe"],"picked":"FrozenCore"}],"items_purged_floors":[20],"is_endless":false,"potions_floor_spawned":[6,8,11,12,18,28],"killed_by":"Automaton","ascension_level":15}}