{"host":"njo8qgvy2a57fcny","time":1611368228,"event":{"mods":["Ascension Unlocker","Aspiration","BaseMod","BetterRewards","CCEM","Colored Map","Colored Powertips","Conspire","Custom Start","Downfall","GifTheSpireLib","Halation","Hermit","Hubris","Infinite Spire","Jedi Mod","Mimic Mod","Minty Spire (QoL Compilation)","Quick Restart","Random Character Button","Random Character Mod","Rare Cards Sparkle","Relic Sorter","Replay The Spire","Shop Mod","StSLib","Stuff the Spire","The Animator","The Jungle","The Runesmith","The Servant 0.9.4","vexMod"],"gold_per_floor":[0,18,29,29,29,58,58,70,83,103,103,3,15,31,44,143,143,143,162,175,175,193,93,93,93,109,127,146,158,158,177,188,293,293,293,308,326,340,340,350,582,1,35,35,35,35,35,46,62,62,62,62],"floor_reached":50,"language":"ENG","playtime":5125,"items_purged":[],"score":612,"play_id":"ef9bfa27-23f9-4569-836e-c5ee2153901c","local_time":"20210123131708","is_ascension_mode":true,"campfire_choices":[{"data":"Guardian:TwinSlam","floor":12,"key":"SMITH"},{"floor":18,"key":"RECALL"},{"data":"Guardian:Orbwalk","floor":23,"key":"SMITH"},{"data":"Guardian:ConstructionForm","floor":25,"key":"SMITH"},{"data":"Guardian:PolyBeam","floor":30,"key":"SMITH"},{"floor":35,"key":"DIG"},{"data":"Guardian:BronzeArmor","floor":45,"key":"SMITH"}],"circlet_count":0,"master_deck":["Guardian:Defend_Guardian","Guardian:Defend_Guardian","Guardian:CurlUp","Guardian:TwinSlam+1","Guardian:PrismaticBeam","Guardian:Planning","Guardian:CrystalBeam","Guardian:Preprogram","Guardian:PiercingHide+1","Guardian:Orbwalk+1","Guardian:ConstructionForm+1","Guardian:Reroute+1","Guardian:MultiBeam+1","Guardian:Incinerate","Guardian:Suspension","Guardian:StasisField","Guardian:ShieldCharger","Guardian:Incinerate","Guardian:TemporalStrike","Guardian:Incinerate+1","Guardian:VentSteam","Guardian:PolyBeam+1","Guardian:FastForward","Guardian:BronzeArmor+1","Guardian:FloatingOrbs+1","Parasite","Guardian:Recover+1","Flash of Steel","Finesse","Guardian:WalkerClaw","Guardian:Orbwalk+1","Poisoned Strike","Deep Breath","jedi:forcepush","downfall:Aged","conspire:NecroticWound","Guardian:Gem_Red","Guardian:Gem_Red"],"relics":["Guardian:ModeShifter","hubris:BundleOfHerbs","vexMod:RedPlottingStone","Blue Candle","jedi:crownofsimplicity","downfall:HeartBlessingBlue","Astrolabe","downfall:HeartBlessingRed","Eternal Feather","Replay:Bronze Core","Lantern","Replay:Mystery Machine","ReplayTheSpireMod:ShopPack","StuffTheSpire:Nightcore","Guardian:StasisEgg","conspire:DeflatedDodgeball"],"acts_visited":["Exordium","TheCity","TheBeyond"],"potions_floor_usage":[6,10,16,16,22,22,27,32,40,41,41,49],"damage_taken":[{"damage":1,"enemies":"Cultist","floor":2,"turns":5},{"damage":0,"enemies":"conspire:RoseBush","floor":3,"turns":4},{"damage":36,"enemies":"Lagavulin","floor":6,"turns":14},{"damage":0,"enemies":"Small Slimes","floor":8,"turns":3},{"damage":1,"enemies":"Red Slaver","floor":9,"turns":2},{"damage":7,"enemies":"Blue Slaver","floor":10,"turns":4},{"damage":0,"enemies":"3 Louse","floor":13,"turns":4},{"damage":5,"enemies":"Large Slime","floor":14,"turns":5},{"damage":6,"enemies":"Exordium Thugs","floor":15,"turns":2},{"damage":18,"enemies":"WA_ARCHETYPE_RETAIN","floor":16,"turns":9},{"damage":4,"enemies":"3 Byrds","floor":19,"turns":5},{"damage":12,"enemies":"Spheric Guardian","floor":20,"turns":4},{"damage":0,"enemies":"conspire:HollyBat","floor":22,"turns":4},{"damage":0,"enemies":"Snecko","floor":26,"turns":5},{"damage":0,"enemies":"3 Cultists","floor":27,"turns":5},{"damage":10,"enemies":"Centurion and Healer","floor":28,"turns":5},{"damage":8,"enemies":"Snake Plant","floor":29,"turns":3},{"damage":0,"enemies":"conspire:HollyBat","floor":31,"turns":6},{"damage":12,"enemies":"Shelled Parasite and Fungi","floor":32,"turns":4},{"damage":21,"enemies":"IC_MUSHROOM_ARCHETYPE","floor":33,"turns":7},{"damage":28,"enemies":"Orb Walker","floor":36,"turns":5},{"damage":13,"enemies":"3 Shapes","floor":37,"turns":4},{"damage":20,"enemies":"Writhing Mass","floor":38,"turns":7},{"damage":32,"enemies":"Sphere and 2 Shapes","floor":40,"turns":5},{"damage":9,"enemies":"Jaw Worm Horde","floor":41,"turns":6},{"damage":0,"enemies":"downfall:FleeingMerchant","floor":42,"turns":5},{"damage":14,"enemies":"Giant Head","floor":43,"turns":7},{"damage":6,"enemies":"Jaw Worm Horde","floor":48,"turns":4},{"damage":20,"enemies":"Writhing Mass","floor":49,"turns":6},{"damage":29,"enemies":"DF_ARCHETYPE_ORBS","floor":50,"turns":2}],"seed_played":"-2058703525605948882","potions_obtained":[{"floor":2,"key":"Dexterity Potion"},{"floor":6,"key":"FearPotion"},{"floor":11,"key":"Slimebound:ThreeZeroPotion"},{"floor":11,"key":"DistilledChaos"},{"floor":11,"key":"AttackPotion"},{"floor":13,"key":"champ:CounterPotion"},{"floor":20,"key":"FearPotion"},{"floor":22,"key":"Explosive Potion"},{"floor":29,"key":"Fire Potion"},{"floor":33,"key":"Languid Potion"},{"floor":38,"key":"Adrenaline Potion"},{"floor":40,"key":"BlessingOfTheForge"},{"floor":48,"key":"Elixir"},{"floor":49,"key":"sneckomod:MuddlingPotion"}],"is_trial":false,"path_per_floor":["R_BF","M","M","T","?","E","T","M","M","M","?","R","M","M","M","B",null,"R_BF","M","M","?","M","R","T","R","M","M","M","M","R","M","M","B",null,"R_BF","M","M","M","?","M","MIM","$","E","?","R","T","?","M","M","B"],"character_chosen":"GUARDIAN","items_purchased":["Guardian:Orbwalk","Guardian:Gem_Yellow","hubris:BundleOfHerbs","ReplayTheSpireMod:ShopPack"],"campfire_rested":0,"item_purchase_floors":[42,42,42,42],"current_hp_per_floor":[96,95,95,95,92,56,56,56,55,48,48,58,58,53,47,29,106,106,102,90,82,82,82,82,91,91,91,81,73,85,85,73,52,106,106,78,65,45,45,13,24,24,30,30,51,51,51,45,25,0,0,0],"gold":62,"neow_bonus":"TWENTY_PERCENT_HP_BONUS","is_daily":false,"chose_seed":false,"campfire_upgraded":5,"win_rate":0.0,"timestamp":1611368228,"path_taken":["R_BF","M","M","?","?","E","T","M","M","M","?","R","M","?","M","BOSS","R_BF","M","M","?","M","R","T","R","M","M","M","?","R","M","M","BOSS","R_BF","M","M","M","?","M","MIM","$","E","?","R","?","?","M","M","BOSS"],"items_purchased_type":["Card","Card","Relic","Relic"],"build_version":"2020-12-22","purchased_purges":0,"victory":false,"max_hp_per_floor":[96,96,96,96,96,96,96,96,96,96,96,106,106,106,106,106,106,106,106,106,106,106,106,106,106,106,106,106,106,106,106,106,106,106,106,106,106,106,106,106,116,116,116,116,116,116,116,116,116,116,116,116],"card_choices":[{"not_picked":["Guardian:PolyBeam","Guardian:Recover"],"picked":"Guardian:Gem_Purple","floor":2},{"not_picked":["Guardian:GuardianWhirl","Guardian:Suspension"],"picked":"Guardian:Planning","floor":3},{"not_picked":["Guardian:ShieldCharger","Guardian:EvasiveProtocol"],"picked":"Guardian:Gem_Crimson","floor":6},{"not_picked":["Guardian:Gem_Cyan","Guardian:TimeBomb"],"picked":"Guardian:CrystalBeam","floor":8},{"not_picked":["Guardian:GuardianWhirl","Guardian:FastForward"],"picked":"Guardian:Preprogram","floor":9},{"not_picked":["Guardian:PrimingBeam","Guardian:Reroute"],"picked":"Guardian:Gem_Purple","floor":10},{"not_picked":["Guardian:BodySlam","Guardian:Gem_Cyan"],"picked":"Guardian:Gem_White","floor":13},{"not_picked":["Guardian:Suspension","Guardian:PrimingBeam"],"picked":"Guardian:PiercingHide","floor":14},{"not_picked":["Guardian:TemporalShield","Guardian:DonusPower"],"picked":"Guardian:Orbwalk","floor":15},{"not_picked":["Guardian:FastForward","Guardian:SphericShield"],"picked":"Guardian:ConstructionForm","floor":16},{"not_picked":["Guardian:Gem_Lightblue","Guardian:PrismaticBeam"],"picked":"Guardian:Incinerate","floor":19},{"not_picked":["Guardian:TimeBomb","Guardian:Harden+1"],"picked":"Guardian:Suspension","floor":20},{"not_picked":["Guardian:ChargeCore","Guardian:Gem_Green"],"picked":"Guardian:Incinerate","floor":22},{"not_picked":["Guardian:Gem_Green","Guardian:PrimingBeam+1"],"picked":"Guardian:TemporalStrike","floor":26},{"not_picked":["Guardian:Gem_Blue","Guardian:Suspension"],"picked":"Guardian:Incinerate+1","floor":27},{"not_picked":["Guardian:Harden","Guardian:TemporalShield"],"picked":"Guardian:VentSteam","floor":28},{"not_picked":["Guardian:Harden","Guardian:ArmoredProtocol"],"picked":"Guardian:PolyBeam","floor":29},{"not_picked":["Guardian:Planning","Guardian:ChargeCore"],"picked":"Guardian:FastForward","floor":31},{"not_picked":["Guardian:TemporalShield","Guardian:Reroute","Guardian:PrismaticBarrier"],"picked":"SKIP","floor":32},{"not_picked":["Guardian:FierceBash","Guardian:ConstructionForm"],"picked":"Guardian:Gem_Synthetic","floor":33},{"not_picked":["Guardian:RollAttack+1","Guardian:CrystalBeam+1"],"picked":"Guardian:BronzeArmor","floor":36},{"not_picked":["Guardian:Repulse+1","Guardian:Reroute+1"],"picked":"Guardian:FloatingOrbs+1","floor":37},{"not_picked":["Guardian:TemporalShield","Guardian:Reroute"],"picked":"Guardian:Recover+1","floor":38},{"not_picked":["Guardian:PrimingBeam","Guardian:Planning+1"],"picked":"Guardian:Gem_Green","floor":40},{"not_picked":["Guardian:RefractedBeam","Guardian:TemporalStrike"],"picked":"Guardian:WalkerClaw","floor":41},{"not_picked":["Guardian:Suspension","Guardian:GuardianWhirl","Guardian:SphericShield"],"picked":"SKIP","floor":42},{"not_picked":["vexMod:StairwayStrike","Metamorphosis"],"picked":"Poisoned Strike","floor":42},{"not_picked":["Master of Strategy","Dramatic Entrance"],"picked":"Deep Breath","floor":42},{"not_picked":["Impatience","Flash of Steel"],"picked":"jedi:forcepush","floor":42},{"not_picked":["Guardian:FloatingOrbs","Guardian:PrimingBeam"],"picked":"Guardian:Gem_Red","floor":43},{"not_picked":["Guardian:RollAttack","Guardian:Gem_Green"],"picked":"Guardian:Gem_Red","floor":48},{"not_picked":["Guardian:Reroute","Guardian:Gem_Green"],"picked":"Guardian:Gem_Red","floor":49}],"player_experience":643904,"relics_obtained":[{"floor":4,"key":"vexMod:RedPlottingStone"},{"floor":6,"key":"jedi:crownofsimplicity"},{"floor":24,"key":"Eternal Feather"},{"floor":35,"key":"Lantern"},{"floor":43,"key":"StuffTheSpire:Nightcore"},{"floor":46,"key":"conspire:DeflatedDodgeball"}],"event_choices":[{"damage_healed":0,"gold_gain":0,"player_choice":"Success","damage_taken":3,"relics_obtained":["Blue Candle"],"max_hp_gain":0,"max_hp_loss":0,"event_name":"Scrap Ooze","floor":5,"gold_loss":0},{"damage_healed":0,"gold_gain":0,"player_choice":"Got Potions","damage_taken":0,"max_hp_gain":0,"max_hp_loss":0,"event_name":"Lab","floor":11,"gold_loss":0},{"damage_healed":0,"gold_gain":0,"player_choice":"Leave","damage_taken":0,"max_hp_gain":0,"max_hp_loss":0,"event_name":"conspire:Investor","floor":39,"gold_loss":0}],"is_beta":false,"boss_relics":[{"not_picked":["SacredBark","SlaversCollar"],"picked":"Astrolabe"},{"not_picked":["halation:MonkeysPaw","vexMod:TanglingVine"],"picked":"Replay:Bronze Core"}],"items_purged_floors":[],"is_endless":false,"potions_floor_spawned":[2,6,13,14,20,22,29,33,38,40,48,49],"killed_by":"DF_ARCHETYPE_ORBS","ascension_level":1}}