{"host":"ncocfkoislda923u","time":1611375777,"event":{"mods":["BaseMod","Googly Eyes","Minty Spire (QoL Compilation)","Spire Arcade","StSLib","The Poker Player"],"gold_per_floor":[111,126,141,141,66,66,80,80,80,155,173,193,293,311,311,410,410,428,440,340,355,368,368,387,397,397,408,408,283,283,300,300,401,401,414,264,281,106,118,118,137,156,156,156,167,167,167,181,181,181],"floor_reached":51,"language":"ENG","playtime":4377,"items_purged":["PokerPlayerMod:Diamond1","PokerPlayerMod:Club1","PokerPlayerMod:Spade1","PokerPlayerMod:Diamond3","PokerPlayerMod:Diamond2"],"score":599,"play_id":"ef766a49-94f1-4e9d-87bb-746fabefc7c0","local_time":"20210123052257","is_ascension_mode":false,"metric_token":402,"campfire_choices":[{"data":"PokerPlayerMod:WildCard","floor":6,"key":"SMITH"},{"data":"PokerPlayerMod:Diamond4","floor":8,"key":"SMITH"},{"data":"PokerPlayerMod:CardPrinter","floor":15,"key":"SMITH"},{"data":"PokerPlayerMod:CardPrinter+1","floor":23,"key":"SMITH"},{"data":"PokerPlayerMod:Heart4","floor":28,"key":"SMITH"},{"data":"PokerPlayerMod:Raise","floor":32,"key":"SMITH"},{"data":"PokerPlayerMod:Spade4","floor":40,"key":"SMITH"},{"data":"PokerPlayerMod:WildCard","floor":44,"key":"SMITH"},{"data":"PokerPlayerMod:Spade3","floor":47,"key":"SMITH"},{"data":"PokerPlayerMod:Spade4","floor":49,"key":"SMITH"}],"circlet_count":0,"master_deck":["PokerPlayerMod:Diamond5","PokerPlayerMod:Diamond5","PokerPlayerMod:Spade2","PokerPlayerMod:Spade5","PokerPlayerMod:Spade5","PokerPlayerMod:Club2","PokerPlayerMod:Heart2","PokerPlayerMod:TrumpStrike","PokerPlayerMod:BadJoker","PokerPlayerMod:Mulligan","PokerPlayerMod:WildCard+1","PokerPlayerMod:HotShotCut","PokerPlayerMod:Heart2","PokerPlayerMod:Heart5","PokerPlayerMod:Spade5","PokerPlayerMod:Raise+1","PokerPlayerMod:CardPrinter+2","PokerPlayerMod:RoyalStrike","PokerPlayerMod:MagicTrick+1","PokerPlayerMod:CloakAndDiamond+1","PokerPlayerMod:Club7","PokerPlayerMod:WildCard+1","Violence"],"relics":["PokerPlayerMod:DeckCase"],"acts_visited":["Exordium","TheCity","TheBeyond"],"potions_floor_usage":[24,35,41,50],"damage_taken":[{"damage":0,"enemies":"2 Louse","floor":1,"turns":1},{"damage":0,"enemies":"Small Slimes","floor":2,"turns":3},{"damage":0,"enemies":"Cultist","floor":3,"turns":2},{"damage":6,"enemies":"Exordium Wildlife","floor":7,"turns":3},{"damage":0,"enemies":"Large Slime","floor":11,"turns":3},{"damage":1,"enemies":"Red Slaver","floor":12,"turns":2},{"damage":0,"enemies":"Looter","floor":14,"turns":2},{"damage":25,"enemies":"The Guardian","floor":16,"turns":12},{"damage":20,"enemies":"Spheric Guardian","floor":18,"turns":5},{"damage":15,"enemies":"Shell Parasite","floor":19,"turns":6},{"damage":18,"enemies":"Chosen and Byrds","floor":21,"turns":5},{"damage":19,"enemies":"3 Cultists","floor":22,"turns":4},{"damage":0,"enemies":"Cultist and Chosen","floor":24,"turns":4},{"damage":21,"enemies":"Snake Plant","floor":25,"turns":4},{"damage":8,"enemies":"Centurion and Healer","floor":27,"turns":4},{"damage":0,"enemies":"Snecko","floor":31,"turns":5},{"damage":15,"enemies":"Collector","floor":33,"turns":10},{"damage":14,"enemies":"3 Darklings","floor":35,"turns":7},{"damage":0,"enemies":"3 Shapes","floor":37,"turns":1},{"damage":12,"enemies":"Sphere and 2 Shapes","floor":39,"turns":5},{"damage":10,"enemies":"Transient","floor":41,"turns":5},{"damage":3,"enemies":"3 Darklings","floor":42,"turns":3},{"damage":1,"enemies":"4 Shapes","floor":45,"turns":5},{"damage":22,"enemies":"Maw","floor":48,"turns":8},{"damage":41,"enemies":"Donu and Deca","floor":50,"turns":7}],"seed_played":"3784783809167568062","potions_obtained":[{"floor":1,"key":"LiquidBronze"},{"floor":3,"key":"DuplicationPotion"},{"floor":14,"key":"AttackPotion"},{"floor":16,"key":"Regen Potion"},{"floor":22,"key":"Regen Potion"},{"floor":33,"key":"FearPotion"},{"floor":42,"key":"FairyPotion"}],"is_trial":false,"path_per_floor":["M","M","M","?","$","R","M","R","T","?","M","M","?","M","R","B",null,"M","M","$","M","M","R","M","M","T","M","R","$","T","M","R","B",null,"M","$","M","$","M","R","M","M","T","R","M","?","R","M","R","B",null],"character_chosen":"THE_POKER_PLAYER","items_purchased":[],"campfire_rested":0,"item_purchase_floors":[],"current_hp_per_floor":[52,52,52,52,52,52,46,46,46,35,49,52,52,52,52,27,52,39,35,35,34,32,32,52,36,36,39,39,39,39,47,47,37,52,48,48,48,48,43,43,42,52,52,52,52,52,52,46,46,19],"gold":181,"neow_bonus":"ONE_RANDOM_RARE_CARD","is_daily":false,"chose_seed":false,"campfire_upgraded":10,"win_rate":0.0,"timestamp":1611375777,"path_taken":["M","M","M","?","$","R","M","R","T","?","M","M","?","M","R","BOSS","M","M","$","M","M","R","M","M","T","M","R","$","?","M","R","BOSS","M","$","M","$","M","R","M","M","T","R","M","?","R","M","R","BOSS"],"items_purchased_type":[],"build_version":"2020-12-22","purchased_purges":5,"victory":true,"max_hp_per_floor":[52,52,52,52,52,52,52,52,52,52,52,52,52,52,52,52,52,52,52,52,52,52,52,52,52,52,52,52,52,52,52,52,52,52,52,52,52,52,52,52,52,52,52,52,52,52,52,52,52,52],"card_choices":[{"not_picked":["PokerPlayerMod:HiddenCard","PokerPlayerMod:Spade4"],"picked":"PokerPlayerMod:HotShotCut","floor":1},{"not_picked":["PokerPlayerMod:Diamond2","PokerPlayerMod:Diamond5"],"picked":"PokerPlayerMod:Heart2","floor":2},{"not_picked":["PokerPlayerMod:Club3","PokerPlayerMod:Spade4"],"picked":"PokerPlayerMod:Heart4","floor":3},{"not_picked":["PokerPlayerMod:Overdeal","PokerPlayerMod:CloakAndDiamond"],"picked":"PokerPlayerMod:Spade5","floor":7},{"not_picked":["PokerPlayerMod:MagicTrick","PokerPlayerMod:Trickery"],"picked":"PokerPlayerMod:Raise","floor":11},{"not_picked":["PokerPlayerMod:Heart1","PokerPlayerMod:Sharpen"],"picked":"PokerPlayerMod:CardPrinter","floor":12},{"not_picked":["PokerPlayerMod:Club1","PokerPlayerMod:Heart1","PokerPlayerMod:CardBurn"],"picked":"SKIP","floor":14},{"not_picked":["PokerPlayerMod:Spade10+","PokerPlayerMod:Diamond10+"],"picked":"PokerPlayerMod:RoyalStrike","floor":16},{"not_picked":["PokerPlayerMod:CardBurn","PokerPlayerMod:Diamond3","PokerPlayerMod:FlyingCard"],"picked":"SKIP","floor":18},{"not_picked":["PokerPlayerMod:Raise+1","PokerPlayerMod:DiamondStrike+1"],"picked":"PokerPlayerMod:MagicTrick+1","floor":19},{"not_picked":["PokerPlayerMod:Configure","PokerPlayerMod:Heart1","PokerPlayerMod:Diamond4"],"picked":"SKIP","floor":21},{"not_picked":["PokerPlayerMod:Diamond1","PokerPlayerMod:Diamond4"],"picked":"PokerPlayerMod:CloakAndDiamond+1","floor":22},{"not_picked":["PokerPlayerMod:Spade2","PokerPlayerMod:Diamond5","PokerPlayerMod:CardPrinter"],"picked":"SKIP","floor":24},{"not_picked":["PokerPlayerMod:Diamond7","PokerPlayerMod:Trickery"],"picked":"PokerPlayerMod:Club7","floor":25},{"not_picked":["PokerPlayerMod:Diamond1","PokerPlayerMod:ClubShade","PokerPlayerMod:GamblerForm"],"picked":"SKIP","floor":27},{"not_picked":["PokerPlayerMod:DiamondStrike","PokerPlayerMod:Club1","PokerPlayerMod:Club2"],"picked":"SKIP","floor":31},{"not_picked":["PokerPlayerMod:Club7","PokerPlayerMod:GamblerForm"],"picked":"PokerPlayerMod:WildCard","floor":33},{"not_picked":["PokerPlayerMod:Trickery","PokerPlayerMod:DartThrow+1","PokerPlayerMod:Spade6"],"picked":"SKIP","floor":35},{"not_picked":["PokerPlayerMod:Diamond4","PokerPlayerMod:DiamondStrike+1","PokerPlayerMod:Spade2"],"picked":"SKIP","floor":37},{"not_picked":["PokerPlayerMod:Diamond6","PokerPlayerMod:FlyingCard","PokerPlayerMod:Diamond2"],"picked":"SKIP","floor":39},{"not_picked":["PokerPlayerMod:Configure+1","PokerPlayerMod:ClubShade","PokerPlayerMod:PoorCopy"],"picked":"SKIP","floor":41},{"not_picked":["PokerPlayerMod:MagicTrick","PokerPlayerMod:PoorCopy","PokerPlayerMod:Fold+1"],"picked":"SKIP","floor":42},{"not_picked":["PokerPlayerMod:ClubDance+1","PokerPlayerMod:DiamondStrike+1","PokerPlayerMod:Overdeal+1"],"picked":"SKIP","floor":45},{"not_picked":["Purity","PanicButton"],"picked":"Violence","floor":46},{"not_picked":["PokerPlayerMod:CardBurn","PokerPlayerMod:Spade4","PokerPlayerMod:FlyingCard+1"],"picked":"SKIP","floor":48}],"player_experience":1372130,"relics_obtained":[],"event_choices":[{"damage_healed":0,"gold_gain":0,"player_choice":"Ignored","damage_taken":0,"max_hp_gain":0,"max_hp_loss":0,"event_name":"Liars Game","floor":4,"gold_loss":0},{"damage_healed":0,"gold_gain":75,"player_choice":"Gather Gold","damage_taken":11,"max_hp_gain":0,"max_hp_loss":0,"event_name":"World of Goop","floor":10,"gold_loss":0},{"damage_healed":0,"gold_gain":100,"player_choice":"Pray","damage_taken":0,"max_hp_gain":0,"max_hp_loss":0,"event_name":"Golden Shrine","floor":13,"gold_loss":0},{"damage_healed":0,"gold_gain":0,"player_choice":"Memory 1","damage_taken":0,"max_hp_gain":0,"max_hp_loss":0,"event_name":"SensoryStone","floor":46,"gold_loss":0}],"is_beta":false,"boss_relics":[{"not_picked":[]},{"not_picked":[]}],"items_purged_floors":[5,20,29,36,38],"is_endless":false,"potions_floor_spawned":[1,3,14,16,19,22,33,42],"ascension_level":0}}