{"host":"c95txy58ipbu969e","time":1611383573,"event":{"mods":["Act Like it!","BaseMod","Downfall","Minty Spire (QoL Compilation)","Quick Restart","StSLib"],"gold_per_floor":[99,118,28,38,51,51,123,150,150,60,91,110,127,161,171,276,276,276,289,298,317,202,219,269,295,195,415,435,453,353,353,380,475,475,375,386,403,503,521,371,371,382,400,400,435,453,453,469,481,481,481,507,186,186,186,186],"floor_reached":57,"language":"ZHS","playtime":3868,"items_purged":["bronze:Flail","bronze:Strike","bronze:Strike","bronze:Strike","bronze:Strike"],"score":1153,"play_id":"26860d0a-95d6-4e7a-9f87-63addbc94fb6","local_time":"20210123143253","is_ascension_mode":false,"campfire_choices":[{"data":"bronze:Goto","floor":1.0,"key":"SMITH"},{"data":"bronze:Virus","floor":9.0,"key":"SMITH"},{"data":"bronze:SpaghettiCode","floor":18.0,"key":"SMITH"},{"floor":26.0,"key":"RECALL"},{"data":"bronze:Invalidate","floor":30.0,"key":"SMITH"},{"data":"bronze:Repair","floor":35.0,"key":"SMITH"},{"data":"bronze:Replicate","floor":47.0,"key":"SMITH"},{"data":"bronze:Replicate","floor":54.0,"key":"SMITH"}],"circlet_count":0,"master_deck":["bronze:Defend","bronze:Defend","bronze:Defend","bronze:Defend","bronze:Replicate+1","bronze:Goto+1","bronze:Invalidate+1","bronze:ChosenStrike","bronze:ChosenStrike","bronze:ChosenStrike","bronze:Virus+1","bronze:SpaghettiCode+1","bronze:Replicate+1","CurseOfTheBell","CurseOfTheBell","bronze:Repair+1"],"relics":["Philosopher\u0027s Stone","Pear","bronze:ProtectiveGoggles","Ice Cream","CeramicFish","Sozu","PreservedInsect","Orichalcum","downfall:HeartBlessingGreen","downfall:ExtraCursedBell","Centennial Puzzle","Singing Bowl","Dead Branch","downfall:HeartBlessingRed","SlaversCollar","downfall:HeartBlessingBlue","Potion Belt","Ornamental Fan","Mercury Hourglass","Nunchaku","White Beast Statue","Happy Flower"],"acts_visited":["Exordium","TheCity","TheBeyond","TheEnding"],"potions_floor_usage":[],"damage_taken":[{"damage":0.0,"enemies":"Cultist","floor":2.0,"turns":4.0},{"damage":5.0,"enemies":"downfall:FleeingMerchant","floor":3.0,"turns":4.0},{"damage":0.0,"enemies":"Small Slimes","floor":4.0,"turns":2.0},{"damage":7.0,"enemies":"Jaw Worm","floor":5.0,"turns":2.0},{"damage":28.0,"enemies":"Lagavulin","floor":8.0,"turns":6.0},{"damage":10.0,"enemies":"downfall:FleeingMerchant","floor":10.0,"turns":4.0},{"damage":10.0,"enemies":"3 Sentries","floor":11.0,"turns":7.0},{"damage":5.0,"enemies":"Red Slaver","floor":12.0,"turns":4.0},{"damage":0.0,"enemies":"Blue Slaver","floor":13.0,"turns":1.0},{"damage":0.0,"enemies":"Lagavulin","floor":14.0,"turns":2.0},{"damage":12.0,"enemies":"Exordium Wildlife","floor":15.0,"turns":2.0},{"damage":0.0,"enemies":"DF_ARCHETYPE_STREAMLINE","floor":16.0,"turns":3.0},{"damage":0.0,"enemies":"3 Byrds","floor":19.0,"turns":2.0},{"damage":0.0,"enemies":"Spheric Guardian","floor":21.0,"turns":3.0},{"damage":20.0,"enemies":"downfall:FleeingMerchant","floor":22.0,"turns":4.0},{"damage":10.0,"enemies":"Snake Plant","floor":23.0,"turns":3.0},{"damage":9.0,"enemies":"Book of Stabbing","floor":25.0,"turns":3.0},{"damage":0.0,"enemies":"downfall:FleeingMerchant","floor":27.0,"turns":1.0},{"damage":0.0,"enemies":"Centurion and Healer","floor":28.0,"turns":2.0},{"damage":0.0,"enemies":"Snecko","floor":32.0,"turns":2.0},{"damage":18.0,"enemies":"IC_MUSHROOM_ARCHETYPE","floor":33.0,"turns":4.0},{"damage":0.0,"enemies":"Orb Walker","floor":36.0,"turns":2.0},{"damage":4.0,"enemies":"3 Shapes","floor":37.0,"turns":3.0},{"damage":6.0,"enemies":"downfall:LadyInBlue","floor":38.0,"turns":2.0},{"damage":0.0,"enemies":"Spire Growth","floor":39.0,"turns":2.0},{"damage":0.0,"enemies":"3 Darklings","floor":42.0,"turns":2.0},{"damage":7.0,"enemies":"4 Shapes","floor":43.0,"turns":3.0},{"damage":0.0,"enemies":"Nemesis","floor":45.0,"turns":3.0},{"damage":0.0,"enemies":"Spire Growth","floor":46.0,"turns":2.0},{"damage":0.0,"enemies":"Sphere and 2 Shapes","floor":48.0,"turns":2.0},{"damage":0.0,"enemies":"Transient","floor":49.0,"turns":5.0},{"damage":56.0,"enemies":"WA_ARCHETYPE_DIVINITY","floor":50.0,"turns":4.0},{"damage":0.0,"enemies":"downfall:CharBossMerchant","floor":52.0,"turns":3.0},{"damage":54.0,"enemies":"downfall:NeowBoss","floor":55.0,"turns":10.0},{"damage":0,"enemies":"downfall:NeowBoss","floor":56,"turns":10}],"seed_played":"2251694175533818148","potions_obtained":[{"floor":4.0,"key":"SpeedPotion"},{"floor":5.0,"key":"Swift Potion"},{"floor":13.0,"key":"bronze:BurnAndBuffPotion"},{"floor":14.0,"key":"Swift Potion"},{"floor":16.0,"key":"Fire Potion"}],"is_trial":false,"path_per_floor":["R","M","$","M","M","?","T","E","R","$","E","M","M","E","M","B",null,"R","M","?","M","$","M","T","E","R","$","M","?","R","T","M","B",null,"R","M","M","?","M","$","T","M","M","?","E","M","R","M","M","B",null,"E","$","R","B","B",null],"character_chosen":"THE_AUTOMATON","items_purchased":["bronze:ChosenStrike","Happy Flower"],"campfire_rested":0,"item_purchase_floors":[3,53],"current_hp_per_floor":[70,70,65,65,58,58,68,40,40,30,20,15,15,15,3,3,80,80,80,80,80,60,50,50,41,41,41,41,41,41,41,41,32,82,92,94,92,98,100,100,100,102,97,97,106,108,108,110,112,56,112,114,114,114,80,90],"gold":186,"neow_bonus":"BOSS_RELIC","is_daily":false,"chose_seed":false,"campfire_upgraded":7,"win_rate":0.0,"timestamp":1611383573,"path_taken":["R","M","?","M","M","?","T","E","R","$","E","M","M","E","M","BOSS","R","M","?","M","$","?","T","E","R","$","M","?","R","?","M","BOSS","R","M","M","?","M","$","T","M","?","?","E","M","R","M","M","BOSS","E","$","R","BOSS","BOSS"],"items_purchased_type":["Card","Relic"],"build_version":"2020-12-22","purchased_purges":5,"victory":true,"max_hp_per_floor":[70,70,70,70,70,70,80,80,80,80,80,80,80,80,80,80,80,80,80,80,80,80,80,80,80,80,80,80,80,80,80,80,82,82,92,94,96,98,100,100,100,102,104,104,106,108,108,110,112,112,112,114,114,114,114,114],"card_choices":[{"not_picked":["bronze:BugBarrage","bronze:Deprecate"],"picked":"bronze:Flail","floor":2.0},{"not_picked":["bronze:OilSpill","bronze:Frontload"],"picked":"bronze:Invalidate","floor":3.0},{"not_picked":["bronze:Repulsor","bronze:BronzeOrb"],"picked":"bronze:ChosenStrike","floor":4.0},{"not_picked":["bronze:BronzeArmor","bronze:GetLatest"],"picked":"bronze:ChosenStrike","floor":5.0},{"not_picked":["bronze:DelayedGuard","bronze:BronzeArmor"],"picked":"bronze:Virus","floor":8.0},{"not_picked":["bronze:Iterate","bronze:WhirlingStrike","bronze:BitShift"],"picked":"SKIP","floor":10.0},{"not_picked":["bronze:BugBarrage","bronze:GetLatest","bronze:Boost"],"picked":"SKIP","floor":11.0},{"not_picked":["bronze:Allocate","bronze:NullPointer","bronze:BugBarrage"],"picked":"SKIP","floor":12.0},{"not_picked":["bronze:Optimize","bronze:BugBarrage","bronze:BitShift"],"picked":"SKIP","floor":13.0},{"not_picked":["bronze:RecursiveStrike","bronze:Constructor","bronze:OilSpill"],"picked":"SKIP","floor":14.0},{"not_picked":["bronze:DarkDash","bronze:Iterate","bronze:BuggyMess"],"picked":"SKIP","floor":15.0},{"not_picked":["bronze:Assembly","bronze:ThunderWave"],"picked":"bronze:SpaghettiCode","floor":16.0},{"not_picked":["bronze:BuggyMess","bronze:DelayedSlice","bronze:Iterate"],"picked":"SKIP","floor":19.0},{"not_picked":["bronze:Constructor","bronze:ClassDefault+1","bronze:BitShift"],"picked":"SKIP","floor":21.0},{"not_picked":["bronze:Separator","bronze:Overheat","bronze:Invalidate"],"picked":"SKIP","floor":22.0},{"not_picked":["bronze:ChosenStrike+1","bronze:Separator","bronze:BuggyMess"],"picked":"SKIP","floor":23.0},{"not_picked":["bronze:FineTuning+1","bronze:BitShift+1","bronze:DelayedGuard"],"picked":"SKIP","floor":25.0},{"not_picked":["bronze:Frontload+1","bronze:Shell","bronze:BronzeArmor"],"picked":"SKIP","floor":27.0},{"not_picked":["bronze:FindAndReplace","bronze:Shell","bronze:Branch"],"picked":"SKIP","floor":28.0},{"not_picked":["bronze:WhirlingStrike","bronze:DelayedGuard"],"picked":"bronze:Repair","floor":32.0},{"not_picked":["bronze:AlphaBuild","bronze:Virus","bronze:BurnOut"],"picked":"Singing Bowl","floor":33.0},{"not_picked":["bronze:BugBarrage+1","bronze:WhirlingStrike","bronze:CloningBeam+1"],"picked":"Singing Bowl","floor":36.0},{"not_picked":["bronze:DigitalCarnage+1","bronze:OilSpill","bronze:Iterate"],"picked":"Singing Bowl","floor":37.0},{"not_picked":["bronze:Overload","bronze:DelayedSlice","bronze:CloningBeam"],"picked":"Singing Bowl","floor":38.0},{"not_picked":["bronze:FineTuning","bronze:Frontload","bronze:ItsAFeature"],"picked":"Singing Bowl","floor":39.0},{"not_picked":["bronze:DelayedSlice+1","bronze:Branch+1","bronze:SpaghettiCode"],"picked":"Singing Bowl","floor":42.0},{"not_picked":["bronze:WildBeam+1","bronze:Invalidate+1","bronze:Shield"],"picked":"Singing Bowl","floor":43.0},{"not_picked":["bronze:Turbo+1","bronze:OilSpill","bronze:DelayedSlice+1"],"picked":"Singing Bowl","floor":45.0},{"not_picked":["bronze:ItsAFeature","bronze:Invalidate+1","bronze:BugBarrage+1"],"picked":"Singing Bowl","floor":46.0},{"not_picked":["bronze:Branch","bronze:DelayedGuard+1","bronze:Safeguard"],"picked":"Singing Bowl","floor":48.0},{"not_picked":["bronze:FineTuning+1","bronze:ChosenStrike+1","bronze:Flail"],"picked":"Singing Bowl","floor":49.0},{"not_picked":["bronze:Deprecate+1","bronze:Shield","bronze:Flail"],"picked":"Singing Bowl","floor":52.0}],"player_experience":498294,"relics_obtained":[{"floor":7.0,"key":"Pear"},{"floor":8.0,"key":"bronze:ProtectiveGoggles"},{"floor":11.0,"key":"Ice Cream"},{"floor":14.0,"key":"CeramicFish"},{"floor":24.0,"key":"PreservedInsect"},{"floor":25.0,"key":"Orichalcum"},{"floor":29.0,"key":"Centennial Puzzle"},{"floor":29.0,"key":"Singing Bowl"},{"floor":29.0,"key":"Dead Branch"},{"floor":38.0,"key":"Potion Belt"},{"floor":41.0,"key":"Ornamental Fan"},{"floor":44.0,"key":"Mercury Hourglass"},{"floor":45.0,"key":"Nunchaku"},{"floor":52.0,"key":"White Beast Statue"}],"event_choices":[],"is_beta":false,"boss_relics":[{"not_picked":["Fusion Hammer","Tiny House"],"picked":"Sozu"},{"not_picked":["SacredBark","Velvet Choker"],"picked":"SlaversCollar"}],"items_purged_floors":[10,22,27,40,53],"is_endless":false,"potions_floor_spawned":[4,5,13,14,16,21,23,25,33,42,43,45,46,52],"ascension_level":0}}