{"host":"9l4mw5jqza9qz9hr","time":1611408189,"event":{"mods":["AchievementEnabler","Always Whale","BaseMod","Colored Map","Minty Spire (QoL Compilation)","StSLib","SuperFastMode"],"gold_per_floor":[113,113,123,141,153,153,188,188,188,203,222,236,206,217,217,217,217],"floor_reached":16,"language":"KOR","playtime":480,"items_purged":[],"score":179,"play_id":"623addd8-1e3a-4cef-bf0f-c4bef834c940","local_time":"20210123222309","is_ascension_mode":true,"campfire_choices":[{"data":"Strike_B","floor":6,"key":"PURGE"},{"floor":8,"key":"REST"},{"data":"Strike_B","floor":15,"key":"PURGE"}],"circlet_count":0,"master_deck":["AscendersBane","Strike_B","Strike_B","Defend_B","Defend_B","Defend_B","Defend_B","Zap","Dualcast","Melter","Glacier","Barrage","Storm","Conserve Battery","Heatsinks","Tempest","Chill"],"relics":["Cracked Core","Peace Pipe","Spirit Poop","Ancient Tea Set","Pantograph"],"acts_visited":["Exordium"],"potions_floor_usage":[5,11,11,16],"damage_taken":[{"damage":0,"enemies":"Small Slimes","floor":1,"turns":3},{"damage":11,"enemies":"Cultist","floor":3,"turns":4},{"damage":0,"enemies":"Jaw Worm","floor":4,"turns":3},{"damage":8,"enemies":"Lots of Slimes","floor":5,"turns":4},{"damage":41,"enemies":"Gremlin Nob","floor":7,"turns":6},{"damage":5,"enemies":"Blue Slaver","floor":10,"turns":4},{"damage":12,"enemies":"Exordium Thugs","floor":11,"turns":5},{"damage":1,"enemies":"2 Fungi Beasts","floor":12,"turns":3},{"damage":1,"enemies":"Looter","floor":14,"turns":3},{"damage":34,"enemies":"Hexaghost","floor":16,"turns":11}],"seed_played":"8475203541815773144","potions_obtained":[{"floor":3,"key":"SkillPotion"},{"floor":5,"key":"Ancient Potion"},{"floor":10,"key":"Block Potion"},{"floor":11,"key":"FearPotion"},{"floor":13,"key":"Fire Potion"},{"floor":13,"key":"FocusPotion"}],"is_trial":false,"path_per_floor":["M","?","M","M","M","R","E","R","T","M","M","M","?","M","R","B"],"character_chosen":"DEFECT","items_purchased":[],"campfire_rested":1,"item_purchase_floors":[],"current_hp_per_floor":[64,64,53,53,45,45,4,25,25,20,8,7,7,6,6,0,0],"gold":217,"neow_bonus":"ONE_RARE_RELIC","is_daily":false,"chose_seed":false,"campfire_upgraded":0,"win_rate":0.0,"timestamp":1611408189,"path_taken":["M","?","?","M","M","R","E","R","T","M","?","M","?","M","R","BOSS"],"items_purchased_type":[],"build_version":"2020-12-22","purchased_purges":0,"victory":false,"max_hp_per_floor":[71,71,71,71,71,71,71,71,71,71,71,71,71,71,71,71,71],"card_choices":[{"not_picked":["Recycle","Stack"],"picked":"Melter","floor":1},{"not_picked":["Stack","Streamline"],"picked":"Glacier","floor":3},{"not_picked":["Undo","Turbo"],"picked":"Barrage","floor":4},{"not_picked":["Recycle","Redo"],"picked":"Storm","floor":5},{"not_picked":["Sweeping Beam","Redo"],"picked":"Conserve Battery","floor":7},{"not_picked":["Stack","Go for the Eyes"],"picked":"Heatsinks","floor":10},{"not_picked":["Stack","Skim","Gash"],"picked":"SKIP","floor":11},{"not_picked":["Rainbow","Hello World"],"picked":"Tempest","floor":12},{"not_picked":["Stack","Conserve Battery"],"picked":"Chill","floor":14}],"player_experience":236205,"relics_obtained":[{"floor":7,"key":"Ancient Tea Set"},{"floor":9,"key":"Pantograph"}],"event_choices":[{"cards_removed":["Writhe"],"damage_healed":0,"gold_gain":0,"player_choice":"Offered Curse","damage_taken":0,"relics_obtained":["Spirit Poop"],"max_hp_gain":0,"max_hp_loss":0,"event_name":"Bonfire Elementals","floor":2,"gold_loss":0},{"damage_healed":0,"gold_gain":0,"player_choice":"Bought 2 Potions","damage_taken":0,"max_hp_gain":0,"max_hp_loss":0,"event_name":"The Woman in Blue","floor":13,"gold_loss":0}],"is_beta":false,"boss_relics":[],"items_purged_floors":[],"is_endless":false,"potions_floor_spawned":[3,5,10,11],"killed_by":"Hexaghost","ascension_level":14}}