{"host":"f400onr2g6b8rzrw","time":1611380242,"event":{"mods":["AchievementEnabler","Aspiration","BaseMod","Better Altar","Better Match","Better Note","Better Sensory Stone","Better Skull","Better Third Choice","Block Reminder","Colored Powertips","Curses Come First","Hermit","Minty Spire (QoL Compilation)","Relic Stats","Replay The Spire","Robot Space Explorer","Spicy Shops","StSLib","The Blue Laboratory","Wandering Minibosses","vexMod"],"gold_per_floor":[116,86,105,125,63,94,94,112,112,112,37,37,55,4,4,104,104,124,124,49,94,40,40,60,77,104,104,104,131,148,162,162,162,162],"floor_reached":33,"language":"ENG","playtime":2108,"items_purged":["Pain"],"score":245,"play_id":"508fdb7b-a35d-4650-9ddf-3618722d1d21","local_time":"20210123160722","is_ascension_mode":false,"campfire_choices":[{"floor":7,"key":"REST"},{"floor":10,"key":"REST"},{"data":"WheelKick","floor":15,"key":"SMITH"},{"floor":23,"key":"REST"},{"floor":28,"key":"REST"},{"floor":32,"key":"REST"}],"circlet_count":0,"master_deck":["Strike_P","Strike_P","Strike_P","Strike_P","Defend_P","Defend_P","Defend_P+1","Defend_P","Eruption","Vigilance","FollowUp","SashWhip","WheelKick+1","ForeignInfluence","ForeignInfluence","MasterReality","FollowUp","Swivel","Replay:DivineShield+1","Defend_P","ForeignInfluence"],"relics":["HolyWater","NeowsBlessing","Centennial Puzzle","Boot","Pantograph","ReplayTheSpireMod:TigerMarble","War Paint","Pet Ghost"],"acts_visited":["Exordium","TheCity"],"potions_floor_usage":[6,6,6,16,16],"damage_taken":[{"damage":0,"enemies":"Small Slimes","floor":1,"turns":1},{"damage":0,"enemies":"Cultist","floor":3,"turns":1},{"damage":0,"enemies":"Jaw Worm","floor":4,"turns":1},{"damage":51,"enemies":"3 Sentries","floor":6,"turns":9},{"damage":3,"enemies":"Exordium Thugs","floor":8,"turns":3},{"damage":7,"enemies":"2 Fungi Beasts","floor":13,"turns":4},{"damage":55,"enemies":"The Guardian","floor":16,"turns":11},{"damage":24,"enemies":"Shell Parasite","floor":18,"turns":4},{"damage":21,"enemies":"Spheric Guardian","floor":24,"turns":4},{"damage":16,"enemies":"Centurion and Healer","floor":25,"turns":4},{"damage":6,"enemies":"Snecko","floor":30,"turns":8},{"damage":20,"enemies":"Cultist and Chosen","floor":31,"turns":8},{"damage":73,"enemies":"Automaton","floor":33,"turns":8}],"seed_played":"5005307640270264820","potions_obtained":[{"floor":1,"key":"blueLaboratory:BubblePotion"},{"floor":2,"key":"blueLaboratory:HummingbirdPotion"},{"floor":2,"key":"SkillPotion"},{"floor":8,"key":"LifebloodPotion"},{"floor":18,"key":"blueLaboratory:EnragingPotion"}],"is_trial":false,"path_per_floor":["M","?","M","M","$","E","R","M","T","R","?","$","M","$","R","B",null,"M","?","$","T","$","R","M","M","T","?","R","T","M","M","R","B"],"character_chosen":"WATCHER","items_purchased":["Centennial Puzzle","Dexterity Potion","FollowUp"],"campfire_rested":5,"item_purchase_floors":[5,14,22],"current_hp_per_floor":[72,72,72,72,72,21,42,39,39,60,60,60,53,53,53,17,72,48,48,48,48,48,69,48,32,32,32,53,53,47,27,48,0,0],"gold":162,"neow_bonus":"THREE_ENEMY_KILL","is_daily":false,"chose_seed":false,"campfire_upgraded":1,"win_rate":0.0,"timestamp":1611380242,"path_taken":["M","?","?","M","$","E","R","M","T","R","?","?","M","$","R","BOSS","M","?","$","?","?","R","?","M","T","?","R","?","M","M","R","BOSS"],"items_purchased_type":["Relic","Potion","Card"],"build_version":"2020-12-22","purchased_purges":1,"victory":false,"max_hp_per_floor":[72,72,72,72,72,72,72,72,72,72,72,72,72,72,72,72,72,72,72,72,72,72,72,72,72,72,72,72,72,72,72,72,72,72],"relic_stats":{"Centennial Puzzle":[30],"counters":[13,66],"Pantograph":43,"War Paint":["Defend_P","Replay:DivineShield"],"Boot":[12],"obtain_stats":[{"Centennial Puzzle":5,"NeowsBlessing":0,"Pantograph":9,"HolyWater":17,"ReplayTheSpireMod:TigerMarble":19,"PureWater":0,"War Paint":26,"Boot":6,"Pet Ghost":29},{"Centennial Puzzle":3,"NeowsBlessing":0,"Pantograph":5,"HolyWater":7,"ReplayTheSpireMod:TigerMarble":8,"PureWater":0,"War Paint":10,"Boot":4,"Pet Ghost":10},{"Centennial Puzzle":3,"NeowsBlessing":0,"Pantograph":15,"HolyWater":30,"ReplayTheSpireMod:TigerMarble":34,"PureWater":0,"War Paint":42,"Boot":12,"Pet Ghost":42}]},"card_choices":[{"not_picked":["CrushJoints","BowlingBash"],"picked":"FollowUp","floor":1},{"not_picked":["BattleHymn","Evaluate"],"picked":"SashWhip","floor":3},{"not_picked":["MentalFortress","CutThroughFate","Replay:Vibes"],"picked":"SKIP","floor":4},{"not_picked":["Wallop","Perseverance"],"picked":"WheelKick","floor":6},{"not_picked":["CrushJoints","BowlingBash"],"picked":"ForeignInfluence","floor":8},{"not_picked":["SashWhip","Crescendo"],"picked":"ForeignInfluence","floor":13},{"not_picked":["Establishment","Scrawl"],"picked":"MasterReality","floor":16},{"not_picked":["Replay:BluntJabs+1","SashWhip","Prostrate+1"],"picked":"SKIP","floor":18},{"not_picked":["CarveReality","CutThroughFate"],"picked":"Swivel","floor":24},{"not_picked":["Sanctity","Replay:AtTheReady"],"picked":"Replay:DivineShield","floor":25},{"not_picked":["Replay:Battleflow+1","FlurryOfBlows","Wireheading+1"],"picked":"SKIP","floor":30},{"not_picked":["Evaluate","InnerPeace"],"picked":"ForeignInfluence","floor":31}],"player_experience":514893,"relics_obtained":[{"floor":6,"key":"Boot"},{"floor":9,"key":"Pantograph"},{"floor":26,"key":"War Paint"},{"floor":29,"key":"Pet Ghost"}],"event_choices":[{"damage_healed":0,"gold_gain":0,"player_choice":"Bought 2 Potions","damage_taken":0,"max_hp_gain":0,"max_hp_loss":0,"event_name":"The Woman in Blue","floor":2,"gold_loss":0},{"damage_healed":0,"gold_gain":0,"player_choice":"3","damage_taken":0,"max_hp_gain":0,"max_hp_loss":0,"event_name":"betterMatch:BetterMatch","floor":11,"gold_loss":0,"cards_obtained":[]},{"damage_healed":0,"gold_gain":0,"player_choice":"Gave Potion","damage_taken":0,"relics_obtained":["ReplayTheSpireMod:TigerMarble"],"max_hp_gain":0,"max_hp_loss":0,"event_name":"WeMeetAgain","floor":19,"gold_loss":0},{"cards_removed":["Defend_P"],"damage_healed":0,"gold_gain":0,"player_choice":"Take \u0026 Give","damage_taken":0,"max_hp_gain":0,"max_hp_loss":0,"event_name":"betterNote:BetterNote","floor":27,"gold_loss":0,"cards_obtained":["Defend_P"]}],"is_beta":false,"boss_relics":[{"not_picked":["vexMod:DeviousBotling","Sozu"],"picked":"HolyWater"}],"items_purged_floors":[20],"is_endless":false,"potions_floor_spawned":[1,4,8,18],"killed_by":"Automaton","ascension_level":0}}