{"host":"mb7itejek3z0coku","time":1611389128,"event":{"mods":["AchievementEnabler","Act Like it!","BaseMod","Downfall","Hubris","Minty Spire (QoL Compilation)","StSLib","Td1madao Mod","The Hierophant","Wandering Minibosses"],"gold_per_floor":[99,113,113,113,126,143,143,143,155,55,230,230,241,341,353,353,353,353],"floor_reached":16,"language":"ENG","playtime":1303,"items_purged":["Doubt"],"score":92,"play_id":"2ac0aebe-31fd-4762-b380-4f66534cd8b5","local_time":"20210123000528","is_ascension_mode":false,"campfire_choices":[{"floor":1,"key":"RECALL"},{"floor":10,"key":"REST"}],"circlet_count":0,"master_deck":["hexamod:Strike","hexamod:Strike","hexamod:Strike","hexamod:Strike","hexamod:Defend","hexamod:Defend","hexamod:Defend","hexamod:Defend","hexamod:Sear","hexamod:Float","hexamod:ShieldOfDarkness+1","hexamod:SoulSteal","hexamod:Firestarter","hexamod:StepThrough","hexamod:GhostOfSpirePresent"],"relics":["hexamod:SpiritBrand","hubris:Metronome","downfall:HeartBlessingRed","hubris:FruitBowl","Singing Bowl"],"acts_visited":["Exordium"],"potions_floor_usage":[9,16],"damage_taken":[{"damage":0,"enemies":"Cultist","floor":2,"turns":4},{"damage":0,"enemies":"Small Slimes","floor":5,"turns":3},{"damage":2,"enemies":"2 Louse","floor":6,"turns":3},{"damage":0,"enemies":"Exordium Wildlife","floor":9,"turns":4},{"damage":0,"enemies":"Lots of Slimes","floor":13,"turns":3},{"damage":2,"enemies":"Blue Slaver","floor":15,"turns":3},{"damage":41,"enemies":"WA_ARCHETYPE_RETAIN","floor":16,"turns":10}],"seed_played":"-6061102781197837135","potions_obtained":[{"floor":2,"key":"Swift Potion"},{"floor":6,"key":"GamblersBrew"}],"is_trial":false,"path_per_floor":["R","M","?","?","M","M","T","?","M","R","?","$","M","?","M","B"],"character_chosen":"THE_SPIRIT","items_purchased":["hubris:FruitBowl","Singing Bowl"],"campfire_rested":1,"item_purchase_floors":[12,12],"current_hp_per_floor":[77,77,77,77,77,75,75,57,57,77,77,37,40,40,38,0,0,0],"gold":353,"neow_bonus":"TEN_PERCENT_HP_BONUS","is_daily":false,"chose_seed":false,"campfire_upgraded":0,"win_rate":0.0,"timestamp":1611389128,"path_taken":["R","M","?","?","?","M","T","?","M","R","?","?","M","?","M","BOSS"],"items_purchased_type":["Relic","Relic"],"build_version":"2020-12-22","purchased_purges":1,"victory":false,"max_hp_per_floor":[77,77,77,77,77,77,77,77,77,77,77,77,80,80,80,80,80,80],"card_choices":[{"not_picked":["hexamod:NightmareGuise","hexamod:InspiringFlames"],"picked":"hexamod:ShieldOfDarkness","floor":2},{"not_picked":["hexamod:AdvancingGuard","hexamod:ShieldOfDarkness"],"picked":"hexamod:SoulSteal","floor":5},{"not_picked":["hexamod:ShieldOfDarkness","hexamod:InspiringFlames"],"picked":"hexamod:Firestarter","floor":6},{"not_picked":["hexamod:EmpoweredFlame","hexamod:SpectersWail"],"picked":"hexamod:StepThrough","floor":9},{"not_picked":["hexamod:BacktrackSmack","hexamod:Firestarter","hexamod:ThermalTransfer"],"picked":"Singing Bowl","floor":13},{"not_picked":["hexamod:Incineration","hexamod:GhostLash"],"picked":"hexamod:GhostOfSpirePresent","floor":15}],"player_experience":123020,"relics_obtained":[],"event_choices":[{"damage_healed":0,"gold_gain":0,"player_choice":"Success","damage_taken":18,"relics_obtained":["hubris:Metronome"],"max_hp_gain":0,"max_hp_loss":0,"event_name":"Scrap Ooze","floor":8,"gold_loss":0}],"is_beta":false,"boss_relics":[],"items_purged_floors":[12],"is_endless":false,"potions_floor_spawned":[2,6],"killed_by":"WA_ARCHETYPE_RETAIN","ascension_level":0}}