{"host":"BinaryLev","time":1611434494,"event":{"mods":["BaseMod","Colored Map","Colored Powertips","Conspire","DeckTracker","Downfall","Highlight Path","Infinite Spire","Minty Spire (QoL Compilation)","Quick Restart","Random Character Button","Relic Sorter","Relic Stats","StSLib","The Animator","The Blue Laboratory"],"gold_per_floor":[125,125,125,144,62,62,104,104,130,130,101,131,131,6,6,115,115,126,126,51,51,51,51,67,104,104,104,118,19,33,33,33,128,128,141,41,112,78,91,91,91,124,124,124,124],"floor_reached":44,"language":"ENG","playtime":2569,"items_purged":[],"score":461,"play_id":"b710d00f-4682-45a7-b470-62bbf46670ea","local_time":"20210124014134","is_ascension_mode":false,"campfire_choices":[{"data":"animator:Darkness","floor":6,"key":"SMITH"},{"data":"animator:Mitsurugi","floor":8,"key":"SMITH"},{"floor":10,"key":"REST"},{"data":"animator:Aqua","floor":13,"key":"SMITH"},{"data":"animator:Kazuma","floor":15,"key":"SMITH"},{"data":"animator:Wiz","floor":23,"key":"SMITH"},{"data":"animator:PinaCoLada","floor":27,"key":"SMITH"},{"data":"animator:Aqua","floor":32,"key":"SMITH"},{"data":"animator:Darkness","floor":41,"key":"SMITH"}],"circlet_count":0,"master_deck":["animator:Strike_Konosuba","animator:Defend_Konosuba","animator:Strike","animator:Strike","animator:Strike","animator:Defend","animator:Defend","animator:Kazuma+1","animator:Aqua+1","animator:Megumin+14","animator:Darkness+1","animator:Mitsurugi+1","animator:Wiz+1","animator:Kazuma+1","animator:Aqua+1","animator:PinaCoLada+1","animator:YunYun","animator:Vanir","animator:Darkness+1"],"relics":["animator:VividPicture","animator:TheMissingPiece","Juzu Bracelet","Darkstone Periapt","Blood Vial","Nloth\u0027s Gift","InkBottle","conspire:GlowingRock","CloakClasp","animator:HolyGrailRelic","infinitespire:Magic Flask","Pocketwatch","SacredBark","Lizard Tail","infinitespire:ShieldingShard"],"acts_visited":["Exordium","TheCity","TheBeyond"],"potions_floor_usage":[16,16,30,30,33,37,37,37,44],"damage_taken":[{"damage":12,"enemies":"Cultist","floor":1,"turns":7},{"damage":5,"enemies":"Jaw Worm","floor":4,"turns":4},{"damage":38,"enemies":"conspire:MimicChest","floor":7,"turns":11},{"damage":36,"enemies":"The Guardian","floor":16,"turns":15},{"damage":6,"enemies":"conspire:FuzzyDice","floor":18,"turns":9},{"damage":3,"enemies":"Spheric Guardian","floor":24,"turns":4},{"damage":3,"enemies":"conspire:Head Lice","floor":25,"turns":12},{"damage":0,"enemies":"Snecko","floor":28,"turns":5},{"damage":12,"enemies":"3 Cultists","floor":30,"turns":4},{"damage":4,"enemies":"conspire:MysteriousRune","floor":33,"turns":9},{"damage":12,"enemies":"3 Darklings","floor":35,"turns":5},{"damage":26,"enemies":"2 Orb Walkers","floor":37,"turns":4},{"damage":1,"enemies":"Orb Walker","floor":39,"turns":4},{"damage":79,"enemies":"Nightmare","floor":42,"turns":9},{"damage":0,"enemies":"infinitespire:Three Voidlings","floor":44,"turns":1},{"damage":90,"enemies":"Nightmare_Alpha","floor":44,"turns":13}],"seed_played":"-5305396163067878554","potions_obtained":[{"floor":25,"key":"Regen Potion"},{"floor":35,"key":"conspire:TimeTravelPotion"},{"floor":42,"key":"blueLaboratory:EnragingPotion"}],"is_trial":false,"path_per_floor":["M","T","$","M","$","R","?","R","T","R","?","?","R","$","R","B",null,"M","?","?","?","?","R","M","E","T","R","M","$","M","?","R","B",null,"M","$","?","$","M","AVR","R","NM","T","?"],"character_chosen":"THE_ANIMATOR","items_purchased":["animator:Darkness","blueLaboratory:FruitPunch","LiquidBronze","Explosive Potion","blueLaboratory:LouseDecoction","Energy Potion","Strength Potion","animator:Darkness"],"campfire_rested":1,"item_purchase_floors":[5,14,14,29,29,36,36,38],"current_hp_per_floor":[55,55,55,52,52,52,17,17,17,37,37,37,37,37,37,8,69,63,63,63,63,63,63,65,69,69,69,69,69,65,53,53,73,82,79,79,87,87,89,89,89,18,18,0,0],"gold":124,"neow_bonus":"RANDOM_COMMON_RELIC","is_daily":false,"chose_seed":false,"campfire_upgraded":8,"win_rate":0.0,"timestamp":1611434494,"path_taken":["M","?","?","M","$","R","?","R","T","R","?","?","R","?","R","BOSS","M","?","?","?","?","R","M","E","T","R","M","$","M","?","R","BOSS","M","$","?","?","M","AVR","R","NM","T","?"],"items_purchased_type":["Card","Potion","Potion","Potion","Potion","Potion","Potion","Card"],"build_version":"2020-12-18","purchased_purges":0,"victory":false,"max_hp_per_floor":[66,66,66,66,66,66,67,67,67,67,67,67,67,67,67,69,69,69,69,69,69,69,69,69,69,69,69,69,69,69,74,74,74,82,85,85,87,87,89,89,89,91,91,93,93],"relic_stats":{"Darkstone Periapt":0,"Blood Vial":14,"Lizard Tail":46,"counters":[16,116],"Juzu Bracelet":2,"Nloth\u0027s Gift":6,"CloakClasp":[150],"obtain_stats":[{"Darkstone Periapt":2,"animator:TheMissingPiece":0,"SacredBark":40,"Juzu Bracelet":0,"CloakClasp":26,"infinitespire:Magic Flask":37,"Blood Vial":7,"Dream Catcher":9,"conspire:GlowingRock":25,"animator:HolyGrailRelic":34,"Lizard Tail":42,"infinitespire:ShieldingShard":43,"animator:LivingPicture":0,"Nloth\u0027s Gift":21,"animator:VividPicture":17,"InkBottle":22,"Pocketwatch":40},{"Darkstone Periapt":1,"animator:TheMissingPiece":0,"SacredBark":13,"Juzu Bracelet":0,"CloakClasp":7,"infinitespire:Magic Flask":12,"Blood Vial":3,"Dream Catcher":3,"conspire:GlowingRock":7,"animator:HolyGrailRelic":10,"Lizard Tail":14,"infinitespire:ShieldingShard":14,"animator:LivingPicture":0,"Nloth\u0027s Gift":5,"animator:VividPicture":4,"InkBottle":5,"Pocketwatch":13},{"Darkstone Periapt":7,"animator:TheMissingPiece":0,"SacredBark":93,"Juzu Bracelet":0,"CloakClasp":62,"infinitespire:Magic Flask":89,"Blood Vial":22,"Dream Catcher":22,"conspire:GlowingRock":62,"animator:HolyGrailRelic":80,"Lizard Tail":102,"infinitespire:ShieldingShard":102,"animator:LivingPicture":0,"Nloth\u0027s Gift":46,"animator:VividPicture":37,"InkBottle":46,"Pocketwatch":93}],"InkBottle":[33],"Pocketwatch":[8]},"card_choices":[{"not_picked":["animator:SayakaMiki","animator:Bozes"],"picked":"animator:Megumin","floor":1},{"not_picked":["animator:Rider","animator:ShinjiMatou","animator:Spearman"],"picked":"SKIP","floor":4},{"not_picked":["animator:Verdia","animator:DwarfShaman"],"picked":"animator:Mitsurugi","floor":7},{"not_picked":["animator:Vanir","animator:MamiTomoe"],"picked":"animator:Megumin","floor":10},{"not_picked":["animator:Kyubey","animator:Gilgamesh"],"picked":"animator:Wiz","floor":16},{"not_picked":["animator:YuiTsuruno","animator:SuzuneAmano+1"],"picked":"animator:Kazuma+1","floor":18},{"not_picked":["animator:Darkness","animator:Vanir"],"picked":"animator:Aqua","floor":24},{"not_picked":["animator:Wiz","animator:CowGirl+1"],"picked":"animator:PinaCoLada","floor":25},{"not_picked":["animator:CowGirl+1","animator:RoryMercury+1","animator:Tyuule"],"picked":"SKIP","floor":28},{"not_picked":["animator:NarberalGamma","animator:TukaLunaMarceau","animator:Saitama"],"picked":"SKIP","floor":30},{"not_picked":["animator:Verdia","animator:Mitsurugi"],"picked":"animator:YunYun","floor":35},{"not_picked":["animator:Spearman","animator:Demiurge"],"picked":"animator:Vanir","floor":37},{"not_picked":["animator:Sebas","animator:Arpeggio"],"picked":"animator:Megumin","floor":39},{"not_picked":["animator:Demiurge","animator:SayakaMiki","animator:Wiz"],"picked":"SKIP","floor":42}],"player_experience":1470139,"relics_obtained":[{"floor":2,"key":"Darkstone Periapt"},{"floor":7,"key":"Blood Vial"},{"floor":9,"key":"Dream Catcher"},{"floor":25,"key":"conspire:GlowingRock"},{"floor":26,"key":"CloakClasp"},{"floor":37,"key":"infinitespire:Magic Flask"},{"floor":42,"key":"Lizard Tail"},{"floor":43,"key":"infinitespire:ShieldingShard"}],"event_choices":[{"damage_healed":0,"gold_gain":0,"player_choice":"Left Gold","damage_taken":0,"max_hp_gain":0,"max_hp_loss":0,"event_name":"World of Goop","floor":11,"gold_loss":29},{"damage_healed":0,"gold_gain":30,"player_choice":"Searched \u00272\u0027 times","damage_taken":0,"max_hp_gain":0,"max_hp_loss":0,"event_name":"Dead Adventurer","floor":12,"gold_loss":0},{"damage_healed":0,"gold_gain":0,"player_choice":"Ignored","damage_taken":0,"max_hp_gain":0,"max_hp_loss":0,"event_name":"NoteForYourself","floor":19,"gold_loss":0},{"cards_removed":["animator:Defend"],"damage_healed":0,"gold_gain":0,"player_choice":"Gave Gold","damage_taken":0,"max_hp_gain":0,"max_hp_loss":0,"event_name":"Beggar","floor":20,"gold_loss":75},{"damage_healed":0,"gold_gain":0,"player_choice":"Traded Relic","damage_taken":0,"relics_obtained":["Nloth\u0027s Gift"],"max_hp_gain":0,"max_hp_loss":0,"event_name":"N\u0027loth","floor":21,"relics_lost":["Dream Catcher"],"gold_loss":0},{"damage_healed":0,"gold_gain":0,"player_choice":"Opened","damage_taken":0,"relics_obtained":["InkBottle"],"max_hp_gain":0,"max_hp_loss":0,"event_name":"The Mausoleum","floor":22,"gold_loss":0},{"damage_healed":0,"gold_gain":0,"player_choice":"Shed Blood","damage_taken":17,"max_hp_gain":5,"max_hp_loss":0,"event_name":"Forgotten Altar","floor":31,"gold_loss":0},{"damage_healed":0,"gold_gain":0,"player_choice":"Fight","damage_taken":0,"max_hp_gain":0,"max_hp_loss":0,"event_name":"Mysterious Sphere","floor":37,"gold_loss":0}],"is_beta":true,"boss_relics":[{"not_picked":["conspire:RunicOctahedron","Busted Crown"],"picked":"animator:VividPicture"},{"not_picked":["expansioncontent:StudyCardRelic","Black Star"],"picked":"animator:HolyGrailRelic"}],"items_purged_floors":[],"is_endless":true,"potions_floor_spawned":[18,25,35,42,44],"killed_by":"Nightmare_Alpha","ascension_level":0}}