{"host":"vyjryxuuuxkt43k4","time":1611417081,"event":{"mods":["AchievementEnabler","BaseMod","Colored Map","DeckTracker","Keyboard Shortcuts","Minty Spire (QoL Compilation)","Permanent Neow","Quick Restart","StSLib","SuperFastMode","everything is the same but u backflip on backflip"],"gold_per_floor":[118,130,130,149,161,161,161,161],"floor_reached":7,"language":"KOR","playtime":256,"items_purged":[],"score":86,"play_id":"0c2e6097-21dd-4ef4-b89e-13a8b3775996","local_time":"20210124005121","is_ascension_mode":true,"campfire_choices":[{"floor":6,"key":"REST"}],"circlet_count":0,"master_deck":["AscendersBane","Strike_R","Strike_R","Defend_R","Defend_R","Defend_R","Defend_R","Bash","Dropkick","Dark Embrace","Rage","Feel No Pain"],"relics":["Burning Blood"],"acts_visited":["Exordium"],"potions_floor_usage":[5],"damage_taken":[{"damage":13.0,"enemies":"Cultist","floor":1.0,"turns":5.0},{"damage":7.0,"enemies":"2 Louse","floor":2.0,"turns":4.0},{"damage":13.0,"enemies":"Jaw Worm","floor":4.0,"turns":6.0},{"damage":16,"enemies":"Looter","floor":5,"turns":4},{"damage":49,"enemies":"Lagavulin","floor":7,"turns":8}],"seed_played":"4343293380209385453","potions_obtained":[{"floor":1.0,"key":"Swift Potion"},{"floor":2.0,"key":"SmokeBomb"},{"floor":5,"key":"FearPotion"}],"is_trial":false,"path_per_floor":["M","M","?","M","M","R","E"],"character_chosen":"IRONCLAD","items_purchased":[],"campfire_rested":1,"item_purchase_floors":[],"current_hp_per_floor":[43,42,42,35,25,47,0,0],"gold":161,"neow_bonus":"REMOVE_TWO","is_daily":false,"chose_seed":false,"campfire_upgraded":0,"win_rate":0.0,"timestamp":1611417081,"path_taken":["M","M","?","?","M","R","E"],"items_purchased_type":[],"build_version":"2020-12-22","purchased_purges":0,"victory":false,"max_hp_per_floor":[75,75,75,75,75,75,75,75],"card_choices":[{"not_picked":["Clash","Flex"],"picked":"Dropkick","floor":1.0},{"not_picked":["Flex","Clash"],"picked":"Dark Embrace","floor":2.0},{"not_picked":["Anger","Spot Weakness"],"picked":"Rage","floor":4.0},{"not_picked":["True Grit","Fire Breathing"],"picked":"Feel No Pain","floor":5}],"player_experience":276050,"relics_obtained":[],"event_choices":[{"cards_removed":["Strike_R"],"damage_healed":0.0,"max_hp_gain":0.0,"max_hp_loss":0.0,"gold_gain":0.0,"event_name":"Purifier","player_choice":"Purged","floor":3.0,"gold_loss":0.0,"damage_taken":0.0}],"is_beta":false,"boss_relics":[],"items_purged_floors":[],"is_endless":false,"potions_floor_spawned":[1,2,5],"killed_by":"Lagavulin","ascension_level":20}}