{"host":"vyjryxuuuxkt43k4","time":1611383096,"event":{"mods":["AchievementEnabler","BaseMod","Colored Map","DeckTracker","Keyboard Shortcuts","Minty Spire (QoL Compilation)","Permanent Neow","Quick Restart","StSLib","SuperFastMode","everything is the same but u backflip on backflip"],"gold_per_floor":[18,36,36,51,71,102,120,120,143,156,156,196,196,217,217,304,304,323,350,350,53,82,82,91,5,87,105,105,105],"floor_reached":28,"language":"KOR","playtime":1392,"items_purged":["Strike_R"],"score":452,"play_id":"60ff4811-8c61-4b44-b176-04c8ec0c78ee","local_time":"20210123152456","is_ascension_mode":true,"campfire_choices":[{"floor":8.0,"key":"REST"},{"data":"Armaments","floor":11.0,"key":"SMITH"},{"data":"Barricade","floor":13.0,"key":"SMITH"},{"floor":15.0,"key":"REST"},{"data":"Rampage","floor":23,"key":"SMITH"}],"circlet_count":0,"master_deck":["AscendersBane","Strike_R","Strike_R","Defend_R","Defend_R","Defend_R","Defend_R","Bash","Dual Wield","Hemokinesis","Clothesline","Armaments+1","Flame Barrier","Rampage+1","Pommel Strike","Spot Weakness","Barricade+1","Shrug It Off","Impervious","Headbutt","Seeing Red","Evolve","Uppercut","Impervious"],"relics":["Burning Blood","HornCleat","Pen Nib","CeramicFish","Mark of Pain","Membership Card","Tiny Chest","Happy Flower","Pantograph"],"acts_visited":["Exordium","TheCity"],"potions_floor_usage":[16,19,22,27],"damage_taken":[{"damage":5.0,"enemies":"2 Louse","floor":1.0,"turns":4.0},{"damage":6.0,"enemies":"Cultist","floor":2.0,"turns":3.0},{"damage":12.0,"enemies":"Small Slimes","floor":4.0,"turns":4.0},{"damage":11.0,"enemies":"2 Fungi Beasts","floor":5.0,"turns":3.0},{"damage":52.0,"enemies":"3 Sentries","floor":6.0,"turns":15.0},{"damage":7.0,"enemies":"Red Slaver","floor":7.0,"turns":5.0},{"damage":3.0,"enemies":"Blue Slaver","floor":10.0,"turns":6.0},{"damage":24.0,"enemies":"Lagavulin","floor":12.0,"turns":6.0},{"damage":17.0,"enemies":"3 Louse","floor":14.0,"turns":6.0},{"damage":72,"enemies":"Slime Boss","floor":16,"turns":17},{"damage":26,"enemies":"Chosen","floor":18,"turns":6},{"damage":23,"enemies":"2 Thieves","floor":19,"turns":4},{"damage":4,"enemies":"Cultist and Chosen","floor":22,"turns":8},{"damage":8,"enemies":"Snake Plant","floor":27,"turns":6},{"damage":27,"enemies":"3 Cultists","floor":28,"turns":5}],"seed_played":"-6707492052012657407","potions_obtained":[{"floor":4.0,"key":"SpeedPotion"},{"floor":6.0,"key":"Weak Potion"},{"floor":10.0,"key":"FairyPotion"},{"floor":16,"key":"AttackPotion"},{"floor":19,"key":"EssenceOfSteel"},{"floor":22,"key":"ColorlessPotion"}],"is_trial":false,"path_per_floor":["M","M","?","M","M","E","M","R","T","M","R","E","R","M","R","B",null,"M","M","?","$","M","R","?","$","T","M","M"],"character_chosen":"IRONCLAD","items_purchased":["Membership Card","Tiny Chest","Evolve","Happy Flower"],"campfire_rested":2,"item_purchase_floors":[21,21,21,25],"current_hp_per_floor":[69,69,75,69,64,18,17,39,39,42,42,24,24,13,35,10,59,39,22,22,22,24,24,24,24,24,22,0,0],"gold":105,"neow_bonus":"TRANSFORM_TWO_CARDS","is_daily":false,"chose_seed":false,"campfire_upgraded":3,"win_rate":0.0,"timestamp":1611383096,"path_taken":["M","M","?","M","M","E","M","R","T","?","R","E","R","M","R","BOSS","M","M","?","$","M","R","?","$","T","M","M"],"items_purchased_type":["Relic","Relic","Card","Relic"],"build_version":"2020-12-22","purchased_purges":1,"victory":false,"max_hp_per_floor":[75,75,75,75,75,75,75,75,75,75,75,75,75,75,75,75,75,75,75,75,75,75,75,75,75,75,75,75,75],"card_choices":[{"not_picked":["Anger","Perfected Strike"],"picked":"Clothesline","floor":1.0},{"not_picked":["Sword Boomerang","Body Slam"],"picked":"Armaments","floor":2.0},{"not_picked":["Anger","Body Slam"],"picked":"Flame Barrier","floor":4.0},{"not_picked":["Sentinel","Sever Soul"],"picked":"Rampage","floor":5.0},{"not_picked":["Cleave","Clothesline","Havoc"],"picked":"SKIP","floor":6.0},{"not_picked":["Entrench","Thunderclap"],"picked":"Pommel Strike","floor":7.0},{"not_picked":["Dropkick","Thunderclap"],"picked":"Spot Weakness","floor":10.0},{"not_picked":["Inflame","Ghostly Armor"],"picked":"Barricade","floor":12.0},{"not_picked":["Flex","Clash"],"picked":"Shrug It Off","floor":14.0},{"not_picked":["Limit Break","Demon Form"],"picked":"Impervious","floor":16},{"not_picked":["Clothesline","Wild Strike"],"picked":"Headbutt","floor":18},{"not_picked":["Armaments","Thunderclap"],"picked":"Seeing Red","floor":19},{"not_picked":["Heavy Blade","Carnage"],"picked":"Uppercut","floor":22},{"not_picked":["Thunderclap","Armaments","Searing Blow"],"picked":"SKIP","floor":27}],"player_experience":251147,"relics_obtained":[{"floor":6.0,"key":"HornCleat"},{"floor":9.0,"key":"Pen Nib"},{"floor":12.0,"key":"CeramicFish"},{"floor":26,"key":"Pantograph"}],"event_choices":[{"damage_healed":6.0,"max_hp_gain":0.0,"max_hp_loss":0.0,"gold_gain":0.0,"event_name":"Wheel of Change","player_choice":"Full Heal","floor":3.0,"gold_loss":0.0,"damage_taken":0.0},{"damage_healed":0,"gold_gain":0,"player_choice":"Ignored","damage_taken":0,"max_hp_gain":0,"max_hp_loss":0,"event_name":"Vampires","floor":20,"gold_loss":0},{"damage_healed":0,"gold_gain":0,"player_choice":"Copied","damage_taken":0,"max_hp_gain":0,"max_hp_loss":0,"event_name":"Duplicator","floor":24,"gold_loss":0,"cards_obtained":["Impervious"]}],"is_beta":false,"boss_relics":[{"not_picked":["Ectoplasm","SlaversCollar"],"picked":"Mark of Pain"}],"items_purged_floors":[21],"is_endless":false,"potions_floor_spawned":[4,6,10,16,19,22],"killed_by":"3 Cultists","ascension_level":19}}