{"host":"3a1ypf1irl30q4k8","time":1611410364,"event":{"mods":["AchievementEnabler","BaseMod","Bestiary","Colored Map","Minty Spire (QoL Compilation)","Relic Stats"],"gold_per_floor":[116,134,134,149,163,163,197,216,216,10,43,43,43,54,54,157,157,157,29,29,29,42,42,56,56,56],"floor_reached":25,"language":"ENG","playtime":1243,"items_purged":[],"score":258,"play_id":"9121e137-4324-489a-9771-6c87a5c0fa65","local_time":"20210123135924","is_ascension_mode":true,"campfire_choices":[{"data":"Mind Blast","floor":6,"key":"SMITH"},{"floor":13,"key":"REST"},{"data":"Bash","floor":15,"key":"SMITH"},{"floor":23,"key":"REST"}],"circlet_count":0,"master_deck":["Strike_R","Strike_R","Strike_R","Strike_R","Strike_R","Defend_R","Defend_R","Defend_R","Defend_R","Bash+1","Wild Strike","Havoc","Mind Blast+1","Corruption","Wild Strike","Twin Strike","Metallicize","Dual Wield","Feel No Pain","Impervious","Reckless Charge+1","Feed+1","PiercingWail","Burning Pact","Barricade","Inflame","Battle Trance","Thunderclap+1","Reckless Charge+1","Seeing Red","Sever Soul+1"],"relics":["Burning Blood","Anchor","Molten Egg 2","Kunai","Nloth\u0027s Gift"],"acts_visited":["Exordium","TheCity"],"potions_floor_usage":[7,11,11,24],"damage_taken":[{"damage":6,"enemies":"Cultist","floor":1,"turns":3},{"damage":11,"enemies":"Small Slimes","floor":2,"turns":3},{"damage":14,"enemies":"Jaw Worm","floor":4,"turns":3},{"damage":15,"enemies":"3 Louse","floor":5,"turns":3},{"damage":39,"enemies":"3 Sentries","floor":7,"turns":8},{"damage":2,"enemies":"2 Fungi Beasts","floor":8,"turns":3},{"damage":31,"enemies":"Gremlin Nob","floor":11,"turns":4},{"damage":0,"enemies":"Exordium Thugs","floor":14,"turns":4},{"damage":50,"enemies":"Slime Boss","floor":16,"turns":14},{"damage":45,"enemies":"Chosen","floor":18,"turns":8},{"damage":28,"enemies":"Shell Parasite","floor":20,"turns":5},{"damage":17,"enemies":"Centurion and Healer","floor":22,"turns":6},{"damage":29,"enemies":"Snake Plant","floor":24,"turns":5},{"damage":20,"enemies":"Snecko","floor":25,"turns":3}],"seed_played":"-1819333108011495537","potions_obtained":[{"floor":4,"key":"Swift Potion"},{"floor":5,"key":"Regen Potion"},{"floor":7,"key":"DistilledChaos"},{"floor":16,"key":"GamblersBrew"},{"floor":20,"key":"LiquidBronze"},{"floor":22,"key":"GamblersBrew"}],"is_trial":false,"path_per_floor":["M","M","?","M","M","R","E","M","T","$","E","?","R","M","R","B",null,"M","$","M","?","M","R","M","M"],"character_chosen":"IRONCLAD","items_purchased":["Feel No Pain","Impervious","Reckless Charge+1","Battle Trance","Thunderclap+1"],"campfire_rested":2,"item_purchase_floors":[10,10,10,19,19],"current_hp_per_floor":[80,75,75,67,58,58,40,44,44,44,19,19,43,53,53,9,84,49,49,27,27,16,42,19,0,0],"gold":56,"neow_bonus":"ONE_RANDOM_RARE_CARD","is_daily":false,"chose_seed":false,"campfire_upgraded":2,"win_rate":0.0,"timestamp":1611410364,"path_taken":["M","M","?","M","M","R","E","?","T","$","E","?","R","M","R","BOSS","M","$","M","?","M","R","?","M"],"items_purchased_type":["Card","Card","Card","Card","Card"],"build_version":"2020-12-22","purchased_purges":0,"victory":false,"max_hp_per_floor":[80,80,80,80,80,80,80,80,80,80,80,80,80,84,84,84,84,88,88,88,88,88,88,88,88,88],"relic_stats":{"counters":[14,72],"Nloth\u0027s Gift":0,"Kunai":[11],"obtain_stats":[{"Anchor":7,"Molten Egg 2":9,"Ectoplasm":17,"Nloth\u0027s Gift":21,"Kunai":11,"Burning Blood":0},{"Anchor":5,"Molten Egg 2":6,"Ectoplasm":9,"Nloth\u0027s Gift":11,"Kunai":7,"Burning Blood":0},{"Anchor":20,"Molten Egg 2":23,"Ectoplasm":45,"Nloth\u0027s Gift":58,"Kunai":27,"Burning Blood":0}],"Burning Blood":78},"card_choices":[{"not_picked":["Heavy Blade","Pummel"],"picked":"Wild Strike","floor":1},{"not_picked":["Pummel","Clash"],"picked":"Havoc","floor":2},{"not_picked":["Iron Wave","Clash"],"picked":"Wild Strike","floor":4},{"not_picked":["Headbutt","Iron Wave"],"picked":"Twin Strike","floor":5},{"not_picked":["Searing Blow","Twin Strike"],"picked":"Metallicize","floor":7},{"not_picked":["Armaments","Rampage"],"picked":"Dual Wield","floor":8},{"not_picked":["Seeing Red","True Grit"],"picked":"Feed+1","floor":11},{"not_picked":["Hemokinesis+1","Pommel Strike+1"],"picked":"Burning Pact","floor":14},{"not_picked":["Brutality","Bludgeon+1"],"picked":"Barricade","floor":16},{"not_picked":["Heavy Blade+1","Dropkick+1"],"picked":"Inflame","floor":18},{"not_picked":["True Grit+1","Flex"],"picked":"Reckless Charge+1","floor":20},{"not_picked":["Havoc","Clothesline+1"],"picked":"Seeing Red","floor":22},{"not_picked":["Iron Wave+1","Clothesline+1"],"picked":"Sever Soul+1","floor":24}],"player_experience":1174253,"relics_obtained":[{"floor":7,"key":"Anchor"},{"floor":9,"key":"Molten Egg 2"},{"floor":11,"key":"Kunai"}],"event_choices":[{"damage_healed":0,"gold_gain":0,"player_choice":"2 cards matched","damage_taken":0,"max_hp_gain":0,"max_hp_loss":0,"event_name":"Match and Keep!","floor":3,"gold_loss":0,"cards_obtained":["Mind Blast","Corruption"]},{"cards_removed":["Brutality"],"damage_healed":0,"gold_gain":0,"player_choice":"Took Card","damage_taken":0,"max_hp_gain":0,"max_hp_loss":0,"event_name":"NoteForYourself","floor":12,"gold_loss":0,"cards_obtained":["PiercingWail"]},{"damage_healed":0,"gold_gain":0,"player_choice":"Traded Relic","damage_taken":0,"relics_obtained":["Nloth\u0027s Gift"],"max_hp_gain":0,"max_hp_loss":0,"event_name":"N\u0027loth","floor":21,"relics_lost":["Ectoplasm"],"gold_loss":0}],"is_beta":false,"boss_relics":[{"not_picked":["Runic Dome","Busted Crown"],"picked":"Ectoplasm"}],"items_purged_floors":[],"is_endless":false,"potions_floor_spawned":[4,5,7,16,20,22],"killed_by":"Snecko","ascension_level":4}}