{"host":"avq773cl9g5msfol","time":1611430259,"event":{"mods":["100% Spire Juice","AchievementEnabler","Act Like it!","Ascension Unlocker","Aspiration","Astrologer","Bard","Bartender","BaseMod","Better Altar","Better Third Choice","BetterRewards","CapriCore","ChefMod","Colored Map","Colored Powertips","Conspire","Dio Mod","Downfall","Elementarium","Energized Spire","Gensokyo","GifTheSpireLib","GungeonMod","Hallownest","Hermit","Highlight Path","Hubris","Humility","Infinite Spire","Jorbs\u0027s Wanderer Trilogy","Koishi","Magitek Elite","Marisa????????","Marked Mod","Menagerie","Minty Spire (QoL Compilation)","Pale of the Ancients","Potionbrewer","Quarter Circle Forward PUNCH!","Rare Cards Sparkle","Reimu??????","Relic Stats","Remilia??????","Replay The Spire","SacredBarkPlus","Shade Mod","Somnambulant","Spicy Shops","Spire Arcade","StSLib","The Administrix","The Blue Laboratory","The Bug Knight","The Construct","The Cursed","The Disciple","The Dragon Tamer","The Exalted","The Hayseed","The Hierophant","The Immortal","The Marked","The Mystic","The Problem Sleuth","The Runesmith","The Senshi","The Vixen","The Wild Card","TheFirefly","Wandering Minibosses","vexMod"],"gold_per_floor":[99,111,213,233,253,283,283,283,315,326,359,377,5,31,44,122,122,122,136,136,136,152,171,220,236,264,104,104,104,104,138,152,225,225,225,243,262,77,77,109,136,152,152,71,97,125,125,145,158,158,158,188,129,129,129,129],"floor_reached":57,"language":"ENG","playtime":4803,"items_purged":["Slimebound:BestDefense+1","downfall:Bewildered"],"score":2926,"play_id":"e85e2c8f-d4e7-41f7-b41d-12b38a768669","local_time":"20210124023059","is_ascension_mode":true,"campfire_choices":[{"data":"Slimebound:CorrosiveSpit","floor":1.0,"key":"SMITH"},{"data":"Slimebound:Prepare","floor":18.0,"key":"SMITH"},{"data":"Slimebound:GoopSpray","floor":29.0,"key":"SMITH"},{"floor":35,"key":"RECALL"},{"data":"Slimebound:ViciousTackle","floor":43,"key":"SMITH"},{"data":"Slimebound:Split","floor":47,"key":"SMITH"},{"data":"Slimebound:PressTheAttack","floor":54,"key":"SMITH"}],"circlet_count":0,"master_deck":["AscendersBane","Slimebound:Tackle+1","Slimebound:Split+1","Slimebound:CorrosiveSpit+1","Slimebound:Prepare+1","Slimebound:SamplingLick+1","Slimebound:SelfFormingGoo+1","Slimebound:LeechingTouch+1","Slimebound:DuplicatedForm+1","Slimebound:ProtectTheBoss+1","Slimebound:LeadByExample+1","Slimebound:TagTeam+1","Slimebound:LivingWall+1","Slimebound:DisruptingSlam+1","Slimebound:RejuvenatingLick+1","Slimebound:OneTwoCombo+1","Slimebound:SamplingLick+1","Slimebound:TagTeam+1","Slimebound:ViciousTackle+1","Slimebound:OozeBath+1","Slimebound:Recollect+1","Slimebound:SplitSpecialist+1","Slimebound:LeechLife+1","Slimebound:GoopSpray+1","Slimebound:MinionMaster+1","Slimebound:WasteNot+1","Slimebound:DouseInSlime+1","expansioncontent:InvincibleStrength+1","Slimebound:Recycling+1","Gensokyo:ManorOfTheDishes+1","Slimebound:PressTheAttack+1","Slimebound:Teamwork+1"],"relics":["Slimebound:AbsorbEndCombat","Golden Egg","Quantum Egg","ClockworkSouvenir","Oddly Smooth Stone","hubris:Towel","vexMod:HeadHunter","hubris:SphereOfDissonance","hubris:Potato","Slimebound:SlimedSkullRelic","Tintinnabulum","Singing Bowl","vexMod:ScavengeHelm","DemoMod:GlassGuonStoneRelic","aspiration:RandomNobGenerator","construct:RocketBooster","sneckomod:BabySnecko","qcfpunch:Red_Headband","OrangePellets","aspiration:MobileForge","War Paint","DemoMod:ClearGuonStone","Replay:Grab Bag","conspire:SlowCooker","energizedSpire:NeverEndingSparkler","hubris:Backtick","hubris:CrystalStatue","Lantern","wanderingMiniBosses:OtherGremlinHorn","qcfpunch:White_Boots","ReplayTheSpireMod:TigerMarble","downfall:HeartBlessingRed","downfall:HeartBlessingGreen","downfall:HeartBlessingBlue","Bromod:ArcaneNullifier","hubris:Zylophone","qcfpunch:Necklace_of_Skulls","Runesmith:Nanobots"],"acts_visited":["Menagerie:Menagerie","TheCity","Gensokyo:Gensokyoest","TheEnding"],"potions_floor_usage":[31,31,31,31,33,33,33,46,49,49,55,55,56],"damage_taken":[{"damage":0.0,"enemies":"Menagerie:WhisperingWraith","floor":2.0,"turns":1.0},{"damage":0.0,"enemies":"downfall:FleeingMerchant","floor":3.0,"turns":1.0},{"damage":0.0,"enemies":"Menagerie:2_RABBITS","floor":4.0,"turns":2.0},{"damage":1.0,"enemies":"Menagerie:MonstrousExperiment","floor":5.0,"turns":3.0},{"damage":15.0,"enemies":"Menagerie:Hydra","floor":6.0,"turns":3.0},{"damage":0.0,"enemies":"Menagerie:MaskedSummoner","floor":9.0,"turns":3.0},{"damage":9.0,"enemies":"Menagerie:RedMage","floor":10.0,"turns":3.0},{"damage":6.0,"enemies":"Menagerie:Hydra","floor":11.0,"turns":3.0},{"damage":4.0,"enemies":"Menagerie:3_RABBITS","floor":12.0,"turns":2.0},{"damage":0.0,"enemies":"Menagerie:MaskedSummoner","floor":14.0,"turns":4.0},{"damage":3.0,"enemies":"Menagerie:BEAST_MAGE_AND_PROWLING_AMALGAM","floor":15.0,"turns":3.0},{"damage":6.0,"enemies":"WA_ARCHETYPE_RETAIN","floor":16.0,"turns":5.0},{"damage":0.0,"enemies":"3 Byrds","floor":19.0,"turns":3.0},{"damage":0.0,"enemies":"Chosen","floor":22.0,"turns":2.0},{"damage":0.0,"enemies":"Centurion and Healer","floor":23.0,"turns":1.0},{"damage":0.0,"enemies":"Sentry and Sphere","floor":25.0,"turns":2.0},{"damage":0.0,"enemies":"Nightmare","floor":26.0,"turns":2.0},{"damage":0,"enemies":"HollowMod:Nosk","floor":31,"turns":1},{"damage":0,"enemies":"conspire:HollyBat","floor":32,"turns":2},{"damage":0,"enemies":"DF_ARCHETYPE_CLAW","floor":33,"turns":5},{"damage":0,"enemies":"Gensokyo:AncientGuardian","floor":36,"turns":3},{"damage":0,"enemies":"Gensokyo:3_Boulders","floor":37,"turns":5},{"damage":0,"enemies":"Gensokyo:Doremy","floor":40,"turns":3},{"damage":0,"enemies":"Gensokyo:AtlasGolem","floor":42,"turns":3},{"damage":0,"enemies":"conspire:MimicChest","floor":45,"turns":3},{"damage":0,"enemies":"Gensokyo:Kasen","floor":46,"turns":4},{"damage":0,"enemies":"Gensokyo:Sharpion","floor":48,"turns":3},{"damage":0,"enemies":"Gensokyo:4_Bats","floor":49,"turns":2},{"damage":24,"enemies":"SI_POISON_ARCHETYPE","floor":50,"turns":3},{"damage":2,"enemies":"downfall:CharBossMerchant","floor":52,"turns":4},{"damage":0,"enemies":"downfall:NeowBoss","floor":55,"turns":6},{"damage":0,"enemies":"downfall:NeowBossFinal","floor":56,"turns":5}],"seed_played":"8225135795996999772","potions_obtained":[{"floor":5.0,"key":"potionbrewer:ToxicPotion"},{"floor":9.0,"key":"champ:CounterPotion"},{"floor":10.0,"key":"sneckomod:MuddlingPotion"},{"floor":21.0,"key":"CultistPotion"},{"floor":26.0,"key":"potionbrewer:AcidPotion"},{"floor":40,"key":"blueLaboratory:BottledHope"},{"floor":48,"key":"blueLaboratory:StoneskinPotion"},{"floor":52,"key":"Adrenaline Potion"}],"is_trial":false,"path_per_floor":["R","M","$","M","M","E","T","?","E","M","E","M","$","E","M","B",null,"R_BF","M","?","?","M","M","T","M","NM","$","?","R","AVR","E","M","B",null,"R","M","M","COS","?","E","T","M","R","$","?","E","R","M","M","B",null,"E","$","R","B","B",null],"character_chosen":"SLIMEBOUND","items_purchased":["Slimebound:LivingWall","Slimebound:HauntingLick","Slimebound:DisruptingSlam","ClockworkSouvenir","Oddly Smooth Stone","Slimebound:SplitSpecialist","Singing Bowl","expansioncontent:InvincibleStrength","OrangePellets","Bromod:ArcaneNullifier","Elixir"],"campfire_rested":0,"item_purchase_floors":[3,3,3,3,3,13,13,27,27,44,53],"current_hp_per_floor":[58,58,58,62,64,64,64,64,64,55,55,56,57,62,65,66,66,66,68,68,68,70,72,72,72,74,74,74,74,74,78,80,80,80,80,82,84,84,84,88,88,90,100,100,100,104,104,106,108,90,104,108,108,108,108,108],"gold":129,"neow_bonus":"TEN_PERCENT_HP_BONUS","is_daily":false,"chose_seed":false,"campfire_upgraded":6,"win_rate":0.0,"timestamp":1611430259,"path_taken":["R","M","$","M","M","E","T","?","E","M","E","M","$","E","M","BOSS","R_BF","M","?","?","M","M","T","M","NM","$","?","R","AVR","E","M","BOSS","R","M","M","COS","?","E","T","M","R","?","?","E","R","M","M","BOSS","E","$","R","BOSS","BOSS"],"items_purchased_type":["Card","Card","Card","Relic","Relic","Card","Relic","Card","Relic","Relic","Potion"],"build_version":"2020-12-22","purchased_purges":2,"victory":true,"max_hp_per_floor":[64,64,64,64,64,64,64,64,64,64,64,64,64,64,66,66,66,66,68,68,68,70,72,72,72,74,74,74,74,74,78,80,80,80,80,82,84,84,84,88,88,90,100,100,100,104,104,106,108,108,108,108,108,108,108,108],"relic_stats":{"OrangePellets":[11],"Singing Bowl":34,"counters":[32,95],"War Paint":["Slimebound:SamplingLick","Slimebound:Recollect"],"obtain_stats":[{"Golden Egg":3,"Lantern":34,"hubris:CrystalStatue":34,"Singing Bowl":13,"Bromod:ArcaneNullifier":44,"downfall:HeartBlessingGreen":43,"DemoMod:GlassGuonStoneRelic":5,"wanderingMiniBosses:OtherGremlinHorn":37,"ClockworkSouvenir":3,"hubris:Backtick":34,"aspiration:MobileForge":30,"downfall:HeartBlessingBlue":43,"qcfpunch:Necklace_of_Skulls":46,"DemoMod:ClearGuonStone":31,"Runesmith:Nanobots":52,"construct:RocketBooster":18,"downfall:HeartBlessingRed":43,"vexMod:ScavengeHelm":14,"Quantum Egg":3,"Replay:Grab Bag":34,"Oddly Smooth Stone":3,"hubris:SphereOfDissonance":6,"conspire:SlowCooker":34,"aspiration:RandomNobGenerator":17,"hubris:Towel":3,"War Paint":30,"qcfpunch:White_Boots":40,"hubris:Zylophone":45,"sneckomod:BabySnecko":20,"OrangePellets":27,"energizedSpire:NeverEndingSparkler":34,"vexMod:HeadHunter":5,"Tintinnabulum":11,"Pandora\u0027s Box":3,"Slimebound:AbsorbEndCombat":0,"qcfpunch:Red_Headband":26,"ReplayTheSpireMod:TigerMarble":41,"hubris:Potato":7,"Slimebound:SlimedSkullRelic":9},{"Golden Egg":2,"Lantern":20,"hubris:CrystalStatue":20,"Singing Bowl":9,"Bromod:ArcaneNullifier":24,"downfall:HeartBlessingGreen":24,"DemoMod:GlassGuonStoneRelic":4,"wanderingMiniBosses:OtherGremlinHorn":22,"ClockworkSouvenir":2,"hubris:Backtick":20,"aspiration:MobileForge":17,"downfall:HeartBlessingBlue":24,"qcfpunch:Necklace_of_Skulls":26,"DemoMod:ClearGuonStone":18,"Runesmith:Nanobots":30,"construct:RocketBooster":12,"downfall:HeartBlessingRed":24,"vexMod:ScavengeHelm":10,"Quantum Egg":2,"Replay:Grab Bag":20,"Oddly Smooth Stone":2,"hubris:SphereOfDissonance":5,"conspire:SlowCooker":20,"aspiration:RandomNobGenerator":12,"hubris:Towel":2,"War Paint":17,"qcfpunch:White_Boots":23,"hubris:Zylophone":25,"sneckomod:BabySnecko":13,"OrangePellets":17,"energizedSpire:NeverEndingSparkler":20,"vexMod:HeadHunter":4,"Tintinnabulum":8,"Pandora\u0027s Box":2,"Slimebound:AbsorbEndCombat":0,"qcfpunch:Red_Headband":17,"ReplayTheSpireMod:TigerMarble":23,"hubris:Potato":5,"Slimebound:SlimedSkullRelic":6},{"Golden Egg":2,"Lantern":51,"hubris:CrystalStatue":51,"Singing Bowl":21,"Bromod:ArcaneNullifier":65,"downfall:HeartBlessingGreen":65,"DemoMod:GlassGuonStoneRelic":7,"wanderingMiniBosses:OtherGremlinHorn":59,"ClockworkSouvenir":2,"hubris:Backtick":51,"aspiration:MobileForge":43,"downfall:HeartBlessingBlue":65,"qcfpunch:Necklace_of_Skulls":72,"DemoMod:ClearGuonStone":44,"Runesmith:Nanobots":84,"construct:RocketBooster":33,"downfall:HeartBlessingRed":65,"vexMod:ScavengeHelm":25,"Quantum Egg":2,"Replay:Grab Bag":51,"Oddly Smooth Stone":2,"hubris:SphereOfDissonance":10,"conspire:SlowCooker":51,"aspiration:RandomNobGenerator":33,"hubris:Towel":2,"War Paint":43,"qcfpunch:White_Boots":62,"hubris:Zylophone":68,"sneckomod:BabySnecko":36,"OrangePellets":43,"energizedSpire:NeverEndingSparkler":51,"vexMod:HeadHunter":7,"Tintinnabulum":19,"Pandora\u0027s Box":2,"Slimebound:AbsorbEndCombat":0,"qcfpunch:Red_Headband":43,"ReplayTheSpireMod:TigerMarble":62,"hubris:Potato":10,"Slimebound:SlimedSkullRelic":13}]},"card_choices":[{"not_picked":["Slimebound:PressTheAttack","Slimebound:SlimeSpikes"],"picked":"Slimebound:Prepare","floor":2.0},{"not_picked":["Slimebound:LeechingTouch","Slimebound:SplitSpecialist"],"picked":"Slimebound:SamplingLick","floor":3.0},{"not_picked":["Slimebound:DivideAndConquer","Slimebound:GoopSpray"],"picked":"Slimebound:RejuvenatingLick","floor":4.0},{"not_picked":["Slimebound:LeadByExample","Slimebound:LeechEnergy","Slimebound:LivingWall"],"picked":"SKIP","floor":5.0},{"not_picked":["Slimebound:DuplicatedForm","Slimebound:RallyTheTroops"],"picked":"Slimebound:OneTwoCombo","floor":6.0},{"not_picked":["Slimebound:PrepareCrush","Slimebound:ForwardTackle"],"picked":"Slimebound:SamplingLick","floor":6.0},{"not_picked":["Slimebound:CheckThePlaybook","Slimebound:LeechLife"],"picked":"Slimebound:TagTeam","floor":9.0},{"not_picked":["Slimebound:Prepare","Slimebound:ItLooksTasty","Slimebound:DivideAndConquer"],"picked":"SKIP","floor":9.0},{"not_picked":["Slimebound:TongueLash","Slimebound:Prepare"],"picked":"Slimebound:ViciousTackle","floor":10.0},{"not_picked":["Slimebound:CheckThePlaybook","Slimebound:SelfFormingGoo"],"picked":"Slimebound:OozeBath","floor":11.0},{"not_picked":["Slimebound:RainOfGoop","Slimebound:SlimeSpikes","Slimebound:FirmFortitude"],"picked":"SKIP","floor":11.0},{"not_picked":["Slimebound:Prepare","Slimebound:LivingWall"],"picked":"Slimebound:Recollect","floor":12.0},{"not_picked":["Slimebound:SelfFormingGoo","Slimebound:TagTeam"],"picked":"Slimebound:LeechLife","floor":14.0},{"not_picked":["Slimebound:SamplingLick","Slimebound:SplitBruiser"],"picked":"Slimebound:GoopSpray","floor":14.0},{"not_picked":["Slimebound:GrowthPunch","Slimebound:LeechEnergy","Slimebound:SlimeSpikes"],"picked":"Singing Bowl","floor":15.0},{"not_picked":["Slimebound:Darklings","Slimebound:MassFeed"],"picked":"Slimebound:MinionMaster","floor":16.0},{"not_picked":["Slimebound:Recollect","Slimebound:GoopTackle","Slimebound:Schlurp"],"picked":"Singing Bowl","floor":19.0},{"not_picked":["Slimebound:Gluttony","Slimebound:Grow","Slimebound:LeadByExample+1"],"picked":"Singing Bowl","floor":22.0},{"not_picked":["Slimebound:SplitAcid","Slimebound:ViciousTackle","Slimebound:HauntingLick"],"picked":"Singing Bowl","floor":23.0},{"not_picked":["Slimebound:DivideAndConquer","Slimebound:SlimeTap"],"picked":"Slimebound:WasteNot","floor":25.0},{"not_picked":["Slimebound:Recycling","Slimebound:LeechLife"],"picked":"Slimebound:DouseInSlime","floor":26.0},{"not_picked":["Slimebound:SlimeBarrage","Slimebound:SplitBruiser","Slimebound:OozeBath"],"picked":"Singing Bowl","floor":26.0},{"not_picked":["Slimebound:Overexert","Slimebound:MassFeed","Slimebound:OneTwoCombo"],"picked":"Singing Bowl","floor":31},{"not_picked":["Slimebound:SplitMire","Slimebound:ComboTackle","Slimebound:ProtectTheBoss+1"],"picked":"Singing Bowl","floor":31},{"not_picked":["Slimebound:Schlurp","Slimebound:LivingWall","Slimebound:LeechingTouch+1"],"picked":"Singing Bowl","floor":32},{"not_picked":["Slimebound:MassFeed","Slimebound:LeechLife"],"picked":"Slimebound:Recycling","floor":33},{"not_picked":["Slimebound:Prepare","Slimebound:GoopTackle","Slimebound:ComboTackle"],"picked":"Singing Bowl","floor":36},{"not_picked":["Slimebound:LeechingTouch","Slimebound:RollThrough","Slimebound:ItLooksTasty"],"picked":"Singing Bowl","floor":37},{"not_picked":["Slimebound:LeechLife","Slimebound:OneTwoCombo","Slimebound:Overexert"],"picked":"Singing Bowl","floor":40},{"not_picked":["Slimebound:GoopTackle","Slimebound:SplitBruiser","Slimebound:ComboTackle"],"picked":"Singing Bowl","floor":40},{"not_picked":["Slimebound:ItLooksTasty","Slimebound:SplitBruiser","Slimebound:Repurpose"],"picked":"Singing Bowl","floor":42},{"not_picked":["Slimebound:Recycling","Slimebound:OozeBath","Slimebound:Teamwork"],"picked":"Singing Bowl","floor":46},{"not_picked":["Slimebound:LeechingTouch+1","Slimebound:SplitLeeching+1","Slimebound:SamplingLick"],"picked":"Singing Bowl","floor":46},{"not_picked":["Slimebound:SplitMire","Slimebound:LeechEnergy","Slimebound:SplitBruiser"],"picked":"Singing Bowl","floor":48},{"not_picked":["Slimebound:HauntingLick+1","Slimebound:SlimeBrawl+1","Slimebound:TongueLash+1"],"picked":"Singing Bowl","floor":49},{"not_picked":["Slimebound:RollThrough","Slimebound:SamplingLick"],"picked":"Slimebound:PressTheAttack","floor":52},{"not_picked":["Slimebound:TagTeam","Slimebound:DouseInSlime"],"picked":"Slimebound:Teamwork","floor":52}],"player_experience":1347677,"relics_obtained":[{"floor":6.0,"key":"hubris:SphereOfDissonance"},{"floor":7.0,"key":"hubris:Potato"},{"floor":9.0,"key":"Slimebound:SlimedSkullRelic"},{"floor":11.0,"key":"Tintinnabulum"},{"floor":14.0,"key":"vexMod:ScavengeHelm"},{"floor":26.0,"key":"qcfpunch:Red_Headband"},{"floor":31,"key":"DemoMod:ClearGuonStone"},{"floor":37,"key":"wanderingMiniBosses:OtherGremlinHorn"},{"floor":40,"key":"qcfpunch:White_Boots"},{"floor":41,"key":"ReplayTheSpireMod:TigerMarble"},{"floor":45,"key":"hubris:Zylophone"},{"floor":46,"key":"qcfpunch:Necklace_of_Skulls"},{"floor":52,"key":"Runesmith:Nanobots"}],"event_choices":[{"damage_healed":0.0,"max_hp_gain":0.0,"max_hp_loss":0.0,"gold_gain":0.0,"event_name":"Menagerie:SpiderNest","player_choice":"Ignored","floor":8.0,"gold_loss":0.0,"damage_taken":0.0}],"is_beta":false,"boss_relics":[{"not_picked":["ChewingGum","hubris:ScarierMask"],"picked":"aspiration:RandomNobGenerator"},{"not_picked":["aspiration:PoetsPen","aspiration:BardSkillbook"],"picked":"Replay:Grab Bag"},{"not_picked":["vexMod:DeviousBotling","hubris:VirtuousBlindfold"],"picked":"conspire:SlowCooker"},{"not_picked":["vexMod:EndlessSickness","ReplayTheSpireMod:Onyx Gauntlets"],"picked":"energizedSpire:NeverEndingSparkler"},{"not_picked":["Ring of Chaos","hubris:BlackHole"],"picked":"hubris:Backtick"}],"items_purged_floors":[3,27],"is_endless":false,"potions_floor_spawned":[5,6,9,10,11,25,26,33,40,45,48,52],"ascension_level":19}}