{"host":"nc9kxycvldgbp2kx","time":1611423896,"event":{"mods":["2.2 Compatiblity","AchievementEnabler","BaseMod","Better Altar","Better Match","Better Note","Better Sensory Stone","Better Skull","Better Third Choice","Better Vampires","Block Reminder","Colored Powertips","Curses Come First","GifTheSpireLib","Highlight Path","Minty Spire (QoL Compilation)","Permanent Neow","Quick Restart","Random Character Button","Rare Cards Sparkle","Relic Sorter","Relic Stats","Spicy Shops","StSLib","Transform Curses"],"gold_per_floor":[110,128,144,144,164,208,59,59,83,107,141,161,185,198,198,198,198],"floor_reached":16,"language":"ENG","playtime":2062,"items_purged":["Strike_R"],"score":139,"play_id":"3a490f98-25ef-4bb3-8e19-ff0f127fb4b4","local_time":"20210123184456","is_ascension_mode":true,"campfire_choices":[{"floor":8.0,"key":"REST"},{"floor":15.0,"key":"REST"}],"circlet_count":0,"master_deck":["Strike_R+1","Strike_R","Strike_R","Strike_R","Defend_R","Defend_R","Defend_R","Defend_R","Bash+1","Flex","Heavy Blade","Body Slam","Pummel","Offering"],"relics":["Burning Blood","NeowsBlessing","Golden Idol","Bag of Preparation","WingedGreaves","Whetstone"],"acts_visited":["Exordium"],"potions_floor_usage":[16],"damage_taken":[{"damage":0.0,"enemies":"Jaw Worm","floor":1.0,"turns":1.0},{"damage":0.0,"enemies":"Cultist","floor":2.0,"turns":1.0},{"damage":0.0,"enemies":"Small Slimes","floor":3.0,"turns":1.0},{"damage":0.0,"enemies":"Exordium Wildlife","floor":5.0,"turns":3.0},{"damage":47.0,"enemies":"Lagavulin","floor":6.0,"turns":7.0},{"damage":15.0,"enemies":"Lots of Slimes","floor":10.0,"turns":6.0},{"damage":22.0,"enemies":"3 Sentries","floor":11.0,"turns":13.0},{"damage":8.0,"enemies":"3 Louse","floor":12.0,"turns":2.0},{"damage":17.0,"enemies":"Exordium Thugs","floor":13.0,"turns":4.0},{"damage":2.0,"enemies":"Looter","floor":14.0,"turns":3.0},{"damage":41,"enemies":"The Guardian","floor":16,"turns":7}],"seed_played":"8683196593085445421","potions_obtained":[{"floor":1.0,"key":"Weak Potion"},{"floor":3.0,"key":"SteroidPotion"},{"floor":10.0,"key":"HeartOfIron"},{"floor":14.0,"key":"BlessingOfTheForge"}],"is_trial":false,"path_per_floor":["M","M","M","?","M","E","$","R","T","M","E","M","M","M","R","B"],"character_chosen":"IRONCLAD","items_purchased":["WingedGreaves"],"campfire_rested":2,"item_purchase_floors":[7],"current_hp_per_floor":[80,80,80,60,66,25,25,49,49,40,24,22,11,15,39,0,0],"gold":198,"neow_bonus":"THREE_ENEMY_KILL","is_daily":false,"chose_seed":false,"campfire_upgraded":0,"win_rate":0.0,"timestamp":1611423896,"path_taken":["M","M","M","?","M","E","?","R","T","M","E","?","M","M","R","BOSS"],"items_purchased_type":["Relic"],"build_version":"2020-12-22","purchased_purges":1,"victory":false,"max_hp_per_floor":[80,80,80,80,80,80,80,80,80,80,80,80,80,80,80,80,80],"relic_stats":{"counters":[11,48],"Golden Idol":37,"Bag of Preparation":[12],"Whetstone":["Strike_R","Bash"],"obtain_stats":[{"NeowsBlessing":0,"Golden Idol":4,"WingedGreaves":7,"Bag of Preparation":6,"Whetstone":11,"Burning Blood":0},{"NeowsBlessing":0,"Golden Idol":3,"WingedGreaves":5,"Bag of Preparation":5,"Whetstone":7,"Burning Blood":0},{"NeowsBlessing":0,"Golden Idol":3,"WingedGreaves":13,"Bag of Preparation":13,"Whetstone":32,"Burning Blood":0}],"Burning Blood":42},"card_choices":[{"not_picked":["Power Through","Disarm"],"picked":"Flex","floor":1.0},{"not_picked":["Thunderclap","Shrug It Off"],"picked":"Heavy Blade","floor":2.0},{"not_picked":["Perfected Strike","Twin Strike"],"picked":"Body Slam","floor":3.0},{"not_picked":["Iron Wave","Anger"],"picked":"Pummel","floor":5.0},{"not_picked":["Twin Strike","Carnage","Pommel Strike"],"picked":"SKIP","floor":6.0},{"not_picked":["Iron Wave","Wild Strike"],"picked":"Offering","floor":10.0},{"not_picked":["Iron Wave","Cleave","Headbutt"],"picked":"SKIP","floor":11.0},{"not_picked":["Perfected Strike","Feel No Pain","Combust"],"picked":"SKIP","floor":12.0},{"not_picked":["Reckless Charge","Shrug It Off","Blood for Blood"],"picked":"SKIP","floor":13.0},{"not_picked":["Warcry","True Grit","Pommel Strike"],"picked":"SKIP","floor":14.0}],"player_experience":323917,"relics_obtained":[{"floor":6.0,"key":"Bag of Preparation"},{"floor":11.0,"key":"Whetstone"}],"event_choices":[{"damage_healed":0.0,"max_hp_gain":0.0,"max_hp_loss":0.0,"gold_gain":0.0,"event_name":"Golden Idol","player_choice":"Take Damage","floor":4.0,"gold_loss":0.0,"damage_taken":20.0,"relics_obtained":["Golden Idol"]}],"is_beta":false,"boss_relics":[],"items_purged_floors":[7],"is_endless":false,"potions_floor_spawned":[1,3,10,14],"killed_by":"The Guardian","ascension_level":4}}