{"host":"agbyy69nq62afhwx","time":1611411293,"event":{"mods":["BaseMod","Colored Map","DeckTracker","Highlight Path","Keyboard Shortcuts","Minty Spire (QoL Compilation)","Quick Restart","StSLib","SuperFastMode","everything is the same but u backflip on backflip"],"gold_per_floor":[110,127,127,85,97,97,129,40,89,101,142,154,166,212,224,315,327,357,70,103,120,140,140,166,166,166,179,179,191,191,70,70,148,148,168,11,22,41,61,61,77,77,77,77,88,88,114,34,34,34],"floor_reached":51,"language":"KOR","playtime":1769,"items_purged":["Strike_B","Strike_B"],"score":1235,"play_id":"255adac0-7617-4eb5-9519-bb08c5fdd8e6","local_time":"20210123231453","is_ascension_mode":true,"campfire_choices":[{"floor":6.0,"key":"REST"},{"floor":13.0,"key":"REST"},{"data":"Hologram","floor":15.0,"key":"SMITH"},{"data":"Reinforced Body","floor":23.0,"key":"SMITH"},{"data":"Seek","floor":25.0,"key":"SMITH"},{"data":"Barrage","floor":28.0,"key":"SMITH"},{"data":"Sweeping Beam","floor":32.0,"key":"SMITH"},{"data":"Self Repair","floor":40.0,"key":"SMITH"},{"data":"Coolheaded","floor":42.0,"key":"SMITH"},{"data":"Auto Shields","floor":49.0,"key":"SMITH"}],"circlet_count":0,"master_deck":["AscendersBane","Strike_B","Strike_B+1","Defend_B","Defend_B","Defend_B","Defend_B","Zap+1","Dualcast","Gash","Gash","Genetic Algorithm","Leap","Auto Shields+1","Rebound","Static Discharge","Hologram+1","Seek+1","Sweeping Beam+1","Cold Snap","Reprogram+1","Reinforced Body+1","Self Repair+1","Barrage+1","Rebound","All For One","Coolheaded+1","Core Surge"],"relics":["Cracked Core","Anchor","MawBank","Meat on the Bone","Art of War","Vajra","Coffee Dripper","Potion Belt","Red Mask","Mango","Akabeko","MealTicket","Busted Crown","Chemical X","The Courier","Ginger","Pen Nib"],"acts_visited":["Exordium","TheCity","TheBeyond"],"potions_floor_usage":[50,50],"damage_taken":[{"damage":9.0,"enemies":"Jaw Worm","floor":1.0,"turns":3.0},{"damage":2.0,"enemies":"2 Louse","floor":2.0,"turns":3.0},{"damage":3.0,"enemies":"Small Slimes","floor":5.0,"turns":3.0},{"damage":29.0,"enemies":"3 Sentries","floor":7.0,"turns":6.0},{"damage":12.0,"enemies":"Lagavulin","floor":11.0,"turns":5.0},{"damage":29.0,"enemies":"Gremlin Nob","floor":14.0,"turns":4.0},{"damage":4.0,"enemies":"Hexaghost","floor":16.0,"turns":9.0},{"damage":8.0,"enemies":"2 Thieves","floor":18.0,"turns":4.0},{"damage":60.0,"enemies":"Masked Bandits","floor":20.0,"turns":4.0},{"damage":12.0,"enemies":"Shell Parasite","floor":21.0,"turns":5.0},{"damage":16.0,"enemies":"Snake Plant","floor":22.0,"turns":5.0},{"damage":32.0,"enemies":"Book of Stabbing","floor":24.0,"turns":8.0},{"damage":18.0,"enemies":"Cultist and Chosen","floor":27.0,"turns":7.0},{"damage":20.0,"enemies":"3 Cultists","floor":29.0,"turns":6.0},{"damage":35.0,"enemies":"Automaton","floor":33.0,"turns":13.0},{"damage":0.0,"enemies":"3 Shapes","floor":35.0,"turns":4.0},{"damage":0.0,"enemies":"Orb Walker","floor":37.0,"turns":3.0},{"damage":38.0,"enemies":"Sphere and 2 Shapes","floor":38.0,"turns":7.0},{"damage":28.0,"enemies":"Spire Growth","floor":39.0,"turns":6.0},{"damage":0.0,"enemies":"3 Darklings","floor":41.0,"turns":5.0},{"damage":0.0,"enemies":"Jaw Worm Horde","floor":45.0,"turns":5.0},{"damage":6.0,"enemies":"Nemesis","floor":47.0,"turns":7.0},{"damage":92,"enemies":"Time Eater","floor":50,"turns":18}],"seed_played":"5492064258261721767","potions_obtained":[{"floor":1.0,"key":"Strength Potion"},{"floor":2.0,"key":"LiquidMemories"},{"floor":11.0,"key":"EssenceOfDarkness"},{"floor":20.0,"key":"Fire Potion"},{"floor":29.0,"key":"SkillPotion"},{"floor":37.0,"key":"EssenceOfSteel"},{"floor":38.0,"key":"Regen Potion"},{"floor":47.0,"key":"Explosive Potion"}],"is_trial":false,"path_per_floor":["M","M","?","?","M","R","E","$","T","?","E","?","R","E","R","B",null,"M","$","?","M","M","R","E","R","T","M","R","M","T","$","R","B",null,"M","$","M","M","M","R","M","R","T","?","M","T","E","$","R","B",null],"character_chosen":"DEFECT","items_purchased":["Auto Shields","Rebound","Potion Belt","FairyPotion","Sweeping Beam","Rebound","Chemical X"],"campfire_rested":2,"item_purchase_floors":[8,8,19,19,19,31,36],"current_hp_per_floor":[51,49,23,23,20,45,16,16,16,16,16,16,41,24,24,32,72,64,64,16,16,37,37,31,31,31,32,32,31,31,46,46,30,82,82,97,99,68,59,59,59,59,59,59,69,69,73,88,88,33],"gold":34,"neow_bonus":"TWENTY_PERCENT_HP_BONUS","is_daily":false,"chose_seed":false,"campfire_upgraded":8,"win_rate":0.0,"timestamp":1611411293,"path_taken":["M","M","?","?","M","R","E","$","T","?","E","?","R","E","R","BOSS","M","$","?","M","M","R","E","R","T","M","R","M","?","?","R","BOSS","M","$","M","?","M","R","M","R","T","?","M","?","E","$","R","BOSS"],"items_purchased_type":["Card","Card","Relic","Potion","Card","Card","Relic"],"build_version":"2020-12-22","purchased_purges":2,"victory":true,"max_hp_per_floor":[85,85,85,85,85,85,85,85,85,85,85,85,85,85,85,85,85,85,85,85,85,85,85,99,99,99,99,99,99,99,99,99,99,99,99,99,99,99,99,99,99,99,99,99,99,99,99,99,99,99],"card_choices":[{"not_picked":["Static Discharge","Beam Cell"],"picked":"Gash","floor":1.0},{"not_picked":["Compile Driver","Streamline"],"picked":"Gash","floor":2.0},{"not_picked":["Compile Driver","Reprogram"],"picked":"Genetic Algorithm","floor":5.0},{"not_picked":["Rebound","Storm"],"picked":"Leap","floor":7.0},{"not_picked":["Gash","Force Field"],"picked":"Static Discharge","floor":11.0},{"not_picked":["Coolheaded","Aggregate"],"picked":"Hologram","floor":14.0},{"not_picked":["Machine Learning","Meteor Strike"],"picked":"Seek","floor":16.0},{"not_picked":["BootSequence","Hello World","Beam Cell"],"picked":"SKIP","floor":18.0},{"not_picked":["Consume","Force Field"],"picked":"Cold Snap","floor":20.0},{"not_picked":["Go for the Eyes","Hologram"],"picked":"Reprogram+1","floor":21.0},{"not_picked":["Sweeping Beam","Compile Driver"],"picked":"Reinforced Body","floor":22.0},{"not_picked":["Rainbow","Genetic Algorithm"],"picked":"Self Repair","floor":24.0},{"not_picked":["Blizzard","Ball Lightning"],"picked":"Barrage","floor":27.0},{"not_picked":["Genetic Algorithm","Rebound","Barrage"],"picked":"SKIP","floor":29.0},{"not_picked":["Machine Learning","Fission"],"picked":"All For One","floor":33.0},{"not_picked":["Rebound"],"picked":"SKIP","floor":35.0},{"not_picked":["Gash"],"picked":"SKIP","floor":37.0},{"not_picked":["Static Discharge"],"picked":"SKIP","floor":38.0},{"not_picked":["Redo"],"picked":"SKIP","floor":39.0},{"not_picked":[],"picked":"Coolheaded","floor":41.0},{"not_picked":["Core Surge"],"picked":"SKIP","floor":45.0},{"not_picked":[],"picked":"Core Surge","floor":45.0},{"not_picked":["Auto Shields"],"picked":"SKIP","floor":47.0}],"player_experience":447532,"relics_obtained":[{"floor":7.0,"key":"Anchor"},{"floor":9.0,"key":"MawBank"},{"floor":11.0,"key":"Art of War"},{"floor":14.0,"key":"Vajra"},{"floor":20.0,"key":"Red Mask"},{"floor":24.0,"key":"Mango"},{"floor":26.0,"key":"Akabeko"},{"floor":30.0,"key":"MealTicket"},{"floor":43.0,"key":"The Courier"},{"floor":46.0,"key":"Ginger"},{"floor":47.0,"key":"Pen Nib"}],"event_choices":[{"damage_healed":0.0,"max_hp_gain":0.0,"max_hp_loss":0.0,"gold_gain":0.0,"event_name":"Shining Light","player_choice":"Entered Light","floor":3.0,"gold_loss":0.0,"damage_taken":26.0,"cards_upgraded":["Zap","Strike_B"]},{"damage_healed":0.0,"max_hp_gain":0.0,"max_hp_loss":0.0,"gold_gain":0.0,"event_name":"World of Goop","player_choice":"Left Gold","floor":4.0,"gold_loss":42.0,"damage_taken":0.0},{"damage_healed":0.0,"max_hp_gain":0.0,"max_hp_loss":0.0,"gold_gain":0.0,"event_name":"Dead Adventurer","player_choice":"Searched \u00271\u0027 times","floor":10.0,"gold_loss":0.0,"damage_taken":0.0,"relics_obtained":["Meat on the Bone"]},{"damage_healed":0.0,"max_hp_gain":0.0,"max_hp_loss":0.0,"gold_gain":0.0,"event_name":"Liars Game","player_choice":"Ignored","floor":12.0,"gold_loss":0.0,"damage_taken":0.0},{"damage_healed":0.0,"max_hp_gain":0.0,"max_hp_loss":0.0,"gold_gain":0.0,"event_name":"Masked Bandits","player_choice":"Fought Bandits","floor":20.0,"gold_loss":0.0,"damage_taken":0.0},{"damage_healed":0.0,"max_hp_gain":0.0,"max_hp_loss":0.0,"gold_gain":0.0,"event_name":"Mysterious Sphere","player_choice":"Ignored","floor":44.0,"gold_loss":0.0,"damage_taken":0.0}],"is_beta":false,"boss_relics":[{"not_picked":["Tiny House","SacredBark"],"picked":"Coffee Dripper"},{"not_picked":["Runic Dome","Black Star"],"picked":"Busted Crown"}],"items_purged_floors":[31,48],"is_endless":false,"potions_floor_spawned":[1,2,11,20,29,37,38,47],"ascension_level":15}}