{"host":"wshh0nphwn6jv7vj","time":1611431346,"event":{"mods":["BaseMod","Bestiary","Minty Spire (QoL Compilation)","Relic Stats"],"gold_per_floor":[165,90,90,106,106,106,133,146,217,248,268,295,32,57,57,57,57],"floor_reached":16,"language":"ENG","playtime":1602,"items_purged":["Strike_P","Strike_P"],"score":376,"play_id":"d6d5d536-7096-48a8-9f29-45459cf55143","local_time":"20210123144906","is_ascension_mode":true,"campfire_choices":[{"floor":6,"key":"REST"},{"data":"TalkToTheHand","floor":15,"key":"SMITH"}],"circlet_count":0,"master_deck":["AscendersBane","Strike_P","Strike_P+1","Defend_P","Defend_P","Defend_P+1","Defend_P+1","Eruption","Vigilance","ReachHeaven","Consecrate","Consecrate","JustLucky","JustLucky","Vault","CutThroughFate","TalkToTheHand+1"],"relics":["Tiny House","PreservedInsect","HornCleat","Meat on the Bone","Dead Branch","Orichalcum","OrangePellets","Potion Belt"],"acts_visited":["Exordium"],"potions_floor_usage":[10,16],"damage_taken":[{"damage":4,"enemies":"Jaw Worm","floor":1,"turns":5},{"damage":1,"enemies":"2 Louse","floor":4,"turns":2},{"damage":4,"enemies":"Gremlin Nob","floor":7,"turns":3},{"damage":0,"enemies":"Small Slimes","floor":8,"turns":4},{"damage":0,"enemies":"Lagavulin","floor":10,"turns":3},{"damage":10,"enemies":"3 Louse","floor":11,"turns":4},{"damage":0,"enemies":"Gremlin Nob","floor":12,"turns":3},{"damage":0,"enemies":"3 Sentries","floor":14,"turns":5},{"damage":49,"enemies":"Hexaghost","floor":16,"turns":16}],"seed_played":"-4264173332192203050","potions_obtained":[{"floor":0,"key":"Ambrosia"},{"floor":1,"key":"BottledMiracle"},{"floor":7,"key":"Block Potion"},{"floor":8,"key":"AttackPotion"},{"floor":12,"key":"Fire Potion"}],"is_trial":false,"path_per_floor":["M","$","?","M","?","R","E","M","T","E","M","E","$","E","R","B"],"character_chosen":"WATCHER","items_purchased":["OrangePellets"],"campfire_rested":1,"item_purchase_floors":[13],"current_hp_per_floor":[62,62,40,39,34,55,51,51,51,51,41,41,41,41,41,0,0],"gold":57,"neow_bonus":"BOSS_RELIC","is_daily":false,"chose_seed":false,"campfire_upgraded":1,"win_rate":0.0,"timestamp":1611431346,"path_taken":["M","$","?","M","?","R","E","M","T","E","M","E","$","E","R","BOSS"],"items_purchased_type":["Relic"],"build_version":"2020-12-22","purchased_purges":2,"victory":false,"max_hp_per_floor":[73,73,73,73,73,73,73,73,73,73,73,73,73,73,73,73,73],"relic_stats":{"OrangePellets":[0],"counters":[9,45],"Dead Branch":[11],"PreservedInsect":107,"Orichalcum":[6],"obtain_stats":[{"Potion Belt":14,"OrangePellets":13,"Tiny House":0,"HornCleat":7,"Dead Branch":10,"PreservedInsect":5,"PureWater":0,"Orichalcum":12,"Meat on the Bone":9},{"Potion Belt":8,"OrangePellets":7,"Tiny House":0,"HornCleat":3,"Dead Branch":5,"PreservedInsect":2,"PureWater":0,"Orichalcum":7,"Meat on the Bone":4},{"Potion Belt":29,"OrangePellets":24,"Tiny House":0,"HornCleat":10,"Dead Branch":17,"PreservedInsect":7,"PureWater":0,"Orichalcum":24,"Meat on the Bone":14}],"Meat on the Bone":0},"card_choices":[{"not_picked":["EmptyFist","FlyingSleeves"],"picked":"ReachHeaven","floor":0},{"not_picked":["Weave","JustLucky"],"picked":"Consecrate","floor":1},{"not_picked":["Collect","CrushJoints"],"picked":"Consecrate","floor":4},{"not_picked":["Crescendo","Worship"],"picked":"JustLucky","floor":7},{"not_picked":["EmptyFist","FlyingSleeves"],"picked":"JustLucky","floor":8},{"not_picked":["EmptyFist","Wallop"],"picked":"Vault","floor":10},{"not_picked":["Perseverance","Swivel"],"picked":"CutThroughFate","floor":11},{"not_picked":["Wireheading","Omniscience","ClearTheMind"],"picked":"SKIP","floor":12},{"not_picked":["Halt","ForeignInfluence"],"picked":"TalkToTheHand","floor":14}],"player_experience":1606371,"relics_obtained":[{"floor":7,"key":"HornCleat"},{"floor":9,"key":"Meat on the Bone"},{"floor":10,"key":"Dead Branch"},{"floor":12,"key":"Orichalcum"},{"floor":14,"key":"Potion Belt"}],"event_choices":[{"damage_healed":0,"gold_gain":0,"player_choice":"Entered Light","damage_taken":22,"max_hp_gain":0,"max_hp_loss":0,"event_name":"Shining Light","floor":3,"gold_loss":0,"cards_upgraded":["Defend_P","Strike_P"]},{"damage_healed":0,"gold_gain":0,"player_choice":"Success","damage_taken":5,"relics_obtained":["PreservedInsect"],"max_hp_gain":0,"max_hp_loss":0,"event_name":"Scrap Ooze","floor":5,"gold_loss":0}],"is_beta":false,"boss_relics":[],"items_purged_floors":[2,13],"is_endless":false,"potions_floor_spawned":[1,7,8,12],"killed_by":"Hexaghost","ascension_level":17}}