{"host":"vumwfieg2b2mnrfl","time":1611362829,"event":{"mods":["AchievementEnabler","BaseMod","Minty Spire (QoL Compilation)","Rare Cards Sparkle","Relic Stats"],"gold_per_floor":[117,117,117,134,134,160,160,188,188,188,201,201,201,166,166,242,242,200,64,64,77,77,77],"floor_reached":22,"language":"ENG","playtime":798,"items_purged":[],"score":377,"play_id":"08d0d0dc-1584-4e1e-aacd-d69c370a7a3b","local_time":"20210122184709","is_ascension_mode":true,"campfire_choices":[{"floor":10,"key":"REST"},{"data":"Barricade","floor":12,"key":"SMITH"},{"data":"Battle Trance","floor":15,"key":"SMITH"}],"circlet_count":0,"master_deck":["AscendersBane","Strike_R","Strike_R","Strike_R","Strike_R","Strike_R","Defend_R+1","Defend_R","Defend_R","Defend_R+1","Bash","Feed","Ghostly Armor","Clash","Headbutt","Barricade+1","Battle Trance+1","Demon Form","Battle Trance","Reaper","Shrug It Off","Pommel Strike"],"relics":["Burning Blood","Lizard Tail","War Paint","Vajra","Pear","Philosopher\u0027s Stone"],"acts_visited":["Exordium","TheCity"],"potions_floor_usage":[6,8,16,22],"damage_taken":[{"damage":7,"enemies":"Cultist","floor":1,"turns":4},{"damage":2,"enemies":"Jaw Worm","floor":4,"turns":3},{"damage":30,"enemies":"3 Sentries","floor":6,"turns":8},{"damage":21,"enemies":"Gremlin Nob","floor":8,"turns":4},{"damage":3,"enemies":"2 Louse","floor":11,"turns":2},{"damage":113,"enemies":"Slime Boss","floor":16,"turns":22},{"damage":17,"enemies":"2 Thieves","floor":18,"turns":5},{"damage":68,"enemies":"3 Byrds","floor":21,"turns":10},{"damage":41,"enemies":"Shelled Parasite and Fungi","floor":22,"turns":3}],"seed_played":"-5992669777964851049","potions_obtained":[{"floor":1,"key":"PowerPotion"},{"floor":4,"key":"SpeedPotion"},{"floor":8,"key":"Weak Potion"},{"floor":18,"key":"PowerPotion"}],"is_trial":false,"path_per_floor":["M","$","?","M","?","E","$","E","T","R","M","R","$","?","R","B",null,"M","$","?","M","M"],"character_chosen":"IRONCLAD","items_purchased":["Reaper","Shrug It Off"],"campfire_rested":1,"item_purchase_floors":[19,19],"current_hp_per_floor":[52,52,52,59,48,24,24,9,19,46,52,52,52,75,75,34,81,70,70,97,39,0,0],"gold":77,"neow_bonus":"THREE_RARE_CARDS","is_daily":false,"chose_seed":false,"campfire_upgraded":2,"win_rate":0.0,"timestamp":1611362829,"path_taken":["M","?","?","M","?","E","$","E","T","R","M","R","?","?","R","BOSS","M","$","?","M","M"],"items_purchased_type":["Card","Card"],"build_version":"2020-12-22","purchased_purges":0,"victory":false,"max_hp_per_floor":[78,78,78,81,81,81,81,81,91,91,94,94,94,94,94,97,97,97,97,97,97,97,97],"relic_stats":{"Lizard Tail":48,"counters":[9,61],"War Paint":["Defend_R","Defend_R"],"obtain_stats":[{"Lizard Tail":5,"Pear":9,"Vajra":8,"Philosopher\u0027s Stone":17,"War Paint":6,"Burning Blood":0},{"Lizard Tail":2,"Pear":4,"Vajra":4,"Philosopher\u0027s Stone":6,"War Paint":3,"Burning Blood":0},{"Lizard Tail":7,"Pear":19,"Vajra":19,"Philosopher\u0027s Stone":43,"War Paint":15,"Burning Blood":0}],"Burning Blood":48},"card_choices":[{"not_picked":["Brutality","Immolate"],"picked":"Feed","floor":0},{"not_picked":["Pommel Strike","Pummel"],"picked":"Ghostly Armor","floor":1},{"not_picked":["True Grit","Sword Boomerang"],"picked":"Clash","floor":4},{"not_picked":["Iron Wave","Thunderclap"],"picked":"Headbutt","floor":6},{"not_picked":["Battle Trance","Seeing Red"],"picked":"Barricade","floor":8},{"not_picked":["Clothesline","Sword Boomerang"],"picked":"Battle Trance","floor":11},{"not_picked":["Impervious","Brutality"],"picked":"Demon Form","floor":16},{"not_picked":["Iron Wave","True Grit"],"picked":"Battle Trance","floor":18},{"not_picked":["Feel No Pain","Reckless Charge"],"picked":"Pommel Strike","floor":21}],"player_experience":450620,"relics_obtained":[{"floor":6,"key":"War Paint"},{"floor":8,"key":"Vajra"},{"floor":9,"key":"Pear"}],"event_choices":[{"damage_healed":0,"gold_gain":0,"player_choice":"Ignored","damage_taken":0,"max_hp_gain":0,"max_hp_loss":0,"event_name":"Shining Light","floor":3,"gold_loss":0},{"damage_healed":0,"gold_gain":0,"player_choice":"Success","damage_taken":11,"relics_obtained":["Lizard Tail"],"max_hp_gain":0,"max_hp_loss":0,"event_name":"Scrap Ooze","floor":5,"gold_loss":0},{"damage_healed":23,"gold_gain":0,"player_choice":"Healed","damage_taken":0,"max_hp_gain":0,"max_hp_loss":0,"event_name":"The Cleric","floor":14,"gold_loss":35},{"damage_healed":27,"gold_gain":0,"player_choice":"Full Heal","damage_taken":0,"max_hp_gain":0,"max_hp_loss":0,"event_name":"Wheel of Change","floor":20,"gold_loss":0}],"is_beta":false,"boss_relics":[{"not_picked":["Calling Bell","Black Blood"],"picked":"Philosopher\u0027s Stone"}],"items_purged_floors":[],"is_endless":false,"potions_floor_spawned":[1,4,8,18],"killed_by":"Shelled Parasite and Fungi","ascension_level":17}}