{"host":"0ueeacaatm8t6jyh","time":1611416684,"event":{"mods":["AchievementEnabler","BaseMod","Colored Powertips","Minty Spire (QoL Compilation)","Quick Restart","Rare Cards Sparkle","Shop Mod","StSLib"],"gold_per_floor":[118,43,43,62,62,62,62,91,91,91,106,123,141,151,151,229,229,243,168,83,6,16,16,16,42,42,61,61,61],"floor_reached":28,"language":"ZHS","playtime":863,"items_purged":[],"score":526,"play_id":"b79704e4-5118-4477-9c92-d9de8c10b8f1","local_time":"20210123234444","is_ascension_mode":true,"campfire_choices":[{"data":"Offering","floor":6.0,"key":"SMITH"},{"floor":10.0,"key":"RECALL"},{"data":"Burning Pact","floor":15.0,"key":"SMITH"},{"data":"Rupture","floor":23.0,"key":"SMITH"}],"circlet_count":0,"master_deck":["AscendersBane","Bash","Shrug It Off+1","Whirlwind+1","Offering+1","Brutality","Burning Pact+1","Evolve","Corruption","Armaments","Feel No Pain","Hemokinesis","Intimidate","Fiend Fire","Inflame","Dual Wield","Body Slam","Rupture+1","Heavy Blade","Exhume+1"],"relics":["Burning Blood","NeowsBlessing","Eternal Feather","Anchor","Pandora\u0027s Box","PreservedInsect","Toxic Egg 2","Toy Ornithopter"],"acts_visited":["Exordium","TheCity"],"potions_floor_usage":[27],"damage_taken":[{"damage":0.0,"enemies":"Small Slimes","floor":1.0,"turns":1.0},{"damage":0.0,"enemies":"Cultist","floor":4.0,"turns":1.0},{"damage":0.0,"enemies":"3 Sentries","floor":8.0,"turns":1.0},{"damage":7.0,"enemies":"Jaw Worm","floor":11.0,"turns":4.0},{"damage":7.0,"enemies":"Gremlin Gang","floor":12.0,"turns":2.0},{"damage":9.0,"enemies":"Exordium Wildlife","floor":13.0,"turns":2.0},{"damage":29.0,"enemies":"Large Slime","floor":14.0,"turns":5.0},{"damage":53.0,"enemies":"The Guardian","floor":16.0,"turns":19.0},{"damage":23.0,"enemies":"2 Thieves","floor":18.0,"turns":3.0},{"damage":8.0,"enemies":"Spheric Guardian","floor":22.0,"turns":3.0},{"damage":37.0,"enemies":"Book of Stabbing","floor":25.0,"turns":4.0},{"damage":32,"enemies":"Chosen and Byrds","floor":27,"turns":7},{"damage":12,"enemies":"Cultist and Chosen","floor":28,"turns":1}],"seed_played":"5291067959877968644","potions_obtained":[{"floor":4.0,"key":"HeartOfIron"},{"floor":13.0,"key":"Energy Potion"},{"floor":16.0,"key":"Weak Potion"},{"floor":18.0,"key":"BloodPotion"},{"floor":27,"key":"Weak Potion"}],"is_trial":false,"path_per_floor":["M","$","?","M","$","R","?","E","T","R","M","M","M","M","R","B",null,"M","?","?","$","M","R","?","E","T","M","M"],"character_chosen":"IRONCLAD","items_purchased":["Whirlwind","Rupture"],"campfire_rested":0,"item_purchase_floors":[2,21],"current_hp_per_floor":[74,74,74,75,75,75,75,75,75,75,74,73,70,47,56,9,59,42,42,42,42,40,49,49,18,18,12,0,0],"gold":61,"neow_bonus":"THREE_ENEMY_KILL","is_daily":false,"chose_seed":false,"campfire_upgraded":3,"win_rate":0.0,"timestamp":1611416684,"path_taken":["M","$","?","?","?","R","?","E","T","R","?","M","M","M","R","BOSS","M","?","?","?","M","R","?","E","T","?","M"],"items_purchased_type":["Card","Card"],"build_version":"2020-12-22","purchased_purges":0,"victory":false,"max_hp_per_floor":[75,75,75,75,75,75,75,75,75,75,75,75,75,75,75,75,75,75,75,75,75,75,75,75,75,75,75,75,75],"card_choices":[{"not_picked":["Flex","Warcry"],"picked":"Shrug It Off","floor":1.0},{"not_picked":["Headbutt","Flame Barrier"],"picked":"Offering","floor":4.0},{"not_picked":["Havoc","Wild Strike","Perfected Strike"],"picked":"SKIP","floor":8.0},{"not_picked":["Feel No Pain","Thunderclap"],"picked":"Brutality","floor":11.0},{"not_picked":["Wild Strike","Cleave"],"picked":"Burning Pact","floor":12.0},{"not_picked":["Perfected Strike","Thunderclap"],"picked":"Evolve","floor":13.0},{"not_picked":["Flex","Anger","Rampage"],"picked":"SKIP","floor":14.0},{"not_picked":["Double Tap","Exhume"],"picked":"Corruption","floor":16.0},{"not_picked":["Twin Strike","Clash","Anger"],"picked":"SKIP","floor":18.0},{"not_picked":["Cleave","Ghostly Armor"],"picked":"Heavy Blade","floor":22.0},{"not_picked":["Clash","Sword Boomerang","Anger"],"picked":"SKIP","floor":25.0},{"not_picked":["Whirlwind","Shrug It Off+1"],"picked":"Exhume+1","floor":27}],"player_experience":463937,"relics_obtained":[{"floor":8.0,"key":"Eternal Feather"},{"floor":9.0,"key":"Anchor"},{"floor":25.0,"key":"Toy Ornithopter"}],"event_choices":[{"damage_healed":0.0,"max_hp_gain":0.0,"max_hp_loss":0.0,"gold_gain":0.0,"event_name":"Upgrade Shrine","player_choice":"Upgraded","floor":3.0,"gold_loss":0.0,"damage_taken":0.0,"cards_upgraded":["Whirlwind"]},{"damage_healed":0.0,"max_hp_gain":0.0,"max_hp_loss":0.0,"gold_gain":0.0,"event_name":"Accursed Blacksmith","player_choice":"Forge","floor":7.0,"gold_loss":0.0,"damage_taken":0.0,"cards_upgraded":["Shrug It Off"]},{"cards_removed":["Sever Soul"],"damage_healed":0.0,"max_hp_gain":0.0,"max_hp_loss":0.0,"gold_gain":0.0,"event_name":"Beggar","player_choice":"Gave Gold","floor":19.0,"gold_loss":75.0,"damage_taken":0.0},{"damage_healed":0.0,"max_hp_gain":0.0,"max_hp_loss":0.0,"gold_gain":0.0,"event_name":"Addict","player_choice":"Obtained Relic","floor":20.0,"gold_loss":85.0,"damage_taken":0.0,"relics_obtained":["PreservedInsect"]},{"damage_healed":0.0,"max_hp_gain":0.0,"max_hp_loss":0.0,"gold_gain":0.0,"event_name":"WeMeetAgain","player_choice":"Gave Potion","floor":24.0,"gold_loss":0.0,"damage_taken":0.0,"relics_obtained":["Toxic Egg 2"]}],"is_beta":false,"boss_relics":[{"not_picked":["Philosopher\u0027s Stone","SlaversCollar"],"picked":"Pandora\u0027s Box"}],"items_purged_floors":[],"is_endless":false,"potions_floor_spawned":[4,13,14,16,18,27],"killed_by":"Cultist and Chosen","ascension_level":20}}