{"host":"efyizcsfl4z2taeg","time":1611426431,"event":{"mods":["BaseMod","Colored Map","Downfall","Hermit","Highlight Path","Infinite Spire","Marisa????????","Minty Spire (QoL Compilation)","Replay The Spire","StSLib","The Animator","The Cursed","The Disciple","The Jungle","The Servant 0.9.4"],"gold_per_floor":[99,112,124,140,140,160,160,60,78,70,86,113,113,1,19,130,130,130,153,153,153,153,153,200,221,235,245,145,155,168,181,191,293,293,293,293,293,310,323,323,347,365,376,376,391,403,403,414,414],"floor_reached":50,"language":"ENG","playtime":2493,"items_purged":["hexamod:Strike","hexamod:Sear+1"],"score":671,"play_id":"7100c8cd-061e-45e8-9fb6-cd35710e4243","local_time":"20210123192711","is_ascension_mode":false,"campfire_choices":[{"floor":1,"key":"RECALL"},{"data":"hexamod:HeatCrush","floor":8,"key":"SMITH"},{"floor":13,"key":"REST"},{"data":"hexamod:UnlimitedPower","floor":18,"key":"SMITH"},{"floor":28,"key":"DIG"},{"data":"hexamod:Defend","floor":35,"key":"PURGE"},{"data":"hexamod:VolcanoVisage","floor":40,"key":"SMITH"}],"circlet_count":0,"master_deck":["hexamod:Strike","hexamod:Strike","hexamod:Defend","hexamod:Defend","hexamod:Defend","hexamod:Float","hexamod:HeatCrush+1","hexamod:HauntingEcho","infinitespire:Oblivion","hexamod:SkipABeat","hexamod:GhostOfSpireFuture","hexamod:FastForward","hexamod:FastForward","hexamod:UnlimitedPower+1","hexamod:InspiringFlames","hexamod:GhostflameInferno+1","hexamod:NightmareStrike","hexamod:BacktrackSmack+1","hexamod:FastForward","hexamod:NightmareGuise","hexamod:NightmareStrike","hexamod:SwordOfDarkness+1","hexamod:PhantomFireball","hexamod:VolcanoVisage+1","hexamod:Hexaguard","Shame"],"relics":["hexamod:SpiritBrand","downfall:HeartBlessingRed","Philosopher\u0027s Stone","Replay:Multitool","Busted Crown","downfall:RedIOU","hexamod:TheBrokenSeal","downfall:HeartBlessingBlue","Replay:Bottled Snecko","Cursed Key","Bag of Preparation","PrismaticShard","Vajra","downfall:TeleportStone"],"acts_visited":["Exordium","TheCity","TheBeyond"],"potions_floor_usage":[12,16,16,29,29,33,48,49],"damage_taken":[{"damage":0,"enemies":"Cultist","floor":2,"turns":3},{"damage":6,"enemies":"Jaw Worm","floor":3,"turns":3},{"damage":7,"enemies":"Small Slimes","floor":4,"turns":4},{"damage":1,"enemies":"2 Fungi Beasts","floor":6,"turns":3},{"damage":0,"enemies":"Large Slime","floor":9,"turns":4},{"damage":3,"enemies":"Red Slaver","floor":11,"turns":2},{"damage":0,"enemies":"Blue Slaver","floor":12,"turns":5},{"damage":5,"enemies":"downfall:FleeingMerchant","floor":14,"turns":4},{"damage":0,"enemies":"Large Slime","floor":15,"turns":5},{"damage":26,"enemies":"IC_STATUS_ARCHETYPE","floor":16,"turns":9},{"damage":21,"enemies":"Chosen","floor":19,"turns":5},{"damage":25,"enemies":"Spheric Guardian","floor":25,"turns":5},{"damage":0,"enemies":"Centurion and Healer","floor":26,"turns":5},{"damage":0,"enemies":"Snake Plant","floor":27,"turns":1},{"damage":0,"enemies":"3 Cultists","floor":29,"turns":3},{"damage":10,"enemies":"Centurion and Healer","floor":30,"turns":5},{"damage":7,"enemies":"Cultist and Chosen","floor":31,"turns":3},{"damage":0,"enemies":"Chosen and Byrds","floor":32,"turns":3},{"damage":43,"enemies":"SI_MIRROR_ARCHETYPE","floor":33,"turns":7},{"damage":9,"enemies":"Orb Walker","floor":38,"turns":2},{"damage":30,"enemies":"3 Darklings","floor":39,"turns":4},{"damage":12,"enemies":"Maw","floor":42,"turns":5},{"damage":23,"enemies":"Spire Growth","floor":43,"turns":4},{"damage":16,"enemies":"Jaw Worm Horde","floor":45,"turns":3},{"damage":0,"enemies":"Sphere and 2 Shapes","floor":46,"turns":3},{"damage":0,"enemies":"4 Shapes","floor":48,"turns":2},{"damage":19,"enemies":"WA_ARCHETYPE_DIVINITY","floor":49,"turns":6}],"seed_played":"-4236749194015787446","potions_obtained":[{"floor":4,"key":"SkillPotion"},{"floor":6,"key":"LifebloodPotion"},{"floor":9,"key":"Elixir"},{"floor":11,"key":"Explosive Potion"},{"floor":12,"key":"EssenceOfSteel"},{"floor":15,"key":"hexamod:EctoCoolerPotion"},{"floor":16,"key":"Explosive Potion"},{"floor":19,"key":"FairyPotion"},{"floor":30,"key":"SteroidPotion"},{"floor":31,"key":"LiquidBronze"},{"floor":38,"key":"sneckomod:MuddlingPotion"},{"floor":43,"key":"DistilledChaos"},{"floor":46,"key":"Regen Potion"}],"is_trial":false,"path_per_floor":["R_BF","M","M","M","?","M","T","R","M","?","M","M","R","$","M","B",null,"R","M","AVR","?","?","?","T","M","M","M","R","M","M","M","M","B",null,"R","?","AVR","M","M","R","T","M","M","R","M","M","?","M","B",null],"character_chosen":"THE_SPIRIT","items_purchased":["hexamod:GhostflameInferno+1"],"campfire_rested":1,"item_purchase_floors":[14],"current_hp_per_floor":[77,77,71,64,45,44,44,44,44,37,34,41,64,66,73,47,77,77,56,56,56,77,69,69,87,87,87,97,97,87,80,80,37,97,97,97,97,88,58,58,58,46,23,52,36,36,36,41,22],"gold":414,"neow_bonus":"TEN_PERCENT_HP_BONUS","is_daily":false,"chose_seed":false,"campfire_upgraded":3,"win_rate":0.0,"timestamp":1611426431,"path_taken":["R_BF","M","M","M","?","M","T","R","M","?","M","M","R","$","M","BOSS","R","M","AVR","?","?","?","T","M","?","M","R","M","M","M","M","BOSS","R","?","AVR","M","?","R","T","M","M","R","M","M","?","M","BOSS"],"items_purchased_type":["Card"],"build_version":"2020-12-22","purchased_purges":2,"victory":true,"max_hp_per_floor":[77,77,77,77,77,77,77,77,77,77,77,77,77,77,77,77,77,77,77,77,77,77,77,77,87,87,87,97,97,97,97,97,97,97,97,97,97,97,97,97,97,97,97,97,97,97,97,97,97],"card_choices":[{"not_picked":["hexamod:Incineration","hexamod:NecessarySacrifice"],"picked":"hexamod:HeatCrush","floor":2},{"not_picked":["hexamod:HeatShield","hexamod:Haunt"],"picked":"hexamod:FourthSeal","floor":3},{"not_picked":["hexamod:PhantomCloak","hexamod:BacktrackSmack"],"picked":"hexamod:HauntingEcho","floor":4},{"not_picked":["infinitespire:SealOfDarkness+","Replay:Fractal Strike"],"picked":"infinitespire:Oblivion","floor":5},{"not_picked":["hexamod:ParanormalForm","hexamod:BacktrackSmack"],"picked":"hexamod:GhostLash","floor":6},{"not_picked":["hexamod:HeatMetal","hexamod:GhostLash"],"picked":"hexamod:SkipABeat","floor":9},{"not_picked":["hexamod:SwordOfDarkness","hexamod:ExtraCrispy"],"picked":"hexamod:GhostOfSpireFuture","floor":11},{"not_picked":["hexamod:NightmareStrike","hexamod:Hexaguard"],"picked":"hexamod:FastForward","floor":12},{"not_picked":["hexamod:GhostShield","hexamod:Rewind"],"picked":"hexamod:FastForward","floor":12},{"not_picked":["hexamod:InspiringFlames","hexamod:NightmareStrike"],"picked":"hexamod:UnlimitedPower","floor":14},{"not_picked":["hexamod:BurningTouch","hexamod:Firestarter"],"picked":"hexamod:InspiringFlames","floor":14},{"not_picked":["hexamod:InspiringFlames","hexamod:PhantomCloak"],"picked":"hexamod:NightmareStrike","floor":15},{"not_picked":["hexamod:BurningTouch","hexamod:RetreatToShadows","hexamod:Hexaguard"],"picked":"SKIP","floor":15},{"not_picked":["hexamod:WildfireWeapon","hexamod:HexaLevel"],"picked":"hexamod:FifthSeal","floor":16},{"not_picked":["hexamod:ThirdSeal","hexamod:SecondSeal"],"picked":"hexamod:SixthSeal","floor":19},{"not_picked":["hexamod:ExtraCrispy+1","hexamod:GhostLash+1"],"picked":"hexamod:BacktrackSmack+1","floor":19},{"not_picked":["hexamod:SpectersWail","hexamod:PhantomFireball"],"picked":"hexamod:FastForward","floor":19},{"not_picked":[],"picked":"hexamod:NightmareGuise","floor":25},{"not_picked":[],"picked":"hexamod:NightmareStrike","floor":26},{"not_picked":[],"picked":"hexamod:SwordOfDarkness","floor":27},{"not_picked":[],"picked":"hexamod:PhantomFireball","floor":29},{"not_picked":[],"picked":"hexamod:VolcanoVisage","floor":30},{"not_picked":["hexamod:HauntingEcho"],"picked":"SKIP","floor":31},{"not_picked":[],"picked":"hexamod:Hexaguard","floor":32},{"not_picked":["Guardian:CrystalBeam"],"picked":"SKIP","floor":38},{"not_picked":["bronze:DelayedGuard"],"picked":"SKIP","floor":39},{"not_picked":["Replace+1"],"picked":"SKIP","floor":42},{"not_picked":["sneckomod:Nope+1"],"picked":"SKIP","floor":43},{"not_picked":["animator:Berserker"],"picked":"SKIP","floor":45},{"not_picked":["animator:Viivi"],"picked":"SKIP","floor":46},{"not_picked":["Crescendo+1"],"picked":"SKIP","floor":48}],"player_experience":606083,"relics_obtained":[{"floor":7,"key":"Chameleon Ring"},{"floor":28,"key":"Replay:Bottled Snecko"},{"floor":36,"key":"Bag of Preparation"},{"floor":41,"key":"Vajra"}],"event_choices":[{"damage_healed":25,"gold_gain":0,"player_choice":"Heal","damage_taken":0,"max_hp_gain":0,"max_hp_loss":0,"event_name":"The Library","floor":22,"gold_loss":0},{"damage_healed":0,"gold_gain":0,"player_choice":"Relic","damage_taken":0,"max_hp_gain":0,"max_hp_loss":0,"event_name":"Wheel of Change","floor":36,"gold_loss":0}],"is_beta":false,"boss_relics":[{"not_picked":["Sozu","Pandora\u0027s Box"],"picked":"Philosopher\u0027s Stone"},{"not_picked":["Replay:Fungal Core","Painkiller Herb"],"picked":"Cursed Key"}],"items_purged_floors":[20,37],"is_endless":false,"potions_floor_spawned":[6,11,12,15,26,27,30,31,38,39,43,46],"ascension_level":0}}