{"host":"d8hh7rr4yzitjeuj","time":1611416820,"event":{"mods":["2.2 Compatiblity","AchievementEnabler","Act Like it!","BaseMod","Colored Map","Colored Powertips","Highlight Path","Keyboard Shortcuts","Minty Spire (QoL Compilation)","Permanent Neow","Quick Restart","StSLib","SuperFastMode"],"gold_per_floor":[118,193,343,343,359,359,384,399,399,399,451,451,466,480,480,480,480],"floor_reached":16,"language":"KOR","playtime":323,"items_purged":[],"score":200,"play_id":"d968a271-98fe-43bc-971b-cf1fbe742ef5","local_time":"20210124004700","is_ascension_mode":true,"campfire_choices":[{"data":"Redo","floor":6,"key":"SMITH"},{"data":"Defragment","floor":12,"key":"SMITH"},{"data":"Coolheaded","floor":15,"key":"SMITH"}],"circlet_count":0,"master_deck":["AscendersBane","Strike_B","Strike_B","Strike_B","Strike_B","Defend_B","Defend_B","Defend_B","Defend_B","Zap+1","Dualcast","Rebound","Doubt","Redo+1","Defragment+1","Coolheaded+1","Conserve Battery","Hologram"],"relics":["Cracked Core","FaceOfCleric","HornCleat","Darkstone Periapt","Bag of Preparation"],"acts_visited":["Exordium"],"potions_floor_usage":[],"damage_taken":[{"damage":10,"enemies":"2 Louse","floor":1,"turns":2},{"damage":0,"enemies":"Small Slimes","floor":5,"turns":3},{"damage":20,"enemies":"Lagavulin","floor":7,"turns":7},{"damage":0,"enemies":"Cultist","floor":8,"turns":3},{"damage":0,"enemies":"Large Slime","floor":13,"turns":4},{"damage":3,"enemies":"Blue Slaver","floor":14,"turns":3},{"damage":54,"enemies":"Hexaghost","floor":16,"turns":9}],"seed_played":"-2647175096189222447","potions_obtained":[{"floor":7,"key":"PotionOfCapacity"},{"floor":13,"key":"Ancient Potion"}],"is_trial":false,"path_per_floor":["M","?","?","?","M","R","E","M","T","?","T","R","M","M","R","B"],"character_chosen":"DEFECT","items_purchased":[],"campfire_rested":0,"item_purchase_floors":[],"current_hp_per_floor":[54,43,43,43,44,44,25,26,26,50,50,50,51,49,49,0,0],"gold":480,"neow_bonus":"UPGRADE_CARD","is_daily":false,"chose_seed":false,"campfire_upgraded":3,"win_rate":0.0,"timestamp":1611416820,"path_taken":["M","?","?","?","?","R","E","M","T","?","?","R","M","?","R","BOSS"],"items_purchased_type":[],"build_version":"2020-12-22","purchased_purges":0,"victory":false,"max_hp_per_floor":[71,71,71,71,72,72,73,74,74,74,74,74,75,76,76,76,76],"card_choices":[{"not_picked":["Compile Driver","Go for the Eyes"],"picked":"Rebound","floor":1},{"not_picked":["Compile Driver","Beam Cell"],"picked":"Redo","floor":5},{"not_picked":["Heatsinks","Capacitor"],"picked":"Defragment","floor":7},{"not_picked":["White Noise","Steam Power"],"picked":"Coolheaded","floor":8},{"not_picked":["Storm","Hyperbeam"],"picked":"Conserve Battery","floor":13},{"not_picked":["Blizzard","Redo"],"picked":"Hologram","floor":14}],"player_experience":1452726,"relics_obtained":[{"floor":7,"key":"HornCleat"},{"floor":9,"key":"Darkstone Periapt"},{"floor":11,"key":"Bag of Preparation"}],"event_choices":[{"damage_healed":0,"gold_gain":75,"player_choice":"Gather Gold","damage_taken":11,"max_hp_gain":0,"max_hp_loss":0,"event_name":"World of Goop","floor":2,"gold_loss":0},{"damage_healed":0,"gold_gain":150,"player_choice":"AGREE","damage_taken":0,"max_hp_gain":0,"max_hp_loss":0,"event_name":"Liars Game","floor":3,"gold_loss":0,"cards_obtained":["Doubt"]},{"damage_healed":0,"gold_gain":0,"player_choice":"Trade","damage_taken":0,"relics_obtained":["FaceOfCleric"],"max_hp_gain":0,"max_hp_loss":0,"event_name":"FaceTrader","floor":4,"gold_loss":0},{"damage_healed":24,"gold_gain":0,"player_choice":"Banana","damage_taken":0,"max_hp_gain":0,"max_hp_loss":0,"event_name":"Big Fish","floor":10,"gold_loss":0}],"is_beta":false,"boss_relics":[],"items_purged_floors":[],"is_endless":false,"potions_floor_spawned":[7,13,14],"killed_by":"Hexaghost","ascension_level":20}}