{"host":"15f3wpiimhe5yrng","time":1611372632,"event":{"mods":["100% Spire Juice","2.2 Compatiblity","BaseMod","Bestiary","Better Altar","Better Match","Better Note","Better Sensory Stone","Better Skull","Better Third Choice","Colored Map","Colored Powertips","Downfall","Good Game Mod","Ironclad Rager","Marisa????????","Minty Spire (QoL Compilation)","Permanent Neow","Relic Filter","SacredBarkPlus","Spicy Shops","Spire Arcade","StSLib","The Animator","The Marked","TheSwordswoman"],"gold_per_floor":[16,16,16,16,29,57,74,101,101,101,129,7,26,26,26,124,124,135,135,125,64,77,77,112,187,187,234,246,270,282,313,325,432,444,474,114,114,132,144,144,179,198,198,198,214,266,266,295,295,295,295,295,16,44,44],"floor_reached":56,"language":"ENG","playtime":3165,"items_purged":["Decay"],"score":1313,"play_id":"cc61ad2b-f4e2-4041-ab71-e27c8d46faff","local_time":"20210123043032","is_ascension_mode":false,"campfire_choices":[{"data":"Wraith Form v2","floor":10,"key":"SMITH"},{"data":"animator:KoishiKomeiji","floor":15,"key":"SMITH"},{"data":"Wraith Form v2","floor":23,"key":"SMITH"},{"data":"Deadly Poison","floor":28,"key":"SMITH"},{"data":"ICR:Cloudkill","floor":32,"key":"SMITH"},{"floor":40,"key":"RECALL"},{"data":"ICR:Paralyse","floor":47,"key":"SMITH"},{"data":"ICR:Cloudkill","floor":49,"key":"SMITH"},{"data":"Deadly Poison","floor":52,"key":"SMITH"}],"circlet_count":0,"master_deck":["Survivor","Neutralize","animator:KoishiKomeiji+1","Poisoned Stab","Poisoned Stab","Poisoned Stab","Poisoned Stab","Poisoned Stab","Dodge and Roll","Dodge and Roll","Dodge and Roll","PiercingWail","Slice","Dodge and Roll","Wraith Form v2+1","Wraith Form v2+1","Footwork","Malaise","Deflect+1","Reboot","Deadly Poison+1","Wraith Form v2+1","Deadly Poison","Expertise","ICR:Cloudkill+1","ICR:Paralyse+1","ICR:Cloudkill+1","Parasite","Writhe","Deadly Poison+1","Night Terror"],"relics":["Ring of the Snake","REME:ComplimentaryCards","Juzu Bracelet","Orichalcum","Kunai","Tiny Chest","StoneCalendar","SlaversCollar","DollysMirror","Regal Pillow","MawBank","Bag of Preparation","Pear","Coffee Dripper","Incense Burner","Anchor","Centennial Puzzle","CatCart","Shuriken","Membership Card","Mummified Hand","FossilizedHelix"],"acts_visited":["Exordium","TheCity","TheBeyond","TheEnding"],"potions_floor_usage":[6,13,55,55,55],"damage_taken":[{"damage":0,"enemies":"Jaw Worm","floor":1,"turns":4},{"damage":0,"enemies":"Cultist","floor":5,"turns":2},{"damage":10,"enemies":"3 Sentries","floor":6,"turns":10},{"damage":1,"enemies":"Small Slimes","floor":7,"turns":3},{"damage":3,"enemies":"Lagavulin","floor":8,"turns":7},{"damage":16,"enemies":"Gremlin Nob","floor":11,"turns":6},{"damage":3,"enemies":"Exordium Thugs","floor":13,"turns":5},{"damage":6,"enemies":"Slime Boss","floor":16,"turns":7},{"damage":0,"enemies":"Spheric Guardian","floor":18,"turns":6},{"damage":1,"enemies":"2 Thieves","floor":20,"turns":4},{"damage":0,"enemies":"Snake Plant","floor":22,"turns":4},{"damage":2,"enemies":"Book of Stabbing","floor":24,"turns":7},{"damage":0,"enemies":"Gremlin Leader","floor":27,"turns":7},{"damage":0,"enemies":"Cultist and Chosen","floor":29,"turns":7},{"damage":20,"enemies":"Sentry and Sphere","floor":31,"turns":5},{"damage":11,"enemies":"Automaton","floor":33,"turns":11},{"damage":0,"enemies":"Orb Walker","floor":35,"turns":5},{"damage":0,"enemies":"Orb Walker","floor":37,"turns":5},{"damage":0,"enemies":"3 Darklings","floor":38,"turns":5},{"damage":12,"enemies":"4 Shapes","floor":39,"turns":7},{"damage":8,"enemies":"Reptomancer","floor":41,"turns":6},{"damage":1,"enemies":"Writhing Mass","floor":42,"turns":7},{"damage":11,"enemies":"Sphere and 2 Shapes","floor":45,"turns":5},{"damage":4,"enemies":"Orin","floor":46,"turns":9},{"damage":0,"enemies":"Nemesis","floor":48,"turns":7},{"damage":5,"enemies":"Awakened One","floor":50,"turns":15},{"damage":0,"enemies":"Shield and Spear","floor":54,"turns":7},{"damage":61,"enemies":"The Heart","floor":55,"turns":13}],"seed_played":"-4840723636812014705","potions_obtained":[{"floor":1,"key":"LiquidMemories"},{"floor":8,"key":"Guardian:BlockOnCardUsePotion"},{"floor":13,"key":"Fire Potion"},{"floor":16,"key":"Regen Potion"},{"floor":18,"key":"Guardian:BlockOnCardUsePotion"},{"floor":42,"key":"DuplicationPotion"}],"is_trial":false,"path_per_floor":["M","?","$","T","M","E","M","E","T","R","E","$","M","?","R","B",null,"M","?","M","$","M","R","E","?","T","E","R","M","T","M","R","B",null,"M","$","?","M","M","R","E","M","T","?","M","?","R","E","R","B",null,"R","$","E","B",null],"character_chosen":"THE_SILENT","items_purchased":["StoneCalendar","DollysMirror","Incense Burner","Membership Card","Mummified Hand"],"campfire_rested":0,"item_purchase_floors":[12,21,36,53,53],"current_hp_per_floor":[45,45,45,45,45,35,34,31,31,31,15,15,12,12,12,6,60,60,60,59,59,59,59,57,51,51,51,51,51,61,41,41,30,70,70,70,70,70,58,58,50,49,49,67,56,52,52,52,52,47,70,70,70,70,24],"gold":44,"neow_bonus":"SILENT_ASSASSIN","is_daily":false,"chose_seed":false,"campfire_upgraded":8,"win_rate":0.0,"timestamp":1611372632,"path_taken":["M","?","?","?","M","E","M","E","T","R","E","$","M","?","R","BOSS","M","?","M","$","M","R","E","?","T","E","R","M","?","M","R","BOSS","M","$","?","M","M","R","E","M","T","?","M","?","R","E","R","BOSS","R","$","E","BOSS"],"items_purchased_type":["Relic","Relic","Relic","Relic","Relic"],"build_version":"2020-12-22","purchased_purges":1,"victory":true,"max_hp_per_floor":[63,63,63,63,63,63,63,63,63,63,63,63,63,60,60,60,60,60,60,60,60,60,60,60,60,60,60,60,60,70,70,70,70,70,70,70,70,70,70,70,70,70,70,70,70,70,70,70,70,70,70,70,70,70,70],"card_choices":[{"not_picked":["Calculated Gamble","Terror"],"picked":"PiercingWail","floor":1},{"not_picked":["Dagger Throw","Heel Hook","Prepared"],"picked":"SKIP","floor":5},{"not_picked":["Backstab","Slice","Dagger Spray"],"picked":"SKIP","floor":6},{"not_picked":["Poisoned Stab","Blade Dance"],"picked":"Dodge and Roll","floor":7},{"not_picked":["Acrobatics","Eviscerate"],"picked":"Wraith Form v2","floor":8},{"not_picked":["Deflect","Acrobatics"],"picked":"Wraith Form v2","floor":11},{"not_picked":["Skewer","Outmaneuver"],"picked":"Footwork","floor":13},{"not_picked":["Bullet Time","Envenom"],"picked":"Malaise","floor":16},{"not_picked":["Masterful Stab","Acrobatics"],"picked":"Deflect+1","floor":18},{"not_picked":["Prepared","Expertise"],"picked":"Deadly Poison","floor":20},{"not_picked":["Prepared","Predator"],"picked":"Deadly Poison","floor":22},{"not_picked":["Deflect","Outmaneuver"],"picked":"Expertise","floor":24},{"not_picked":["Choke","PiercingWail","Caltrops"],"picked":"SKIP","floor":27},{"not_picked":["After Image","Dagger Throw","Blade Dance+1"],"picked":"SKIP","floor":29},{"not_picked":["Skewer+1","Prepared+1"],"picked":"ICR:Cloudkill","floor":31},{"not_picked":["Bullet Time","Glass Knife"],"picked":"ICR:Paralyse","floor":33},{"not_picked":["Predator","Reflex+1","Bane"],"picked":"SKIP","floor":35},{"not_picked":["Distraction+1","ICR:Vanish"],"picked":"ICR:Cloudkill","floor":38},{"not_picked":["Sucker Punch+1","Choke","Terror"],"picked":"SKIP","floor":39},{"not_picked":["Deflect","Flying Knee","Infinite Blades"],"picked":"SKIP","floor":41},{"not_picked":["Dagger Throw","Glass Knife","Leg Sweep"],"picked":"SKIP","floor":42},{"not_picked":["Expertise","Slice+1","Underhanded Strike+1"],"picked":"SKIP","floor":45},{"not_picked":["Flechettes","Quick Slash"],"picked":"Deadly Poison","floor":46},{"not_picked":["All Out Attack+1","Sucker Punch+1","Venomology"],"picked":"SKIP","floor":48},{"not_picked":["Tactician+1","Dodge and Roll"],"picked":"Night Terror","floor":54}],"player_experience":172062,"relics_obtained":[{"floor":6,"key":"Juzu Bracelet"},{"floor":8,"key":"Orichalcum"},{"floor":9,"key":"Kunai"},{"floor":11,"key":"Tiny Chest"},{"floor":24,"key":"Regal Pillow"},{"floor":26,"key":"MawBank"},{"floor":27,"key":"Bag of Preparation"},{"floor":30,"key":"Pear"},{"floor":41,"key":"Anchor"},{"floor":43,"key":"Centennial Puzzle"},{"floor":46,"key":"CatCart"},{"floor":48,"key":"Shuriken"},{"floor":54,"key":"FossilizedHelix"}],"event_choices":[{"damage_healed":0,"gold_gain":0,"cards_transformed":["Dodge and Roll"],"player_choice":"Transformed","damage_taken":0,"max_hp_gain":0,"max_hp_loss":0,"event_name":"Transmorgrifier","floor":2,"gold_loss":0,"cards_obtained":["Slice"]},{"cards_removed":["Clumsy","Parasite"],"damage_healed":0,"gold_gain":0,"player_choice":"Removed Curses","damage_taken":0,"max_hp_gain":0,"max_hp_loss":0,"event_name":"Fountain of Cleansing","floor":14,"gold_loss":0},{"cards_removed":["animator:KoishiKomeiji"],"damage_healed":0,"gold_gain":0,"player_choice":"Take \u0026 Give","damage_taken":0,"max_hp_gain":0,"max_hp_loss":0,"event_name":"betterNote:BetterNote","floor":19,"gold_loss":0,"cards_obtained":["Reboot"]},{"damage_healed":0,"gold_gain":75,"player_choice":"Touch","damage_taken":6,"max_hp_gain":0,"max_hp_loss":0,"event_name":"FaceTrader","floor":25,"gold_loss":0},{"damage_healed":18,"gold_gain":0,"player_choice":"Writhe","damage_taken":0,"max_hp_gain":0,"max_hp_loss":0,"event_name":"Winding Halls","floor":44,"gold_loss":0,"cards_obtained":["Writhe"]},{"damage_healed":0,"gold_gain":0,"player_choice":"Fight","damage_taken":0,"max_hp_gain":0,"max_hp_loss":0,"event_name":"OrinTheCat","floor":46,"gold_loss":0}],"is_beta":false,"boss_relics":[{"not_picked":["Philosopher\u0027s Stone","SacredBark"],"picked":"SlaversCollar"},{"not_picked":["Velvet Choker","WristBlade"],"picked":"Coffee Dripper"}],"items_purged_floors":[36],"is_endless":false,"potions_floor_spawned":[1,8,13,16,18,20,27,37,38,42,45,48],"ascension_level":0}}