{"host":"a5523bqxi3k68xf3","time":1611443935,"event":{"mods":["BaseMod","BetterRewards","Hermit","Koishi","Marisa????????","Minty Spire (QoL Compilation)","Quick Restart","Random Character Button","Relic Stats","Shop Mod","StSLib","The Animator","The Cursed","The Necromancer","The Servant 0.9.4"],"gold_per_floor":[118,129,5,5,22,54,68,93,170,197,197,31,56,68,68,167,167,180,180,180,104,121,156,156,182,182,182,200,230,246,277,277,378,378,396,446,460,471,525,277,277,308,385,395,284,315,381,403,415,427],"floor_reached":51,"language":"ENG","playtime":2428,"items_purged":["Koishi:BasicStrike","Koishi:BasicDefend","Koishi:BasicStrike","Koishi:HeartAttack+1","Koishi:SubterraneanRose"],"score":1442,"play_id":"b9aecd7c-d7ff-487a-a493-5bf65a72610f","local_time":"20210124001855","is_ascension_mode":true,"campfire_choices":[{"data":"Koishi:TerrifyingSpectre","floor":15.0,"key":"SMITH"},{"data":"Koishi:HeartStoppingHorror","floor":24,"key":"SMITH"},{"data":"Koishi:JumpScare","floor":32,"key":"SMITH"},{"data":"Koishi:RacingHeart","floor":41,"key":"SMITH"},{"data":"Koishi:RacingHeart","floor":49,"key":"SMITH"}],"circlet_count":0,"master_deck":["Koishi:BasicDefend","Koishi:BasicDefend","Koishi:Provoke","Koishi:HauntingSlash","Koishi:ImGoingToCallYouNow+1","Koishi:RacingHeart+1","Koishi:StingingMind","Koishi:JumpScare+1","Koishi:BloodcurdlingScream+1","Koishi:RacingHeart+1","Koishi:TremblingHands","Koishi:TerrifyingSpectre+1","Koishi:MindNumbingTerror","Koishi:HeartStoppingHorror+1","Koishi:ParalyzingFear","Koishi:JumpScare+1","Koishi:DreadfulBlow"],"relics":["Koishi:ImaginaryFriend","Membership Card","Bag of Preparation","Ginger","Anchor","HandDrill","HornCleat","Darkstone Periapt","TungstenRod","Sundial","Dream Catcher","Pen Nib","MealTicket","Koishi:ColorfulDays","MutagenicStrength","Bag of Marbles","Lantern","Shuriken","White Beast Statue","Art of War","Happy Flower","SacredBark","Koishi:ImperfectMetamorphosis","CatCart","Whetstone","ClockworkSouvenir","Ornamental Fan","Letter Opener","MawBank","Du-Vu Doll"],"acts_visited":["TheCity","TheBeyond"],"potions_floor_usage":[28,29,31,33,36,39,39,39,42,50,50,50,50,50],"damage_taken":[{"damage":0.0,"enemies":"Jaw Worm","floor":1.0,"turns":2.0},{"damage":6.0,"enemies":"Cultist","floor":2.0,"turns":3.0},{"damage":0.0,"enemies":"2 Louse","floor":5.0,"turns":2.0},{"damage":20.0,"enemies":"Lagavulin","floor":6.0,"turns":6.0},{"damage":4.0,"enemies":"Exordium Thugs","floor":7.0,"turns":4.0},{"damage":4.0,"enemies":"3 Sentries","floor":8.0,"turns":5.0},{"damage":0.0,"enemies":"Gremlin Nob","floor":10.0,"turns":3.0},{"damage":19.0,"enemies":"Lagavulin","floor":13.0,"turns":5.0},{"damage":10.0,"enemies":"Exordium Wildlife","floor":14.0,"turns":4.0},{"damage":28.0,"enemies":"The Guardian","floor":16.0,"turns":9.0},{"damage":20,"enemies":"Spheric Guardian","floor":18,"turns":4},{"damage":10,"enemies":"2 Thieves","floor":22,"turns":3},{"damage":33,"enemies":"Book of Stabbing","floor":23,"turns":5},{"damage":10,"enemies":"Slavers","floor":25,"turns":4},{"damage":0,"enemies":"3 Cultists","floor":28,"turns":3},{"damage":14,"enemies":"Gremlin Leader","floor":29,"turns":3},{"damage":1,"enemies":"Cultist and Chosen","floor":30,"turns":3},{"damage":5,"enemies":"Slavers","floor":31,"turns":3},{"damage":8,"enemies":"Automaton","floor":33,"turns":5},{"damage":9,"enemies":"3 Darklings","floor":35,"turns":4},{"damage":1,"enemies":"Mind Bloom Boss Battle","floor":36,"turns":5},{"damage":7,"enemies":"3 Shapes","floor":37,"turns":3},{"damage":0,"enemies":"Jaw Worm Horde","floor":38,"turns":3},{"damage":60,"enemies":"Orin","floor":39,"turns":7},{"damage":7,"enemies":"Reptomancer","floor":42,"turns":2},{"damage":0,"enemies":"4 Shapes","floor":44,"turns":1},{"damage":0,"enemies":"Giant Head","floor":46,"turns":5},{"damage":0,"enemies":"2 Orb Walkers","floor":47,"turns":3},{"damage":0,"enemies":"3 Darklings","floor":48,"turns":2},{"damage":48,"enemies":"Donu and Deca","floor":50,"turns":5}],"seed_played":"-4169627915448808143","potions_obtained":[{"floor":2.0,"key":"EssenceOfSteel"},{"floor":7.0,"key":"Explosive Potion"},{"floor":8.0,"key":"FearPotion"},{"floor":28,"key":"Fruit Juice"},{"floor":29,"key":"EssenceOfSteel"},{"floor":31,"key":"Dexterity Potion"},{"floor":33,"key":"SneckoOil"},{"floor":35,"key":"Strength Potion"},{"floor":36,"key":"Block Potion"},{"floor":38,"key":"DuplicationPotion"},{"floor":39,"key":"AttackPotion"},{"floor":42,"key":"EntropicBrew"},{"floor":44,"key":"CultistPotion"},{"floor":46,"key":"PowerPotion"}],"is_trial":false,"path_per_floor":["M","M","$","?","M","E","M","E","T","E","?","$","E","M","R","B",null,"M","?","?","$","M","E","R","E","T","T","M","E","M","E","R","B",null,"M","?","M","M","?","$","R","E","T","M","$","E","?","M","R","B",null],"character_chosen":"KOISHI","items_purchased":["Membership Card","Koishi:ImGoingToCallYouNow","Koishi:RacingHeart","Koishi:StingingMind","Bag of Preparation","Koishi:JumpScare","Ginger","Koishi:BloodcurdlingScream","Koishi:RacingHeart","Anchor","HandDrill","Swift Potion","Weak Potion","HornCleat","Koishi:MindNumbingTerror","Pen Nib","Koishi:ParalyzingFear","Whetstone","ClockworkSouvenir","Fire Potion","Koishi:DreadfulBlow"],"campfire_rested":0,"item_purchase_floors":[0,0,0,0,0,0,0,0,0,0,0,0,0,3,12,12,21,40,40,40,45],"current_hp_per_floor":[27,36,36,36,41,42,51,49,49,60,60,60,60,60,60,60,60,60,60,60,60,60,42,42,55,55,55,60,65,65,65,65,65,65,65,65,65,65,59,65,65,65,65,65,65,65,65,65,65,54],"gold":439,"neow_bonus":"","is_daily":false,"chose_seed":false,"campfire_upgraded":5,"win_rate":0.0,"timestamp":1611443935,"path_taken":["M","M","$","?","M","E","?","E","T","E","?","?","E","M","R","BOSS","M","?","?","$","M","E","R","E","T","?","M","E","M","E","R","BOSS","M","?","M","M","?","$","R","E","T","M","$","E","?","M","R","BOSS"],"items_purchased_type":["Relic","Card","Card","Card","Relic","Card","Relic","Card","Card","Relic","Relic","Potion","Potion","Relic","Card","Relic","Card","Relic","Relic","Potion","Card"],"build_version":"2020-12-22","purchased_purges":5,"victory":true,"max_hp_per_floor":[60,60,60,60,60,60,60,60,60,60,60,60,60,60,60,60,60,60,60,60,60,60,60,60,60,60,60,60,65,65,65,65,65,65,65,65,65,65,65,65,65,65,65,65,65,65,65,65,65,65],"relic_stats":{"Darkstone Periapt":0,"Happy Flower":[44],"counters":[139,534],"Pen Nib":[18],"Bag of Preparation":[60],"Ginger":[7],"Whetstone":["Koishi:BloodcurdlingScream","Koishi:HeartAttack"],"Letter Opener":[50],"MawBank":60,"Dream Catcher":0,"Sundial":[12],"Shuriken":[37],"Ornamental Fan":[44],"MealTicket":6,"HandDrill":[30],"Art of War":[3],"obtain_stats":[{"Ice Cream":36,"Gremlin Horn":24,"CeramicFish":42,"Spirit Poop":20,"Vajra":24,"Ginger":0,"Whetstone":40,"Sling":37,"Boot":7,"Koishi:ColorfulDays":17,"Blood Vial":41,"HornCleat":3,"Sundial":44,"Strawberry":0,"MealTicket":13,"Koishi:ImperfectMetamorphosis":36,"Necronomicon":22,"HandDrill":0,"Kunai":3,"Girya":8,"Pear":9,"Happy Flower":0,"Astrolabe":34,"Oddly Smooth Stone":29,"Pen Nib":22,"Koishi:TeethAndClaws":0,"Letter Opener":43,"War Paint":30,"Question Card":24,"Akabeko":6,"Du-Vu Doll":30,"Runic Dome":34,"SlaversCollar":34,"Bottled Flame":25,"Shuriken":44,"MutagenicStrength":28,"Bird Faced Urn":40,"Bronze Scales":23,"Black Star":34,"CatCart":39,"StrikeDummy":44,"Unceasing Top":41,"Meat on the Bone":0,"Darkstone Periapt":6,"Regal Pillow":9,"Lantern":25,"Torii":10,"Singing Bowl":43,"SacredBark":34,"Juzu Bracelet":21,"Bag of Preparation":0,"TeardropLocket":10,"Ancient Tea Set":26,"ClockworkSouvenir":19,"Nunchaku":47,"Dream Catcher":10,"TheAbacus":19,"Mummified Hand":43,"Pantograph":13,"Toolbox":0,"Tiny Chest":7,"Koishi:AHoleWhereASisterShouldBe":9,"Red Mask":38,"Koishi:BloodstainedWhiteRose":29,"InkBottle":40,"Potion Belt":12,"Lee\u0027s Waffle":48,"NeowsBlessing":0,"The Courier":26,"Omamori":31,"Orichalcum":0,"Frozen Egg 2":5,"MawBank":46,"White Beast Statue":27,"Mercury Hourglass":7,"Anchor":26,"Busted Crown":17,"Ornamental Fan":46,"Orrery":3,"Bag of Marbles":43,"Art of War":45,"Bottled Lightning":36,"Membership Card":38,"PureWater":0,"Toy Ornithopter":25,"TungstenRod":8,"Koishi:ImaginaryFriend":0},{"Ice Cream":59,"Gremlin Horn":99,"CeramicFish":62,"Spirit Poop":76,"Vajra":78,"Ginger":109,"Whetstone":133,"Sling":16,"Boot":21,"Koishi:ColorfulDays":27,"Blood Vial":39,"HornCleat":111,"Sundial":63,"Strawberry":66,"MealTicket":117,"Koishi:ImperfectMetamorphosis":130,"Necronomicon":51,"HandDrill":109,"Kunai":42,"Girya":92,"Pear":92,"Happy Flower":87,"Astrolabe":15,"Oddly Smooth Stone":101,"Pen Nib":12,"Koishi:TeethAndClaws":87,"Letter Opener":134,"War Paint":80,"Question Card":53,"Akabeko":4,"Du-Vu Doll":34,"Runic Dome":57,"SlaversCollar":81,"Bottled Flame":100,"Shuriken":84,"MutagenicStrength":54,"Bird Faced Urn":60,"Bronze Scales":78,"Black Star":102,"CatCart":133,"StrikeDummy":107,"Unceasing Top":39,"Meat on the Bone":87,"Darkstone Periapt":113,"Regal Pillow":4,"Lantern":123,"Torii":23,"Singing Bowl":62,"SacredBark":128,"Juzu Bracelet":12,"Bag of Preparation":109,"TeardropLocket":5,"Ancient Tea Set":53,"ClockworkSouvenir":50,"Nunchaku":65,"Dream Catcher":116,"TheAbacus":76,"Mummified Hand":106,"Pantograph":94,"Toolbox":87,"Tiny Chest":4,"Koishi:AHoleWhereASisterShouldBe":71,"Red Mask":16,"Koishi:BloodstainedWhiteRose":54,"InkBottle":106,"Potion Belt":7,"Lee\u0027s Waffle":108,"NeowsBlessing":0,"The Courier":13,"Omamori":14,"Orichalcum":40,"Frozen Egg 2":89,"MawBank":136,"White Beast Statue":123,"Mercury Hourglass":45,"Anchor":33,"Busted Crown":10,"Ornamental Fan":108,"Orrery":89,"Bag of Marbles":84,"Art of War":107,"Bottled Lightning":16,"Membership Card":39,"PureWater":0,"Toy Ornithopter":33,"TungstenRod":115,"Koishi:ImaginaryFriend":0},{"Ice Cream":218,"Gremlin Horn":379,"CeramicFish":226,"Spirit Poop":284,"Vajra":291,"Ginger":418,"Whetstone":516,"Sling":49,"Boot":66,"Koishi:ColorfulDays":90,"Blood Vial":146,"HornCleat":423,"Sundial":229,"Strawberry":239,"MealTicket":448,"Koishi:ImperfectMetamorphosis":503,"Necronomicon":194,"HandDrill":418,"Kunai":161,"Girya":354,"Pear":354,"Happy Flower":330,"Astrolabe":45,"Oddly Smooth Stone":388,"Pen Nib":32,"Koishi:TeethAndClaws":330,"Letter Opener":518,"War Paint":298,"Question Card":199,"Akabeko":7,"Du-Vu Doll":123,"Runic Dome":211,"SlaversCollar":305,"Bottled Flame":384,"Shuriken":315,"MutagenicStrength":201,"Bird Faced Urn":220,"Bronze Scales":291,"Black Star":392,"CatCart":516,"StrikeDummy":407,"Unceasing Top":146,"Meat on the Bone":330,"Darkstone Periapt":431,"Regal Pillow":7,"Lantern":477,"Torii":73,"Singing Bowl":226,"SacredBark":494,"Juzu Bracelet":32,"Bag of Preparation":418,"TeardropLocket":10,"Ancient Tea Set":199,"ClockworkSouvenir":190,"Nunchaku":234,"Dream Catcher":443,"TheAbacus":284,"Mummified Hand":402,"Pantograph":360,"Toolbox":330,"Tiny Chest":7,"Koishi:AHoleWhereASisterShouldBe":259,"Red Mask":49,"Koishi:BloodstainedWhiteRose":201,"InkBottle":402,"Potion Belt":13,"Lee\u0027s Waffle":414,"NeowsBlessing":0,"The Courier":35,"Omamori":38,"Orichalcum":154,"Frozen Egg 2":337,"MawBank":524,"White Beast Statue":477,"Mercury Hourglass":175,"Anchor":118,"Busted Crown":25,"Ornamental Fan":414,"Orrery":337,"Bag of Marbles":315,"Art of War":407,"Bottled Lightning":49,"Membership Card":146,"PureWater":0,"Toy Ornithopter":118,"TungstenRod":440,"Koishi:ImaginaryFriend":0}],"TungstenRod":55},"card_choices":[{"not_picked":["Koishi:RacingHeart","Koishi:FleetingPhantom"],"picked":"Koishi:TremblingHands","floor":1.0},{"not_picked":["Koishi:FidgetySnatcher","Koishi:IdleWhim","Koishi:UnansweredLove"],"picked":"SKIP","floor":2.0},{"not_picked":["Koishi:Jaunt","Koishi:HeartfeltFancy","Koishi:PhantomBarrier"],"picked":"SKIP","floor":5.0},{"not_picked":["Koishi:FleetingPhantom","Koishi:Whimsy","Koishi:StingingMind"],"picked":"SKIP","floor":6.0},{"not_picked":["Koishi:HeartfeltFancy","Koishi:UnansweredLove","Koishi:TraumaticStroke"],"picked":"SKIP","floor":7.0},{"not_picked":["Koishi:StingingMind","Koishi:StrangeCloudFist","Koishi:Possession"],"picked":"SKIP","floor":8.0},{"not_picked":["Koishi:HeartfeltFancy","Koishi:Untouchable"],"picked":"Koishi:TerrifyingSpectre","floor":10.0},{"not_picked":["Koishi:PredatoryInstincts","Koishi:HeartAttack","Koishi:UnseenTerror"],"picked":"SKIP","floor":13.0},{"not_picked":["Koishi:UnconsciousUprising","Koishi:BloodcurdlingScream","Koishi:SpiritedAway"],"picked":"SKIP","floor":14.0},{"not_picked":["Koishi:Ego","Koishi:FormlessExistence"],"picked":"Koishi:HeartStoppingHorror","floor":16.0},{"not_picked":["Koishi:ReflexRadar","Koishi:ReleaseOfTheId","Koishi:FleetingPhantom"],"picked":"SKIP","floor":18},{"not_picked":["Koishi:RorschachInDanmaku","Koishi:Jaunt","Koishi:DanmakuParanoia"],"picked":"SKIP","floor":22},{"not_picked":["Koishi:SubterraneanRose","Koishi:Ego","Koishi:PhantomStrike"],"picked":"SKIP","floor":23},{"not_picked":["Koishi:Jaunt","Koishi:ApparitionsStalkTheNight","Koishi:BramblyRoseGarden"],"picked":"SKIP","floor":25},{"not_picked":["Koishi:PhantomStrike+1","Koishi:GhostParty","Koishi:EmbryosDream"],"picked":"SKIP","floor":28},{"not_picked":["Koishi:Bloodlust","Koishi:BloodcurdlingScream+1","Koishi:Jaunt"],"picked":"SKIP","floor":29},{"not_picked":["Koishi:FleetingPhantom+1","Koishi:Vanish","Koishi:EmbryosDream"],"picked":"SKIP","floor":30},{"not_picked":["Koishi:DanmakuParanoia+1","Koishi:Whimsy+1","Koishi:CatchAndRose"],"picked":"SKIP","floor":31},{"not_picked":["Koishi:SubterraneanRose","Koishi:ReleaseOfTheId","Koishi:HeartAttack"],"picked":"SKIP","floor":35},{"not_picked":["Koishi:DanmakuParanoia","Koishi:HeartfeltFancy","Koishi:ReleaseOfTheId"],"picked":"SKIP","floor":37},{"not_picked":["Koishi:UnseenTerror","Koishi:SpiritedAway+1","Koishi:SubconsciousSweep"],"picked":"SKIP","floor":38},{"not_picked":["Koishi:EmbryosDream","Koishi:CatchAndRose+1","Koishi:BloodcurdlingScream+1"],"picked":"SKIP","floor":42},{"not_picked":["Koishi:HeartfeltFancy+1","Koishi:TremblingHands+1"],"picked":"Koishi:JumpScare+1","floor":44},{"not_picked":["Koishi:SilentAndRestless","Koishi:SubconsciousSweep+1","Koishi:GeneticsOfTheUnconscious"],"picked":"SKIP","floor":46},{"not_picked":["Koishi:HeartfeltFancy+1","Koishi:Prune+1","Koishi:TraumaticStroke+1"],"picked":"SKIP","floor":48}],"player_experience":1704525,"relics_obtained":[{"floor":6.0,"key":"Darkstone Periapt"},{"floor":8.0,"key":"TungstenRod"},{"floor":9.0,"key":"Sundial"},{"floor":10.0,"key":"Dream Catcher"},{"floor":13.0,"key":"MealTicket"},{"floor":23,"key":"Bag of Marbles"},{"floor":25,"key":"Lantern"},{"floor":26,"key":"Shuriken"},{"floor":27,"key":"White Beast Statue"},{"floor":29,"key":"Art of War"},{"floor":31,"key":"Happy Flower"},{"floor":36,"key":"Koishi:ImperfectMetamorphosis"},{"floor":39,"key":"CatCart"},{"floor":42,"key":"Ornamental Fan"},{"floor":43,"key":"Letter Opener"},{"floor":46,"key":"MawBank"},{"floor":47,"key":"Du-Vu Doll"}],"event_choices":[{"cards_removed":["Koishi:BasicStrike"],"damage_healed":0.0,"max_hp_gain":0.0,"max_hp_loss":0.0,"gold_gain":0.0,"event_name":"Bonfire Elementals","player_choice":"Offered Basic","floor":4.0,"gold_loss":0.0,"damage_taken":0.0},{"damage_healed":0.0,"max_hp_gain":0.0,"max_hp_loss":0.0,"gold_gain":0.0,"event_name":"Upgrade Shrine","player_choice":"Upgraded","floor":11.0,"gold_loss":0.0,"damage_taken":0.0,"cards_upgraded":["Koishi:ImGoingToCallYouNow"]},{"damage_healed":0,"gold_gain":0,"player_choice":"Inject Mutagens","damage_taken":0,"relics_obtained":["MutagenicStrength"],"max_hp_gain":0,"max_hp_loss":0,"event_name":"Drug Dealer","floor":19,"gold_loss":0},{"damage_healed":0,"gold_gain":0,"player_choice":"Ignored","damage_taken":0,"max_hp_gain":0,"max_hp_loss":0,"event_name":"Vampires","floor":20,"gold_loss":0},{"damage_healed":0,"gold_gain":0,"player_choice":"Fight","damage_taken":0,"max_hp_gain":0,"max_hp_loss":0,"event_name":"MindBloom","floor":36,"gold_loss":0},{"damage_healed":0,"gold_gain":0,"player_choice":"Fight","damage_taken":0,"max_hp_gain":0,"max_hp_loss":0,"event_name":"OrinTheCat","floor":39,"gold_loss":0},{"damage_healed":0,"gold_gain":0,"player_choice":"Fight","damage_taken":0,"max_hp_gain":0,"max_hp_loss":0,"event_name":"Mysterious Sphere","floor":47,"gold_loss":0}],"is_beta":false,"boss_relics":[{"not_picked":["Snecko Eye","Sozu"],"picked":"Koishi:ColorfulDays"},{"not_picked":["Tiny House","Pandora\u0027s Box"],"picked":"SacredBark"}],"items_purged_floors":[0,12,21,40,45],"is_endless":false,"potions_floor_spawned":[2,5,7,8,18,28,29,30,31,33,35,36,37,38,39,42,44,46,47,48],"ascension_level":6}}