{"host":"6706kntd0vtj8hnw","time":1611376861,"event":{"mods":["Bard","BaseMod","Colored Powertips","Downfall","Hermit","HololiveMod","Hubris","Infinite Spire","KinomotoSakuraMod(????)","Mad Scientist","Marisa????????","Minty Spire (QoL Compilation)","Quick Restart","StSLib","The Blackbeard","The Bladedancer","The Cursed","The Forsaken","The Hierophant","The IronCluck","The Mystic","The Necromancer","The Runesmith","The Senshi","The Wild Card","Waifu the Spire"],"gold_per_floor":[99,117,144,162,179,179,179,179,179,29,59,77,77,28,40,143,143,143,159,173,188,188,188,188,188],"floor_reached":23,"language":"ENG","playtime":1788,"items_purged":[],"score":191,"play_id":"be45ca37-7ade-4097-b840-663c834b43db","local_time":"20210122204101","is_ascension_mode":false,"campfire_choices":[{"data":"sneckomod:Unknown","floor":1,"key":"SMITH"},{"data":"sneckomod:UnendingSupply","floor":6,"key":"SMITH"},{"data":"sneckomod:UnknownDraw","floor":8,"key":"SMITH"},{"floor":13,"key":"REST"},{"data":"sneckomod:MasterEye","floor":18,"key":"SMITH"}],"circlet_count":0,"master_deck":["sneckomod:TailWhip","sneckomod:SnekBite","sneckomod:Unknown+1","sneckomod:Unknown","sneckomod:UnendingSupply+1","sneckomod:Unknown1Cost","sneckomod:UnknownDraw+1","sneckomod:IronFang","sneckomod:UnknownDraw","sneckomod:SerpentMind","sneckomod:MasterEye+1","sneckomod:SoulRoll","sneckomod:UnlimitedRolls","sneckomod:DiceBlock","sneckomod:SerpentIdol","sneckomod:SlitherStrike","sneckomod:SlitherStrike","sneckomod:SnekBeam","sneckomod:SoulRoll","sneckomod:Unknown2Cost","sneckomod:SoulRoll","sneckomod:Unknown3Cost"],"relics":["sneckomod:SneckoSoul","Happy Flower","Oddly Smooth Stone","downfall:ShatteredFragment","hubris:BottledRain","Pandora\u0027s Box"],"acts_visited":["Exordium","TheCity"],"potions_floor_usage":[11,11,11,20],"damage_taken":[{"damage":0,"enemies":"Cultist","floor":2,"turns":2},{"damage":11,"enemies":"2 Louse","floor":4,"turns":3},{"damage":0,"enemies":"Small Slimes","floor":5,"turns":3},{"damage":14,"enemies":"Gremlin Nob","floor":11,"turns":3},{"damage":17,"enemies":"Exordium Thugs","floor":12,"turns":4},{"damage":0,"enemies":"downfall:FleeingMerchant","floor":14,"turns":4},{"damage":13,"enemies":"Red Slaver","floor":15,"turns":2},{"damage":49,"enemies":"SI_SHIV_ARCHETYPE","floor":16,"turns":5},{"damage":10,"enemies":"Chosen","floor":19,"turns":4},{"damage":23,"enemies":"Shell Parasite","floor":20,"turns":6},{"damage":42,"enemies":"Snake Plant","floor":21,"turns":4},{"damage":29,"enemies":"Cultist and Chosen","floor":23,"turns":4}],"seed_played":"3049486639663016817","potions_obtained":[{"floor":0,"key":"Dexterity Potion"},{"floor":0,"key":"Strength Potion"},{"floor":0,"key":"SneckoOil"},{"floor":4,"key":"bronze:BurnAndBuffPotion"},{"floor":19,"key":"sneckomod:CheatPotion"}],"is_trial":false,"path_per_floor":["R","M","T","M","M","R","T","R","?","?","E","M","R","$","M","B",null,"R","M","M","M","?","M"],"character_chosen":"THE_SNECKO","items_purchased":["sneckomod:MasterEye"],"campfire_rested":1,"item_purchase_floors":[14],"current_hp_per_floor":[90,90,90,79,79,79,79,79,58,100,86,69,99,99,86,42,100,100,90,67,25,25,0,0,0],"gold":188,"neow_bonus":"THREE_SMALL_POTIONS","is_daily":false,"chose_seed":false,"campfire_upgraded":4,"win_rate":0.0,"timestamp":1611376861,"path_taken":["R","M","?","?","M","R","T","R","?","?","E","M","R","$","M","BOSS","R","M","M","M","?","M"],"items_purchased_type":["Card"],"build_version":"2020-12-22","purchased_purges":0,"victory":false,"max_hp_per_floor":[90,90,90,90,90,90,90,90,90,100,100,100,100,100,100,100,100,100,100,100,100,100,100,100,100],"card_choices":[{"not_picked":["sneckomod:IronFang","sneckomod:Nope"],"picked":"sneckomod:UnendingSupply","floor":2},{"not_picked":["sneckomod:WideSting","sneckomod:SoulRoll"],"picked":"sneckomod:Unknown1Cost","floor":4},{"not_picked":["sneckomod:UnknownStrike","sneckomod:TrashToTreasure"],"picked":"sneckomod:UnknownDraw","floor":5},{"not_picked":["sneckomod:UnknownStrike","sneckomod:ImprovisedAttack"],"picked":"sneckomod:IronFang","floor":11},{"not_picked":["sneckomod:WideSting","sneckomod:DiceCrush"],"picked":"sneckomod:UnknownDraw","floor":12},{"not_picked":["sneckomod:WideSting","sneckomod:SnakeSap"],"picked":"sneckomod:SerpentMind","floor":14},{"not_picked":["sneckomod:UnknownExhaust","sneckomod:UnknownCommonSkill"],"picked":"sneckomod:SoulRoll","floor":15},{"not_picked":["sneckomod:Unknown3Cost","sneckomod:Restock"],"picked":"sneckomod:UnlimitedRolls","floor":16},{"not_picked":["sneckomod:ImprovisedGuard","sneckomod:SoulCleanse"],"picked":"sneckomod:SoulRoll","floor":19},{"not_picked":["sneckomod:DiceBlock","sneckomod:IronFang"],"picked":"sneckomod:Unknown2Cost","floor":20},{"not_picked":["sneckomod:UnknownDraw","sneckomod:UnendingSupply"],"picked":"sneckomod:SoulRoll","floor":21}],"player_experience":263759,"relics_obtained":[{"floor":3,"key":"Happy Flower"},{"floor":7,"key":"Oddly Smooth Stone"},{"floor":11,"key":"hubris:BottledRain"}],"event_choices":[],"is_beta":false,"boss_relics":[{"not_picked":["Philosopher\u0027s Stone","hubris:ScarierMask"],"picked":"Pandora\u0027s Box"}],"items_purged_floors":[],"is_endless":false,"potions_floor_spawned":[4,19],"killed_by":"Cultist and Chosen","ascension_level":0}}