{"host":"kpyoctgc7jne3jiy","time":1611424912,"event":{"mods":["AchievementEnabler","BaseMod","Minty Spire (QoL Compilation)","Relic Stats","Slay-I"],"gold_per_floor":[113,130,48,48,48,77,95,130,130,145,155,155,183,199,199,199,199],"floor_reached":16,"language":"ENG","playtime":814,"items_purged":[],"score":153,"play_id":"074543ad-9595-496b-8ba3-78c9beac82c1","local_time":"20210123190152","is_ascension_mode":true,"campfire_choices":[{"data":"Defend_R","floor":15,"key":"SMITH"}],"circlet_count":0,"master_deck":["Strike_R","Strike_R","Strike_R","Strike_R","Strike_R","Defend_R","Defend_R","Defend_R","Defend_R+1","Bash","Carnage","Clothesline+1","Inflame","Clash","Spot Weakness","Dropkick","Dark Embrace","Exhume","Uppercut"],"relics":["Burning Blood","HornCleat","Dead Branch","CaptainsWheel","Pocketwatch"],"acts_visited":["Exordium"],"potions_floor_usage":[11,13,13,16,16],"damage_taken":[{"damage":8,"enemies":"Jaw Worm","floor":1,"turns":6},{"damage":0,"enemies":"Cultist","floor":2,"turns":3},{"damage":25,"enemies":"3 Sentries","floor":6,"turns":9},{"damage":2,"enemies":"2 Louse","floor":7,"turns":2},{"damage":25,"enemies":"Lagavulin","floor":8,"turns":6},{"damage":23,"enemies":"Gremlin Gang","floor":10,"turns":4},{"damage":20,"enemies":"Lots of Slimes","floor":11,"turns":5},{"damage":24,"enemies":"Gremlin Nob","floor":13,"turns":5},{"damage":1,"enemies":"Looter","floor":14,"turns":3},{"damage":42,"enemies":"The Guardian","floor":16,"turns":10}],"seed_played":"-1321355586494946728","potions_obtained":[{"floor":2,"key":"Swift Potion"},{"floor":6,"key":"Regen Potion"},{"floor":8,"key":"Dexterity Potion"},{"floor":10,"key":"PowerPotion"},{"floor":12,"key":"EntropicBrew"},{"floor":14,"key":"SpeedPotion"}],"is_trial":false,"path_per_floor":["M","M","$","?","$","E","M","E","T","M","M","?","E","M","R","B"],"character_chosen":"IRONCLAD","items_purchased":["Inflame","Clash"],"campfire_rested":0,"item_purchase_floors":[3,3],"current_hp_per_floor":[86,88,88,88,88,69,73,54,54,37,37,37,19,24,24,0,0],"gold":199,"neow_bonus":"TEN_PERCENT_HP_BONUS","is_daily":false,"chose_seed":false,"campfire_upgraded":1,"win_rate":0.0,"timestamp":1611424912,"path_taken":["M","M","$","?","?","E","M","E","T","M","?","?","E","M","R","BOSS"],"items_purchased_type":["Card","Card"],"build_version":"2020-12-22","purchased_purges":0,"victory":false,"max_hp_per_floor":[88,88,88,88,88,88,88,88,88,88,88,88,88,88,88,88,88],"relic_stats":{"counters":[10,53],"Dead Branch":[4],"obtain_stats":[{"CaptainsWheel":9,"HornCleat":6,"Dead Branch":8,"Burning Blood":0,"Pocketwatch":13},{"CaptainsWheel":5,"HornCleat":3,"Dead Branch":5,"Burning Blood":0,"Pocketwatch":8},{"CaptainsWheel":26,"HornCleat":18,"Dead Branch":26,"Burning Blood":0,"Pocketwatch":40}],"Burning Blood":50,"Pocketwatch":[33]},"card_choices":[{"not_picked":["Cleave","Inflame"],"picked":"Carnage","floor":1},{"not_picked":["Flex","Sever Soul"],"picked":"Clothesline","floor":2},{"not_picked":["Whirlwind","Wild Strike"],"picked":"Spot Weakness","floor":6},{"not_picked":["Body Slam","Second Wind"],"picked":"Dropkick","floor":7},{"not_picked":["Heavy Blade","Armaments"],"picked":"Dark Embrace","floor":8},{"not_picked":["Havoc","Heavy Blade"],"picked":"Exhume","floor":10},{"not_picked":["Carnage","Warcry"],"picked":"Uppercut","floor":11},{"not_picked":["Exhume","Hemokinesis","Anger"],"picked":"SKIP","floor":13},{"not_picked":["Wild Strike","Clothesline","Clash"],"picked":"SKIP","floor":14}],"player_experience":314109,"relics_obtained":[{"floor":6,"key":"HornCleat"},{"floor":8,"key":"Dead Branch"},{"floor":9,"key":"CaptainsWheel"},{"floor":13,"key":"Pocketwatch"}],"event_choices":[{"damage_healed":0,"gold_gain":0,"player_choice":"Upgraded","damage_taken":0,"max_hp_gain":0,"max_hp_loss":0,"event_name":"Upgrade Shrine","floor":4,"gold_loss":0,"cards_upgraded":["Clothesline"]},{"damage_healed":0,"gold_gain":0,"player_choice":"Got Potions","damage_taken":0,"max_hp_gain":0,"max_hp_loss":0,"event_name":"Lab","floor":12,"gold_loss":0}],"is_beta":false,"boss_relics":[],"items_purged_floors":[],"is_endless":false,"potions_floor_spawned":[2,6,8,10,14],"killed_by":"The Guardian","ascension_level":5}}