{"host":"d7fiu2yjkssjxoz6","time":1611363286,"event":{"mods":["AchievementEnabler","BaseMod","Duelist Mod","GifTheSpireLib","Minty Spire (QoL Compilation)","StSLib"],"gold_per_floor":[136,152,164,192,209,241,241,260,260,292,292,306,0,25,25,120,120,140,151,165,165,180,215,215,215,297,317,317,343,355,382,382,479,479,498,773,220,220,233,260,280,297,297,297,297,315,315,315],"floor_reached":47,"language":"ENG","playtime":2279,"items_purged":[],"score":990,"play_id":"c7524067-9466-42d4-996d-2fb69989c854","local_time":"20210122165446","is_ascension_mode":true,"campfire_choices":[{"data":"theDuelist:Raigeki","floor":7.0,"key":"SMITH"},{"data":"theDuelist:Metronome","floor":11.0,"key":"SMITH"},{"data":"theDuelist:Metronome","floor":15.0,"key":"SMITH"},{"data":"theDuelist:MillenniumGolem","floor":25.0,"key":"SMITH"},{"floor":28.0,"key":"REST"},{"floor":32.0,"key":"REST"},{"floor":44.0,"key":"DIG"}],"circlet_count":0,"master_deck":["theDuelist:AttackMetronome","theDuelist:AttackMetronome","theDuelist:AttackMetronome","theDuelist:AttackMetronome","theDuelist:BlockMetronome","theDuelist:BlockMetronome","theDuelist:BlockMetronome","theDuelist:Metronome+1","theDuelist:Metronome+1","theDuelist:PowerMetronome","theDuelist:SkillMetronome","theDuelist:SkillMetronome","theDuelist:UncommonAttackMetronome","theDuelist:AttackTrapMetronome","theDuelist:Raigeki+1","theDuelist:UncommonAttackMetronome","theDuelist:GhostrickMetronome","theDuelist:EvilswarmHeliotrope","theDuelist:BlockGolem","theDuelist:EarthquakeGiant","theDuelist:MillenniumShield","theDuelist:MillenniumShield","theDuelist:BlockMetronome","theDuelist:MillenniumGolem+1","theDuelist:FuryFire","theDuelist:GolemSentry","theDuelist:GraniteLoyalist","theDuelist:WeepingIdol","theDuelist:GiantSoldierSteel+1","theDuelist:OjamaMetronome","theDuelist:Raigeki","theDuelist:Raigeki","theDuelist:MaliciousMetronome+1","theDuelist:PredaplantMetronome+1","theDuelist:UndeadMetronome+1","theDuelist:ZombieMetronome+1","theDuelist:GauntletWarrior","theDuelist:RareMetronome","theDuelist:RareBlockMetronome","theDuelist:MillenniumGolem","theDuelist:ClearKuriboh","theDuelist:ForbiddenLance","theDuelist:RarePowerMetronome","theDuelist:GauntletWarrior+1","theDuelist:GauntletWarrior"],"relics":["theDuelist:MillenniumPuzzle","theDuelist:CardPoolRelic","theDuelist:CardPoolBasicRelic","theDuelist:BoosterPackPoolRelic","theDuelist:CardPoolAddRelic","theDuelist:CardPoolMinusRelic","theDuelist:CardPoolSaveRelic","theDuelist:CardPoolOptionsRelic","Omamori","Pocketwatch","Thread and Needle","Paper Frog","Velvet Choker","theDuelist:SummonAnchor","Bottled Tornado","Lantern","Shovel","Astrolabe","Eternal Feather","Prayer Wheel","Bag of Preparation","Gremlin Horn","Blood Vial"],"acts_visited":["Exordium","TheCity","TheBeyond"],"potions_floor_usage":[47],"damage_taken":[{"damage":1.0,"enemies":"Cultist","floor":1.0,"turns":2.0},{"damage":0.0,"enemies":"Small Slimes","floor":2.0,"turns":2.0},{"damage":0.0,"enemies":"2 Louse","floor":3.0,"turns":2.0},{"damage":0.0,"enemies":"Exordium Thugs","floor":5.0,"turns":2.0},{"damage":0.0,"enemies":"Gremlin Nob","floor":6.0,"turns":1.0},{"damage":0.0,"enemies":"Looter","floor":8.0,"turns":2.0},{"damage":38.0,"enemies":"3 Sentries","floor":10.0,"turns":5.0},{"damage":0.0,"enemies":"3 Louse","floor":12.0,"turns":1.0},{"damage":0.0,"enemies":"Lagavulin","floor":14.0,"turns":5.0},{"damage":2.0,"enemies":"Hexaghost","floor":16.0,"turns":5.0},{"damage":5.0,"enemies":"Chosen","floor":18.0,"turns":5.0},{"damage":0.0,"enemies":"Shell Parasite","floor":19.0,"turns":3.0},{"damage":9.0,"enemies":"Snecko","floor":20.0,"turns":5.0},{"damage":3.0,"enemies":"Sentry and Sphere","floor":22.0,"turns":3.0},{"damage":0.0,"enemies":"theDuelist:KaibaA2","floor":23.0,"turns":4.0},{"damage":19.0,"enemies":"Chosen and Byrds","floor":27.0,"turns":7.0},{"damage":13.0,"enemies":"Gremlin Leader","floor":29.0,"turns":6.0},{"damage":5.0,"enemies":"Snecko","floor":30.0,"turns":7.0},{"damage":33.0,"enemies":"Slavers","floor":31.0,"turns":5.0},{"damage":5.0,"enemies":"Champ","floor":33.0,"turns":10.0},{"damage":0.0,"enemies":"3 Darklings","floor":35.0,"turns":5.0},{"damage":27.0,"enemies":"3 Shapes","floor":39.0,"turns":3.0},{"damage":33.0,"enemies":"Giant Head","floor":40.0,"turns":10.0},{"damage":0.0,"enemies":"Sphere and 2 Shapes","floor":41.0,"turns":6.0},{"damage":14.0,"enemies":"Spire Growth","floor":42.0,"turns":7.0},{"damage":28.0,"enemies":"3 Darklings","floor":46.0,"turns":4.0},{"damage":23,"enemies":"Reptomancer","floor":47,"turns":3}],"seed_played":"1833800377769104189","potions_obtained":[{"floor":2.0,"key":"theDuelist:TributeBottle"},{"floor":5.0,"key":"theDuelist:BurningPotion"},{"floor":6.0,"key":"theDuelist:FlamingBottle"},{"floor":8.0,"key":"theDuelist:BarricadePotion"},{"floor":27.0,"key":"theDuelist:MillenniumElixir"},{"floor":33.0,"key":"theDuelist:MegaupgradePotion"},{"floor":39.0,"key":"theDuelist:GiftPotion"},{"floor":40.0,"key":"theDuelist:VoidBottle"},{"floor":46.0,"key":"PowerPotion"}],"is_trial":false,"path_per_floor":["M","M","M","?","M","E","R","M","T","E","R","M","$","E","R","B",null,"M","M","M","?","M","E","$","R","T","M","R","E","M","E","R","B",null,"M","?","$","?","M","E","M","M","T","R","?","M","E"],"character_chosen":"THE_DUELIST","items_purchased":["Thread and Needle","Eternal Feather","Prayer Wheel"],"campfire_rested":2,"item_purchase_floors":[13,37,37],"current_hp_per_floor":[79,79,79,79,79,79,79,79,79,41,41,41,41,41,41,39,76,71,71,62,62,59,59,59,59,59,40,66,53,51,18,44,39,76,76,76,76,76,49,30,30,16,16,40,40,14,0,0],"gold":315,"neow_bonus":"TEN_PERCENT_HP_BONUS","is_daily":false,"chose_seed":false,"campfire_upgraded":4,"win_rate":0.0,"timestamp":1611363286,"path_taken":["M","M","M","?","M","E","R","?","T","E","R","M","$","E","R","BOSS","M","M","M","?","M","E","?","R","T","M","R","E","M","E","R","BOSS","M","?","?","?","M","E","M","M","T","R","?","?","E"],"items_purchased_type":["Relic","Relic","Relic"],"build_version":"2020-12-22","purchased_purges":0,"victory":false,"max_hp_per_floor":[88,88,88,88,88,88,88,88,88,88,88,88,88,88,88,88,88,88,88,88,88,88,88,88,88,88,88,88,88,88,88,88,88,88,88,88,88,88,88,88,88,88,88,88,88,88,88,88],"card_choices":[{"not_picked":["theDuelist:StampedingMetronome","theDuelist:RecklessMetronome","theDuelist:PlantMetronome","theDuelist:PelagicMetronome"],"picked":"theDuelist:AttackTrapMetronome","floor":1.0},{"not_picked":["theDuelist:BigFire","theDuelist:FeatherPho","theDuelist:Blockman","theDuelist:SolemnStrike"],"picked":"theDuelist:Raigeki","floor":2.0},{"not_picked":["theDuelist:UndeadMetronome","theDuelist:UncommonMonsterMetronome","theDuelist:InsectMetronome","theDuelist:CyberMetronome"],"picked":"theDuelist:UncommonAttackMetronome","floor":3.0},{"not_picked":["theDuelist:TidalMetronome","theDuelist:RareDragonMetronome","theDuelist:PotMetronome","theDuelist:MachineMetronome"],"picked":"theDuelist:FieldMetronome","floor":5.0},{"not_picked":["theDuelist:TidalMetronome","theDuelist:MetalRaidersMetronome","theDuelist:LabyrinthNightmareMetronome","theDuelist:AttackTrapMetronome"],"picked":"theDuelist:GhostrickMetronome","floor":6.0},{"not_picked":["theDuelist:WormWarlord","theDuelist:BattleFootballer","theDuelist:EarthGiant","theDuelist:WormKing"],"picked":"theDuelist:EvilswarmHeliotrope","floor":8.0},{"not_picked":["theDuelist:WormKing","theDuelist:WormWarlord","theDuelist:BattleFootballer","theDuelist:HaneHane"],"picked":"theDuelist:BlockGolem","floor":10.0},{"not_picked":["theDuelist:UncommonMonsterMetronome","theDuelist:SpireMetronome","theDuelist:SpiderMetronome","theDuelist:FieldMetronome"],"picked":"theDuelist:MonsterMetronome","floor":12.0},{"not_picked":["theDuelist:DestroyerGolem","theDuelist:AttackTheMoon","theDuelist:Raigeki","theDuelist:ForbiddenLance"],"picked":"theDuelist:EarthquakeGiant","floor":14.0},{"not_picked":["theDuelist:FuryFire","theDuelist:GemElephant","theDuelist:MagicCylinder","theDuelist:Raigeki"],"picked":"theDuelist:MillenniumShield","floor":16.0},{"not_picked":["theDuelist:GauntletWarrior+1","theDuelist:GemArmadillo","theDuelist:MagicCylinder+1","theDuelist:YamiForm"],"picked":"theDuelist:MillenniumShield","floor":18.0},{"not_picked":["theDuelist:BugMetronome","theDuelist:CyberMetronome+1","theDuelist:FiendMetronome","theDuelist:InsectMetronome"],"picked":"theDuelist:BlockMetronome","floor":19.0},{"not_picked":["theDuelist:EarthquakeGiant","theDuelist:GaiaMidNightSun","theDuelist:FuryFire+1","theDuelist:DestroyerGolem+1"],"picked":"theDuelist:MillenniumGolem","floor":20.0},{"not_picked":["theDuelist:EvilswarmHeliotrope+1","theDuelist:AttackTheMoon","theDuelist:PurplePainOni+1","theDuelist:Wiseman"],"picked":"theDuelist:GolemSentry","floor":22.0},{"not_picked":["theDuelist:BattleOx","theDuelist:GauntletWarrior","theDuelist:ClearKuriboh","theDuelist:WormKing+1"],"picked":"theDuelist:GraniteLoyalist","floor":23.0},{"not_picked":["theDuelist:FuryFire","theDuelist:Sangan","theDuelist:GemElephant","theDuelist:PurplePainOni"],"picked":"theDuelist:WeepingIdol","floor":27.0},{"not_picked":["theDuelist:DestroyerGolem","theDuelist:AttackTheMoon","theDuelist:HarpieFeather","theDuelist:TimeSeal"],"picked":"theDuelist:GiantSoldierSteel+1","floor":29.0},{"not_picked":["theDuelist:CyberMetronome","theDuelist:MachineMonsterMetronome+1","theDuelist:PredaplantMetronome","theDuelist:WyrmMetronome"],"picked":"theDuelist:OjamaMetronome","floor":30.0},{"not_picked":["theDuelist:DestroyerGolem","theDuelist:EvilswarmHeliotrope","theDuelist:SolemnStrike+1","theDuelist:Blockman"],"picked":"theDuelist:Raigeki","floor":31.0},{"not_picked":["theDuelist:EvilswarmHeliotrope","theDuelist:GreyGreedOni","theDuelist:Blockman","theDuelist:YellowBelliedOni"],"picked":"theDuelist:Raigeki","floor":33.0},{"not_picked":["theDuelist:BlockSpellMetronome+1","theDuelist:MachineMetronome","theDuelist:RareBlockMetronome+1","theDuelist:TokenMetronome+1"],"picked":"theDuelist:ZombieMetronome+1","floor":35.0},{"not_picked":["theDuelist:FuryFire+1","theDuelist:GreyGreedOni+1","theDuelist:HarpieFeather+1","theDuelist:GiantSoldierSteel"],"picked":"theDuelist:GauntletWarrior","floor":39.0},{"not_picked":["theDuelist:RoseMetronome+1","theDuelist:SpellcasterMetronome+1","theDuelist:ThalassicMetronome","theDuelist:UncommonAttackMetronome"],"picked":"theDuelist:RareMetronome","floor":39.0},{"not_picked":["theDuelist:MonsterMetronome+1","theDuelist:SpireMetronome+1","theDuelist:SuperheavyMetronome","theDuelist:UncommonAttackMetronome+1"],"picked":"theDuelist:RareBlockMetronome","floor":40.0},{"not_picked":["theDuelist:AttackTheMoon","theDuelist:BlueBloodedOni","theDuelist:GreyGreedOni","theDuelist:PreventRat"],"picked":"theDuelist:MillenniumGolem","floor":41.0},{"not_picked":["theDuelist:BattleOx","theDuelist:GaiaMidNightSun+1","theDuelist:MillenniumGolem+1","theDuelist:Sangan"],"picked":"theDuelist:ClearKuriboh","floor":41.0},{"not_picked":["theDuelist:WormWarlord+1","theDuelist:PowerWall","theDuelist:MillenniumShield+1","theDuelist:Raigeki"],"picked":"theDuelist:ForbiddenLance","floor":42.0},{"not_picked":["theDuelist:GhostrickMetronome","theDuelist:MaliciousMetronome","theDuelist:StampedingMetronome+1","theDuelist:UncommonMonsterMetronome"],"picked":"theDuelist:RarePowerMetronome","floor":42.0},{"not_picked":["theDuelist:MillenniumGolem","theDuelist:HarpieFeather","theDuelist:RedMedicine+1","theDuelist:GreenGraveOni+1"],"picked":"theDuelist:GauntletWarrior+1","floor":46.0},{"not_picked":["theDuelist:BattleguardKing+1","theDuelist:MillenniumGolem+1","theDuelist:Blockman+1","theDuelist:Sangan+1"],"picked":"theDuelist:GauntletWarrior","floor":46.0}],"player_experience":243601,"relics_obtained":[{"floor":6.0,"key":"Omamori"},{"floor":10.0,"key":"Pocketwatch"},{"floor":14.0,"key":"Paper Frog"},{"floor":23.0,"key":"theDuelist:SummonAnchor"},{"floor":26.0,"key":"Bottled Tornado"},{"floor":29.0,"key":"Lantern"},{"floor":31.0,"key":"Shovel"},{"floor":40.0,"key":"Bag of Preparation"},{"floor":43.0,"key":"Gremlin Horn"},{"floor":44.0,"key":"Blood Vial"}],"event_choices":[{"damage_healed":0.0,"max_hp_gain":0.0,"max_hp_loss":0.0,"gold_gain":0.0,"event_name":"Card Trader","player_choice":"Sold Trap Metronome for 28 Gold.","duelist":true,"floor":4.0,"gold_loss":0.0,"damage_taken":0.0},{"damage_healed":0.0,"max_hp_gain":0.0,"max_hp_loss":0.0,"gold_gain":0.0,"event_name":"Match and Keep!","player_choice":"2 cards matched","floor":21.0,"gold_loss":0.0,"damage_taken":0.0,"cards_obtained":["theDuelist:AttackMetronome","theDuelist:FuryFire"]},{"damage_healed":0.0,"max_hp_gain":0.0,"max_hp_loss":0.0,"gold_gain":275.0,"event_name":"Golden Shrine","player_choice":"Desecrate","floor":36.0,"gold_loss":0.0,"damage_taken":0.0,"cards_obtained":["Regret"]},{"cards_removed":["theDuelist:BlockMetronome"],"damage_healed":0.0,"max_hp_gain":0.0,"max_hp_loss":0.0,"gold_gain":0.0,"event_name":"Falling","player_choice":"Removed Skill","floor":38.0,"gold_loss":0.0,"damage_taken":0.0},{"damage_healed":0.0,"max_hp_gain":0.0,"max_hp_loss":0.0,"gold_gain":0.0,"event_name":"Match and Keep!","player_choice":"0 cards matched","floor":45.0,"gold_loss":0.0,"damage_taken":0.0,"cards_obtained":[]}],"is_beta":false,"boss_relics":[{"not_picked":["Coffee Dripper","Runic Dome"],"picked":"Velvet Choker"},{"not_picked":["Sozu","Cursed Key"],"picked":"Astrolabe"}],"items_purged_floors":[],"is_endless":false,"potions_floor_spawned":[2,5,6,8,12,19,20,27,29,30,33,39,40,46],"killed_by":"Reptomancer","ascension_level":9}}