{"host":"0iuhrgzkozzv273x","time":1611427393,"event":{"mods":["2.2 Compatiblity","BaseMod","Colored Map","Curses Come First","Downfall","Minty Spire (QoL Compilation)","Spire Arcade","StSLib","The Construct","Unceasing Turn Reminder"],"gold_per_floor":[117,117,130,130,141,141,154,183,231,243,273,285,325,356,368,380,380,380],"floor_reached":16,"language":"ENG","playtime":1447,"items_purged":[],"score":118,"play_id":"2bae0f66-aa7a-4bec-a250-469cd319d82f","local_time":"20210123134313","is_ascension_mode":true,"campfire_choices":[{"data":"bronze:Verify","floor":6,"key":"SMITH"},{"data":"bronze:Return","floor":12,"key":"SMITH"},{"data":"bronze:BuggyMess","floor":15,"key":"SMITH"}],"circlet_count":0,"master_deck":["bronze:Strike","bronze:Strike","bronze:Defend","bronze:Defend","bronze:Defend","bronze:Replicate","bronze:Goto+1","bronze:Optimize","bronze:Verify+1","bronze:Constructor","bronze:FindAndReplace","bronze:CloningBeam","bronze:Safeguard","bronze:Return+1","bronze:BuggyMess+1","bronze:Overheat"],"relics":["bronze:BronzeCore","Question Card","MawBank","Potion Belt"],"acts_visited":["Exordium"],"potions_floor_usage":[13,13,16,16],"damage_taken":[{"damage":1,"enemies":"Jaw Worm","floor":1,"turns":3},{"damage":0,"enemies":"Small Slimes","floor":3,"turns":3},{"damage":0,"enemies":"2 Louse","floor":5,"turns":3},{"damage":0,"enemies":"Gremlin Gang","floor":7,"turns":7},{"damage":11,"enemies":"Lagavulin","floor":8,"turns":9},{"damage":7,"enemies":"Exordium Wildlife","floor":11,"turns":6},{"damage":2,"enemies":"3 Sentries","floor":13,"turns":6},{"damage":19,"enemies":"Looter","floor":14,"turns":5},{"damage":29,"enemies":"Hexaghost","floor":16,"turns":11}],"seed_played":"2096188833067031762","potions_obtained":[{"floor":1,"key":"Fire Potion"},{"floor":8,"key":"BlessingOfTheForge"},{"floor":11,"key":"FearPotion"},{"floor":14,"key":"Swift Potion"}],"is_trial":false,"path_per_floor":["M","?","M","?","M","R","M","E","T","?","M","R","E","M","R","B"],"character_chosen":"THE_AUTOMATON","items_purchased":[],"campfire_rested":0,"item_purchase_floors":[],"current_hp_per_floor":[69,69,69,62,62,62,62,51,51,51,44,44,42,23,23,0,0,0],"gold":380,"neow_bonus":"UPGRADE_CARD","is_daily":false,"chose_seed":false,"campfire_upgraded":3,"win_rate":0.0,"timestamp":1611427393,"path_taken":["M","?","M","?","M","R","M","E","T","?","M","R","E","M","R","BOSS"],"items_purchased_type":[],"build_version":"2020-12-22","purchased_purges":0,"victory":false,"max_hp_per_floor":[70,70,70,70,70,70,70,70,70,70,70,70,70,70,70,70,70,70],"card_choices":[{"not_picked":["bronze:FineTuning","bronze:Iterate"],"picked":"bronze:Optimize","floor":1},{"not_picked":["bronze:Invalidate","bronze:OilSpill"],"picked":"bronze:Constructor","floor":3},{"not_picked":["bronze:ForLoop","bronze:Philosophize","bronze:NullPointer"],"picked":"SKIP","floor":5},{"not_picked":["bronze:FineTuning","bronze:DelayedSlice"],"picked":"bronze:FindAndReplace","floor":7},{"not_picked":["bronze:DarkDash","bronze:BronzeArmor"],"picked":"bronze:CloningBeam","floor":8},{"not_picked":["bronze:DelayedSlice","bronze:DarkDash","bronze:Overheat"],"picked":"bronze:Return","floor":11},{"not_picked":["bronze:BitShift","bronze:Overheat","bronze:Flail"],"picked":"bronze:BuggyMess","floor":13},{"not_picked":["bronze:WildBeam","bronze:AlphaBuild","bronze:Return"],"picked":"bronze:Overheat","floor":14}],"player_experience":754462,"relics_obtained":[{"floor":8,"key":"Question Card"},{"floor":9,"key":"MawBank"},{"floor":13,"key":"Potion Belt"}],"event_choices":[{"damage_healed":0,"gold_gain":0,"cards_transformed":["bronze:Strike"],"player_choice":"Change","damage_taken":0,"max_hp_gain":0,"max_hp_loss":0,"event_name":"Living Wall","floor":2,"gold_loss":0,"cards_obtained":["bronze:Verify"]},{"cards_removed":["bronze:Strike"],"damage_healed":0,"gold_gain":0,"player_choice":"Card Removal","damage_taken":7,"max_hp_gain":0,"max_hp_loss":0,"event_name":"Golden Wing","floor":4,"gold_loss":0}],"is_beta":false,"boss_relics":[],"items_purged_floors":[],"is_endless":false,"potions_floor_spawned":[1,8,11,14],"killed_by":"Hexaghost","ascension_level":1}}