{"host":"l15sdf2mmi0nobpi","time":1611395553,"event":{"mods":["ATMod(°¢èªMod)","BaseMod","Highlight Path","Minty Spire (QoL Compilation)","Quick Restart","StSLib","¡¾¹¦ÄÜMod¡¿Neow½±Àø"],"gold_per_floor":[17,17,38,38,52,83,83,119,170,213,228,253,269,269,269,360,360,378,393,393,413,429,429,472,472,527,186,230,230,249,285,285,381,381,395,411,425,425,448,486,499,534,534,680,720,760,760,799,799,924,974,974,974,96,179,204],"floor_reached":57,"language":"ZHS","playtime":13169,"items_purged":["Strike_R","Bash"],"score":3375,"play_id":"f713cc83-1a16-41d7-8cc2-7de785d394d0","local_time":"20210123175233","is_ascension_mode":true,"campfire_choices":[{"data":"Armaments","floor":7.0,"key":"SMITH"},{"data":"AT_OneInchPunch","floor":15.0,"key":"SMITH"},{"data":"Offering","floor":23.0,"key":"SMITH"},{"data":"Dark Embrace","floor":29.0,"key":"SMITH"},{"data":"Feel No Pain","floor":32.0,"key":"SMITH"},{"floor":47,"key":"RECALL"},{"data":"Feel No Pain","floor":49,"key":"SMITH"},{"data":"Body Slam","floor":53,"key":"SMITH"}],"circlet_count":0,"master_deck":["AscendersBane","AT_OneInchPunch+1","Power Through","Armaments+1","Impervious","AT_Dispersion","Feel No Pain+1","Offering+1","Dark Embrace+1","Body Slam+1","Whirlwind+1","Ghostly","Ghostly","Ghostly","Shockwave","Impervious","Exhume","Immolate","AT_BodySlamDance","Burning Pact","Seeing Red","AT_BodySlamDance","Double Tap","Evolve","Burning Pact+1","Second Wind","Battle Trance","Juggernaut","Shrug It Off+1","Feel No Pain+1","Master of Strategy","Exhume"],"relics":["Burning Blood","AT_ATBox","Golden Idol","Paper Frog","Art of War","Singing Bowl","SacredBark","AT_BladeRuinedKing","AT_SeraphEmbrace","MealTicket","AT_BellowingDragoncrestRing","Anchor","Pandora\u0027s Box","Ornamental Fan","AT_MibuBalloonWealth","Bronze Scales","AT_ChloranthyRing","AT_RedTearstoneRing","Oddly Smooth Stone"],"acts_visited":["Exordium","TheCity","TheBeyond","TheEnding"],"potions_floor_usage":[33,56],"damage_taken":[{"damage":2.0,"enemies":"Small Slimes","floor":1.0,"turns":2.0},{"damage":0.0,"enemies":"Cultist","floor":3.0,"turns":3.0},{"damage":3.0,"enemies":"2 Louse","floor":5.0,"turns":2.0},{"damage":17.0,"enemies":"3 Sentries","floor":6.0,"turns":10.0},{"damage":2.0,"enemies":"Lagavulin","floor":8.0,"turns":7.0},{"damage":4.0,"enemies":"3 Sentries","floor":10.0,"turns":9.0},{"damage":2.0,"enemies":"Red Slaver","floor":11.0,"turns":3.0},{"damage":1.0,"enemies":"Large Slime","floor":12.0,"turns":6.0},{"damage":0.0,"enemies":"Exordium Wildlife","floor":13.0,"turns":4.0},{"damage":0.0,"enemies":"Slime Boss","floor":16.0,"turns":8.0},{"damage":12.0,"enemies":"3 Byrds","floor":18.0,"turns":9.0},{"damage":12.0,"enemies":"Spheric Guardian","floor":19.0,"turns":6.0},{"damage":23.0,"enemies":"3 Cultists","floor":21.0,"turns":5.0},{"damage":10.0,"enemies":"Snake Plant","floor":22.0,"turns":3.0},{"damage":21.0,"enemies":"Book of Stabbing","floor":24.0,"turns":7.0},{"damage":17.0,"enemies":"Gremlin Leader","floor":28.0,"turns":5.0},{"damage":6.0,"enemies":"Cultist and Chosen","floor":30.0,"turns":4.0},{"damage":1.0,"enemies":"Book of Stabbing","floor":31.0,"turns":4.0},{"damage":1,"enemies":"Champ","floor":33,"turns":11},{"damage":1,"enemies":"3 Darklings","floor":35,"turns":2},{"damage":0,"enemies":"3 Shapes","floor":36,"turns":2},{"damage":2,"enemies":"Writhing Mass","floor":37,"turns":3},{"damage":0,"enemies":"4 Shapes","floor":39,"turns":7},{"damage":15,"enemies":"Nemesis","floor":40,"turns":7},{"damage":6,"enemies":"Sphere and 2 Shapes","floor":41,"turns":5},{"damage":2,"enemies":"Reptomancer","floor":42,"turns":5},{"damage":6,"enemies":"3 Darklings","floor":44,"turns":3},{"damage":2,"enemies":"Writhing Mass","floor":45,"turns":6},{"damage":2,"enemies":"Transient","floor":46,"turns":6},{"damage":0,"enemies":"Maw","floor":48,"turns":4},{"damage":1,"enemies":"Awakened One","floor":50,"turns":6},{"damage":6,"enemies":"Donu and Deca","floor":51,"turns":4},{"damage":3,"enemies":"Shield and Spear","floor":55,"turns":4},{"damage":6,"enemies":"The Heart","floor":56,"turns":5}],"seed_played":"-2634790522426702907","potions_obtained":[{"floor":1.0,"key":"SmokeBomb"},{"floor":5.0,"key":"ColorlessPotion"},{"floor":14.0,"key":"DistilledChaos"},{"floor":14.0,"key":"GamblersBrew"},{"floor":22.0,"key":"Weak Potion"},{"floor":24.0,"key":"SkillPotion"},{"floor":31.0,"key":"AttackPotion"},{"floor":33,"key":"SmokeBomb"},{"floor":39,"key":"LiquidMemories"}],"is_trial":false,"path_per_floor":["M","?","M","?","M","E","R","E","T","E","M","M","M","?","R","B",null,"M","M","?","M","M","R","E","?","T","$","E","R","M","E","R","B",null,"M","M","M","?","M","E","M","E","T","M","M","M","R","M","R","B","B",null,"R","$","E","B",null],"character_chosen":"IRONCLAD","items_purchased":["MealTicket","Fruit Juice","AT_ChloranthyRing","Master of Strategy","AT_RedTearstoneRing","Exhume","DistilledChaos"],"campfire_rested":0,"item_purchase_floors":[27,27,54,54,54,54,54],"current_hp_per_floor":[72,68,68,68,68,57,57,61,61,65,71,74,76,76,76,76,76,70,64,76,61,59,59,44,40,40,40,29,29,29,36,36,51,52,52,52,52,49,49,40,42,48,48,48,54,57,57,57,57,57,57,57,57,57,59,59],"gold":204,"neow_bonus":"TRANSFORM_TWO_CARDS","is_daily":false,"chose_seed":false,"campfire_upgraded":7,"win_rate":0.0,"timestamp":1611395553,"path_taken":["M","?","M","?","M","E","R","E","T","E","?","M","M","?","R","BOSS","M","?","?","M","?","R","E","?","T","?","E","R","M","E","R","BOSS","M","M","M","?","M","E","M","E","T","M","M","M","R","M","R","BOSS","BOSS","R","$","E","BOSS"],"items_purchased_type":["Relic","Potion","Relic","Card","Relic","Card","Potion"],"build_version":"2020-12-22","purchased_purges":2,"victory":true,"max_hp_per_floor":[75,68,68,68,68,68,68,68,68,70,72,74,76,76,76,76,76,76,76,76,78,80,80,80,40,40,40,40,40,40,42,42,52,52,52,52,52,49,49,49,51,53,53,53,55,57,57,57,57,57,57,57,57,57,59,59],"card_choices":[{"not_picked":["Power Through","Reckless Charge","Headbutt"],"picked":"SKIP","floor":1.0},{"not_picked":["AT_IchimonjiDouble","Iron Wave"],"picked":"Armaments","floor":3.0},{"not_picked":["Carnage","Clothesline","Anger"],"picked":"SKIP","floor":5.0},{"not_picked":["Warcry","Exhume"],"picked":"AT_Dispersion","floor":6.0},{"not_picked":["Twin Strike","AT_GerminateFire"],"picked":"Feel No Pain","floor":8.0},{"not_picked":["Infernal Blade","Headbutt","Armaments"],"picked":"Singing Bowl","floor":10.0},{"not_picked":["Clothesline","Wild Strike","Uppercut"],"picked":"Singing Bowl","floor":11.0},{"not_picked":["Dropkick","Sword Boomerang","Cleave"],"picked":"Singing Bowl","floor":12.0},{"not_picked":["Heavy Blade","Body Slam","Thunderclap"],"picked":"Singing Bowl","floor":13.0},{"not_picked":["Brutality","Bludgeon"],"picked":"Offering","floor":16.0},{"not_picked":["True Grit","Sentinel"],"picked":"Dark Embrace","floor":18.0},{"not_picked":["Perfected Strike","Clash"],"picked":"Body Slam","floor":19.0},{"not_picked":["Heavy Blade","Armaments","Clash"],"picked":"Singing Bowl","floor":21.0},{"not_picked":["AT_IchimonjiDouble+1","Body Slam","Reckless Charge"],"picked":"Singing Bowl","floor":22.0},{"not_picked":["Infernal Blade+1","AT_CaressingTears"],"picked":"Whirlwind+1","floor":24.0},{"not_picked":["Uppercut","Perfected Strike"],"picked":"Shockwave","floor":28.0},{"not_picked":["Carnage","Warcry"],"picked":"Impervious","floor":30.0},{"not_picked":["True Grit","Body Slam","Reaper"],"picked":"Singing Bowl","floor":31.0},{"not_picked":["Double Tap","Demon Form"],"picked":"Exhume","floor":33},{"not_picked":["Flex+1","Thunderclap+1"],"picked":"Evolve","floor":35},{"not_picked":["AT_IchimonjiDouble+1","Flex"],"picked":"Burning Pact+1","floor":36},{"not_picked":["AT_GerminateFire","Armaments"],"picked":"Second Wind","floor":37},{"not_picked":["Warcry+1","Wild Strike"],"picked":"Battle Trance","floor":39},{"not_picked":["Thunderclap","Iron Wave+1"],"picked":"Juggernaut","floor":40},{"not_picked":["Fire Breathing","AT_CaressingTears","Headbutt"],"picked":"Singing Bowl","floor":41},{"not_picked":["AT_BodySlamDance","Thunderclap","Dual Wield+1"],"picked":"Singing Bowl","floor":42},{"not_picked":["Pommel Strike+1","Fire Breathing"],"picked":"Shrug It Off+1","floor":44},{"not_picked":["Wild Strike","Thunderclap","Cleave+1"],"picked":"Singing Bowl","floor":45},{"not_picked":["Dropkick","Sword Boomerang+1","Cleave"],"picked":"Singing Bowl","floor":46},{"not_picked":["Pommel Strike","Infernal Blade"],"picked":"Feel No Pain","floor":48},{"not_picked":["Twin Strike","Havoc","Sword Boomerang"],"picked":"Singing Bowl","floor":55}],"player_experience":471248,"relics_obtained":[{"floor":6.0,"key":"Paper Frog"},{"floor":8.0,"key":"Art of War"},{"floor":10.0,"key":"Singing Bowl"},{"floor":24.0,"key":"AT_BladeRuinedKing"},{"floor":26.0,"key":"AT_ArchangelStaff"},{"floor":28.0,"key":"AT_BellowingDragoncrestRing"},{"floor":31.0,"key":"Anchor"},{"floor":40,"key":"Ornamental Fan"},{"floor":42,"key":"AT_MibuBalloonWealth"},{"floor":43,"key":"Bronze Scales"},{"floor":55,"key":"Oddly Smooth Stone"}],"event_choices":[{"damage_healed":0.0,"max_hp_gain":0.0,"max_hp_loss":7.0,"gold_gain":0.0,"event_name":"Golden Idol","player_choice":"Lose Max HP","floor":2.0,"gold_loss":0.0,"damage_taken":0.0,"relics_obtained":["Golden Idol"]},{"damage_healed":0.0,"max_hp_gain":0.0,"max_hp_loss":0.0,"gold_gain":0.0,"event_name":"Match and Keep!","player_choice":"1 cards matched","floor":4.0,"gold_loss":0.0,"damage_taken":0.0,"cards_obtained":["Impervious"]},{"damage_healed":0.0,"max_hp_gain":0.0,"max_hp_loss":0.0,"gold_gain":0.0,"event_name":"Lab","player_choice":"Got Potions","floor":14.0,"gold_loss":0.0,"damage_taken":0.0},{"cards_removed":["Hemokinesis"],"damage_healed":12.0,"max_hp_gain":0.0,"max_hp_loss":0.0,"gold_gain":0.0,"event_name":"Bonfire Elementals","player_choice":"Offered Uncommon","floor":20.0,"gold_loss":0.0,"damage_taken":0.0},{"damage_healed":0.0,"max_hp_gain":0.0,"max_hp_loss":40.0,"gold_gain":0.0,"event_name":"Ghosts","player_choice":"Became a Ghost","floor":25.0,"gold_loss":0.0,"damage_taken":0.0,"cards_obtained":["Ghostly","Ghostly","Ghostly"]},{"damage_healed":0,"gold_gain":0,"player_choice":"Max HP","damage_taken":0,"max_hp_gain":0,"max_hp_loss":3,"event_name":"Winding Halls","floor":38,"gold_loss":0}],"is_beta":false,"boss_relics":[{"not_picked":["Ectoplasm","Busted Crown"],"picked":"SacredBark"},{"not_picked":["Snecko Eye","SlaversCollar"],"picked":"Pandora\u0027s Box"}],"items_purged_floors":[27,54],"is_endless":false,"potions_floor_spawned":[1,5,10,11,13,22,24,30,31,33,39,41,42,46],"ascension_level":20}}