{"host":"0iuhrgzkozzv273x","time":1611371988,"event":{"mods":["2.2 Compatiblity","Astrologer","BaseMod","ChefMod","Colored Map","Curses Come First","Downfall","Hermit","Jorbs\u0027s Wanderer Trilogy","Key Reminder","Minty Spire (QoL Compilation)","Robot Space Explorer","Shade Mod","Spire Arcade","StSLib","The Construct","The Cursed","The Disciple","The Hayseed","The Runesmith","The Showman","TheFirefly","Unceasing Turn Reminder","Wandering Minibosses","thorton"],"gold_per_floor":[99,114,214,214,209,109,157,157,67,87,116,131,142,162,176,271,271,171,120,66,70,70,85,85,85,92,92,832,179,179,198,217,322,322,322,337,349,360,416,450,474,505,405,417,417,417,449,464,479,479,479,505,34,34,34,34],"floor_reached":57,"language":"ENG","playtime":7433,"items_purged":["champ:Strike","champ:Strike","champ:Strike","champ:Defend"],"score":1603,"play_id":"815eb6ee-4e58-4f24-bcff-a51d699f93a1","local_time":"20210122221948","is_ascension_mode":false,"campfire_choices":[{"floor":1.0,"key":"RECALL"},{"data":"champ:GutPunch","floor":6.0,"key":"SMITH"},{"data":"champ:Execute","floor":8.0,"key":"SMITH"},{"data":"champ:UltimateStance","floor":18.0,"key":"SMITH"},{"floor":25.0,"key":"REST"},{"data":"champ:Improvising","floor":30.0,"key":"SMITH"},{"data":"champ:GladiatorForm","floor":35.0,"key":"SMITH"},{"data":"champ:Improvising","floor":43.0,"key":"SMITH"},{"data":"champ:Encircle","floor":46.0,"key":"SMITH"},{"data":"champ:ShieldThrow","floor":54,"key":"SMITH"}],"circlet_count":0,"master_deck":["champ:Defend","champ:Defend","champ:Defend","champ:Execute+1","champ:Taunt+1","champ:GutPunch+1","champ:FocusedBerserking","champ:Encircle+1","champ:ArenaPreparation","champ:UltimateStance+1","champ:ShieldThrow+1","champ:IgnorePain","champ:CalledShot+1","champ:CalledShot+1","champ:Improvising+1","champ:GladiatorForm+1","champ:Backstep+1","champ:Improvising+1"],"relics":["champ:ChampionCrownUpgraded","downfall:HeartBlessingRed","champ:FightingForDummies","Centennial Puzzle","thethorton:BottledFunds","downfall:HeartBlessingGreen","Nloth\u0027s Gift","Kunai","HornCleat","Blue Candle","wanderingMiniBosses:MasterThiefsPresence","FossilizedHelix","Ancient Tea Set","OrangePellets","sneckomod:BlankCard","CaptainsWheel","downfall:HeartBlessingBlue","Eternal Feather","Mummified Hand","Membership Card","Pear","Bag of Preparation"],"acts_visited":["Exordium","TheCity","TheBeyond","TheEnding"],"potions_floor_usage":[56],"damage_taken":[{"damage":22.0,"enemies":"Jaw Worm","floor":2.0,"turns":6.0},{"damage":30.0,"enemies":"Cultist","floor":5.0,"turns":7.0},{"damage":20.0,"enemies":"downfall:FleeingMerchant","floor":9.0,"turns":4.0},{"damage":15.0,"enemies":"2 Louse","floor":10.0,"turns":2.0},{"damage":38.0,"enemies":"Lagavulin","floor":11.0,"turns":7.0},{"damage":15.0,"enemies":"Blue Slaver","floor":12.0,"turns":3.0},{"damage":15.0,"enemies":"Lots of Slimes","floor":13.0,"turns":3.0},{"damage":55.0,"enemies":"3 Sentries","floor":14.0,"turns":9.0},{"damage":25.0,"enemies":"Large Slime","floor":15.0,"turns":2.0},{"damage":58.0,"enemies":"IC_STATUS_ARCHETYPE","floor":16.0,"turns":5.0},{"damage":72.0,"enemies":"Shell Parasite","floor":19.0,"turns":7.0},{"damage":71.0,"enemies":"Chosen","floor":20.0,"turns":8.0},{"damage":53.0,"enemies":"Shelled Parasite and Fungi","floor":21.0,"turns":4.0},{"damage":52.0,"enemies":"Slavers","floor":23.0,"turns":7.0},{"damage":20.0,"enemies":"3 Cultists","floor":26.0,"turns":4.0},{"damage":61.0,"enemies":"Sentry and Sphere","floor":28.0,"turns":7.0},{"damage":25.0,"enemies":"downfall:FleeingMerchant","floor":29.0,"turns":4.0},{"damage":10.0,"enemies":"Centurion and Healer","floor":31.0,"turns":3.0},{"damage":20.0,"enemies":"Shelled Parasite and Fungi","floor":32.0,"turns":2.0},{"damage":55.0,"enemies":"WA_ARCHETYPE_CALM","floor":33.0,"turns":4.0},{"damage":0.0,"enemies":"Orb Walker","floor":36.0,"turns":1.0},{"damage":32.0,"enemies":"3 Darklings","floor":37.0,"turns":3.0},{"damage":25.0,"enemies":"Writhing Mass","floor":38.0,"turns":2.0},{"damage":35.0,"enemies":"downfall:FleeingMerchant","floor":39.0,"turns":2.0},{"damage":25.0,"enemies":"Giant Head","floor":40.0,"turns":3.0},{"damage":55.0,"enemies":"Nemesis","floor":42.0,"turns":5.0},{"damage":65.0,"enemies":"Transient","floor":44.0,"turns":5.0},{"damage":0.0,"enemies":"Reptomancer","floor":47.0,"turns":2.0},{"damage":5.0,"enemies":"Maw","floor":48.0,"turns":2.0},{"damage":5.0,"enemies":"Spire Growth","floor":49.0,"turns":2.0},{"damage":40.0,"enemies":"SI_POISON_ARCHETYPE","floor":50.0,"turns":3.0},{"damage":48,"enemies":"downfall:CharBossMerchant","floor":52,"turns":5},{"damage":91,"enemies":"downfall:NeowBoss","floor":55,"turns":8},{"damage":56,"enemies":"downfall:NeowBossFinal","floor":56,"turns":3}],"seed_played":"1422162564962224078","potions_obtained":[{"floor":10.0,"key":"ColorlessPotion"},{"floor":11.0,"key":"FairyPotion"},{"floor":12.0,"key":"SpeedPotion"},{"floor":15.0,"key":"AttackPotion"},{"floor":23.0,"key":"Fire Potion"},{"floor":28.0,"key":"Fire Potion"},{"floor":31.0,"key":"sneckomod:MuddlingPotion"},{"floor":36.0,"key":"DistilledChaos"},{"floor":49.0,"key":"DistilledChaos"}],"is_trial":false,"path_per_floor":["R","M","?","?","M","R","T","R","$","M","E","M","M","E","M","B",null,"R","M","M","M","?","E","T","R","M","?","M","$","R","M","M","B",null,"R","M","M","M","$","E","T","E","R","M","?","R","E","M","M","B",null,"E","$","R","B","B",null],"character_chosen":"THE_CHAMP","items_purchased":["champ:Improvising","FossilizedHelix","Ancient Tea Set","OrangePellets","Membership Card","Pear","Bag of Preparation","EntropicBrew"],"campfire_rested":1,"item_purchase_floors":[29,29,29,39,53,53,53,53],"current_hp_per_floor":[90,88,88,88,88,88,88,88,88,88,80,80,80,60,60,52,90,90,83,64,46,46,34,34,61,71,66,70,70,70,90,90,90,90,90,90,78,90,90,90,90,90,100,100,100,100,100,100,100,100,100,100,110,110,110,99],"gold":34,"neow_bonus":"REMOVE_CARD","is_daily":false,"chose_seed":false,"campfire_upgraded":8,"win_rate":0.0,"timestamp":1611371988,"path_taken":["R","M","?","?","M","R","T","R","$","?","E","?","M","E","M","BOSS","R","M","M","M","?","E","T","R","?","?","M","$","R","M","M","BOSS","R","M","M","M","$","E","T","E","R","M","?","R","E","M","M","BOSS","E","$","R","BOSS","BOSS"],"items_purchased_type":["Card","Relic","Relic","Relic","Relic","Relic","Relic","Potion"],"build_version":"2020-12-22","purchased_purges":4,"victory":true,"max_hp_per_floor":[90,90,90,90,90,90,90,90,90,90,90,90,90,90,90,90,90,90,90,90,90,90,90,90,90,90,90,90,90,90,90,90,90,90,90,90,90,90,90,90,90,90,100,100,100,100,100,100,100,100,100,100,110,110,110,110],"card_choices":[{"not_picked":["champ:PerfectedStrike","champ:EndlessRage","champ:Haymaker"],"picked":"SKIP","floor":2.0},{"not_picked":["champ:CalledShot","champ:SetATrap"],"picked":"champ:GutPunch","floor":5.0},{"not_picked":["champ:Haymaker","champ:FlashCut"],"picked":"champ:FocusedBerserking","floor":9.0},{"not_picked":["champ:FalseCounter","champ:FanOfKnives"],"picked":"champ:Encircle","floor":10.0},{"not_picked":["champ:DefensiveShout","champ:PreemptiveStrike"],"picked":"champ:ArenaPreparation","floor":11.0},{"not_picked":["champ:FancyFootwork","champ:Endure","champ:FaceSlap"],"picked":"SKIP","floor":12.0},{"not_picked":["champ:BerserkersShout","champ:Shatter"],"picked":"champ:UltimateStance","floor":13.0},{"not_picked":["champ:BringItOn","champ:PreciseThrust"],"picked":"champ:ShieldThrow","floor":14.0},{"not_picked":["champ:CrookedStrike","champ:FaceSlap","champ:BerserkersShout"],"picked":"SKIP","floor":15.0},{"not_picked":["champ:SwordThrow","champ:HoldFirm"],"picked":"champ:IgnorePain","floor":16.0},{"not_picked":["champ:IronFortress","champ:BladeFlurry+1","champ:CalledShot"],"picked":"SKIP","floor":19.0},{"not_picked":["champ:FanOfKnives","champ:Haymaker","champ:Duel"],"picked":"SKIP","floor":20.0},{"not_picked":["champ:Circumvent","champ:Encircle","champ:RisingSlash"],"picked":"SKIP","floor":21.0},{"not_picked":["champ:TripleStrike","champ:DeathBlow"],"picked":"champ:CalledShot+1","floor":23.0},{"not_picked":["champ:Shatter","champ:FanOfKnives"],"picked":"champ:CalledShot+1","floor":26.0},{"not_picked":["champ:ArenaPreparation+1","champ:Haymaker"],"picked":"champ:EnragedBash","floor":28.0},{"not_picked":["champ:Shatter","champ:FancyFootwork","champ:Haymaker"],"picked":"SKIP","floor":29.0},{"not_picked":["champ:FanOfKnives+1","champ:ShieldSlam","champ:FlashCut"],"picked":"SKIP","floor":31.0},{"not_picked":["champ:ShieldWall","champ:StanceDance","champ:FlashCut+1"],"picked":"SKIP","floor":32.0},{"not_picked":["champ:SwordThrow","champ:Improvising"],"picked":"champ:GladiatorForm","floor":33.0},{"not_picked":["champ:EnGarde","champ:Endure","champ:BringItOn"],"picked":"SKIP","floor":36.0},{"not_picked":["champ:TornadoPunch+1","champ:GladiatorForm","champ:Duel"],"picked":"SKIP","floor":37.0},{"not_picked":["champ:BladeFlurry+1","champ:BerserkersShout"],"picked":"champ:Backstep+1","floor":38.0},{"not_picked":["champ:FlashCut","champ:AdrenalArmor+1","champ:Backstep+1"],"picked":"SKIP","floor":39.0},{"not_picked":["champ:RisingSlash","champ:FocusedDefense+1"],"picked":"champ:Improvising","floor":40.0},{"not_picked":["champ:FalseCounter","champ:PreciseThrust","champ:Improvising"],"picked":"SKIP","floor":42.0},{"not_picked":["champ:Backstep","champ:BladeFlurry","champ:Haymaker+1"],"picked":"SKIP","floor":44.0},{"not_picked":["champ:Devastate","champ:FlashCut","champ:PerfectedStrike+1"],"picked":"SKIP","floor":47.0},{"not_picked":["champ:SetATrap+1","champ:AdrenalArmor","champ:RisingSlash"],"picked":"SKIP","floor":48.0},{"not_picked":["champ:CrownThrow","champ:RecklessLeap","champ:CheapShot"],"picked":"SKIP","floor":49.0},{"not_picked":["champ:ArenaPreparation+1","champ:UltimateStance","champ:FlashCut"],"picked":"SKIP","floor":52}],"player_experience":1507260,"relics_obtained":[{"floor":7.0,"key":"champ:FightingForDummies"},{"floor":11.0,"key":"construct:BoolHorns"},{"floor":14.0,"key":"Centennial Puzzle"},{"floor":23.0,"key":"Kunai"},{"floor":24.0,"key":"HornCleat"},{"floor":28.0,"key":"wanderingMiniBosses:MasterThiefsPresence"},{"floor":40.0,"key":"sneckomod:BlankCard"},{"floor":42.0,"key":"CaptainsWheel"},{"floor":47.0,"key":"Eternal Feather"},{"floor":52,"key":"Mummified Hand"}],"event_choices":[{"cards_removed":["champ:EnragedBash"],"damage_healed":0.0,"max_hp_gain":0.0,"max_hp_loss":0.0,"gold_gain":0.0,"event_name":"Falling","player_choice":"Removed Attack","floor":45.0,"gold_loss":0.0,"damage_taken":0.0}],"is_beta":false,"boss_relics":[{"not_picked":["Sozu","Runesmith:UraniumAnvil"],"picked":"thethorton:BottledFunds"},{"not_picked":["Coffee Dripper","SacredBark"],"picked":"champ:ChampionCrownUpgraded"}],"items_purged_floors":[9,29,39,53],"is_endless":false,"potions_floor_spawned":[10,11,12,15,23,28,31,32,33,36,40,44,49],"ascension_level":0}}