{"host":"q9szs7qndgdlcq24","time":1611437111,"event":{"mods":["2.2 Compatiblity","AchievementEnabler","BaseMod","Bestiary","Colored Map","Colored Powertips","Dark Map","DeckTracker","Displayed Cursed Tome","Highlight Path","Minty Spire (QoL Compilation)","Random Character Button","StSLib","Unknown Chances"],"gold_per_floor":[109,109,129,146,96,96,121,121,121,143,155,29,55,67,67,163,163,174,186,186,90,90,90,101,101,101,101,101,132,144,156,168,279,291,317,343,355,367,86,86,98,98,98,64,64,78,98,47,47,47,47],"floor_reached":50,"language":"ENG","playtime":4317,"items_purged":["Defend_B","Writhe"],"score":448,"play_id":"2160e1fa-1ed5-4a4b-ae57-99c885c17706","local_time":"20210124002511","is_ascension_mode":false,"campfire_choices":[{"data":"Barrage","floor":6,"key":"SMITH"},{"data":"Self Repair","floor":8,"key":"SMITH"},{"data":"Self Repair","floor":15,"key":"SMITH"},{"data":"Electrodynamics","floor":23,"key":"SMITH"},{"data":"Barrage","floor":27,"key":"SMITH"},{"floor":30,"key":"REST"},{"data":"Loop","floor":32,"key":"SMITH"},{"data":"Loop","floor":40,"key":"SMITH"},{"data":"Defragment","floor":42,"key":"SMITH"},{"floor":49,"key":"REST"}],"circlet_count":0,"master_deck":["Defend_B+1","Defend_B+1","Zap","Self Repair+1","Barrage+1","Electrodynamics","Self Repair+1","Force Field","Loop+1","Barrage+1","Leap","Biased Cognition","Rip and Tear+1","Creative AI+1","Lockon+1","Barrage","Loop+1","Beam Cell","Redo","Ball Lightning","Rip and Tear+1","Auto Shields+1","Core Surge+1","Conserve Battery+1","Sunder+1","Turbo","Core Surge+1","Defragment+1","Static Discharge","Go for the Eyes+1","Streamline+1"],"relics":["Cracked Core","Question Card","Kunai","Odd Mushroom","Tiny Chest","Astrolabe","Molten Egg 2","Lantern","MawBank","Busted Crown","DollysMirror","Sundial","PreservedInsect"],"acts_visited":["Exordium","TheCity","TheBeyond"],"potions_floor_usage":[3,11,16,18,33,46],"damage_taken":[{"damage":1,"enemies":"Jaw Worm","floor":1,"turns":4},{"damage":0,"enemies":"2 Louse","floor":3,"turns":2},{"damage":7,"enemies":"Small Slimes","floor":4,"turns":3},{"damage":28,"enemies":"Gremlin Nob","floor":7,"turns":4},{"damage":9,"enemies":"The Mushroom Lair","floor":10,"turns":2},{"damage":10,"enemies":"Looter","floor":11,"turns":3},{"damage":17,"enemies":"3 Sentries","floor":13,"turns":4},{"damage":9,"enemies":"Large Slime","floor":14,"turns":5},{"damage":27,"enemies":"The Guardian","floor":16,"turns":13},{"damage":37,"enemies":"Chosen","floor":18,"turns":5},{"damage":20,"enemies":"Shell Parasite","floor":19,"turns":6},{"damage":8,"enemies":"Snecko","floor":24,"turns":3},{"damage":34,"enemies":"Chosen and Byrds","floor":29,"turns":5},{"damage":24,"enemies":"Champ","floor":33,"turns":8},{"damage":10,"enemies":"Orb Walker","floor":35,"turns":3},{"damage":9,"enemies":"3 Shapes","floor":36,"turns":4},{"damage":19,"enemies":"Sphere and 2 Shapes","floor":41,"turns":5},{"damage":44,"enemies":"4 Shapes","floor":46,"turns":4},{"damage":0,"enemies":"Transient","floor":47,"turns":5},{"damage":96,"enemies":"Time Eater","floor":50,"turns":9}],"seed_played":"-6707162534002892134","potions_obtained":[{"floor":1,"key":"BlessingOfTheForge"},{"floor":10,"key":"AttackPotion"},{"floor":11,"key":"LiquidMemories"},{"floor":14,"key":"Ancient Potion"},{"floor":16,"key":"AttackPotion"},{"floor":24,"key":"Fire Potion"},{"floor":33,"key":"SkillPotion"},{"floor":41,"key":"BlessingOfTheForge"}],"is_trial":false,"path_per_floor":["M","?","M","M","?","R","E","R","T","?","M","$","E","M","R","B",null,"M","M","?","$","?","R","M","?","T","R","T","M","R","?","R","B",null,"M","M","?","?","$","R","M","R","T","$","T","M","M","$","R","B"],"character_chosen":"DEFECT","items_purchased":["Barrage","Redo","Ball Lightning","Turbo","DollysMirror","Static Discharge","Streamline+1"],"campfire_rested":2,"item_purchase_floors":[12,21,21,39,39,44,48],"current_hp_per_floor":[81,86,86,86,86,86,65,65,65,66,63,63,63,71,71,64,87,70,60,60,60,60,60,52,52,52,52,52,38,64,64,64,50,87,87,87,87,87,87,87,78,78,78,78,78,44,64,64,87,0,0],"gold":47,"neow_bonus":"TEN_PERCENT_HP_BONUS","is_daily":false,"chose_seed":false,"campfire_upgraded":8,"win_rate":0.0,"timestamp":1611437111,"path_taken":["M","?","M","M","?","R","E","R","T","?","M","$","E","M","R","BOSS","M","M","?","$","?","R","M","?","T","R","?","M","R","?","R","BOSS","M","M","?","?","$","R","M","R","T","$","?","?","M","$","R","BOSS"],"items_purchased_type":["Card","Card","Card","Card","Relic","Card","Card"],"build_version":"2020-12-22","purchased_purges":2,"victory":false,"max_hp_per_floor":[82,87,87,87,87,87,87,87,87,87,87,87,87,87,87,87,87,87,87,87,87,87,87,87,87,87,87,87,87,87,87,87,87,87,87,87,87,87,87,87,87,87,87,87,87,87,87,87,87,87,87],"card_choices":[{"not_picked":["Chill","Compile Driver"],"picked":"Self Repair","floor":1},{"not_picked":["Turbo","Stack"],"picked":"Barrage","floor":3},{"not_picked":["Leap","Reinforced Body"],"picked":"Electrodynamics","floor":4},{"not_picked":["BootSequence","Blizzard"],"picked":"Self Repair","floor":7},{"not_picked":["Redo","Blizzard","Conserve Battery"],"picked":"Force Field","floor":10},{"not_picked":["Gash","Ball Lightning","Compile Driver"],"picked":"Loop","floor":11},{"not_picked":["Darkness","Reinforced Body","Fusion"],"picked":"Leap","floor":13},{"not_picked":["Lockon","Storm","Darkness","Steam"],"picked":"SKIP","floor":14},{"not_picked":["Buffer","Meteor Strike","Seek"],"picked":"Biased Cognition","floor":16},{"not_picked":["Rebound","Chaos","Recycle+1"],"picked":"Barrage","floor":18},{"not_picked":["Redo+1","Hologram+1","Self Repair"],"picked":"Loop","floor":19},{"not_picked":["Cold Snap","Doom and Gloom+1","Chaos"],"picked":"Rip and Tear+1","floor":24},{"not_picked":["Consume","Barrage+1","Redo+1"],"picked":"Auto Shields+1","floor":29},{"not_picked":["Multi-Cast","Electrodynamics","Biased Cognition"],"picked":"Core Surge+1","floor":33},{"not_picked":["Compile Driver+1"],"picked":"Conserve Battery+1","floor":35},{"not_picked":["White Noise"],"picked":"Sunder+1","floor":36},{"not_picked":["Genetic Algorithm+1"],"picked":"Defragment","floor":41},{"not_picked":["Sunder+1","Darkness+1"],"picked":"SKIP","floor":46},{"not_picked":["Auto Shields+1"],"picked":"Go for the Eyes+1","floor":47}],"player_experience":70899,"relics_obtained":[{"floor":7,"key":"Question Card"},{"floor":9,"key":"Kunai"},{"floor":10,"key":"Odd Mushroom"},{"floor":13,"key":"Tiny Chest"},{"floor":26,"key":"Lantern"},{"floor":28,"key":"MawBank"},{"floor":43,"key":"Sundial"},{"floor":45,"key":"PreservedInsect"}],"event_choices":[{"damage_healed":0,"gold_gain":0,"player_choice":"Donut","damage_taken":0,"max_hp_gain":5,"max_hp_loss":0,"event_name":"Big Fish","floor":2,"gold_loss":0},{"cards_removed":["Strike_B"],"damage_healed":0,"gold_gain":0,"player_choice":"Card Removal","damage_taken":0,"max_hp_gain":0,"max_hp_loss":0,"event_name":"The Cleric","floor":5,"gold_loss":50},{"damage_healed":0,"gold_gain":0,"player_choice":"Fought Mushrooms","damage_taken":0,"max_hp_gain":0,"max_hp_loss":0,"event_name":"Mushrooms","floor":10,"gold_loss":0},{"damage_healed":0,"gold_gain":0,"cards_transformed":["Strike_B","Dualcast"],"player_choice":"Became Test Subject","damage_taken":0,"max_hp_gain":0,"max_hp_loss":0,"event_name":"Drug Dealer","floor":20,"gold_loss":0,"cards_obtained":["Electrodynamics","Beam Cell"]},{"damage_healed":0,"gold_gain":0,"player_choice":"Ignored","damage_taken":0,"max_hp_gain":0,"max_hp_loss":0,"event_name":"Beggar","floor":22,"gold_loss":0},{"damage_healed":0,"gold_gain":0,"player_choice":"Gave Potion","damage_taken":0,"relics_obtained":["Molten Egg 2"],"max_hp_gain":0,"max_hp_loss":0,"event_name":"WeMeetAgain","floor":25,"gold_loss":0},{"damage_healed":0,"gold_gain":0,"player_choice":"Simplicity","damage_taken":0,"max_hp_gain":0,"max_hp_loss":0,"event_name":"Back to Basics","floor":31,"gold_loss":0,"cards_upgraded":["Defend_B","Defend_B"]},{"damage_healed":22,"gold_gain":0,"player_choice":"Writhe","damage_taken":0,"max_hp_gain":0,"max_hp_loss":0,"event_name":"Winding Halls","floor":37,"gold_loss":0,"cards_obtained":["Writhe"]},{"cards_removed":["Electrodynamics"],"damage_healed":0,"gold_gain":0,"player_choice":"Removed Power","damage_taken":0,"max_hp_gain":0,"max_hp_loss":0,"event_name":"Falling","floor":38,"gold_loss":0}],"is_beta":false,"boss_relics":[{"not_picked":["FrozenCore","Ectoplasm"],"picked":"Astrolabe"},{"not_picked":["Philosopher\u0027s Stone","Velvet Choker"],"picked":"Busted Crown"}],"items_purged_floors":[12,39],"is_endless":false,"potions_floor_spawned":[1,10,11,14,16,24,33,36,41],"killed_by":"Time Eater","ascension_level":0}}