{"host":"xbs6xfa3tvu21mfl","time":1611407305,"event":{"mods":["Act Like it!","BaseMod","Downfall","Gensokyo","Minty Spire (QoL Compilation)","Quick Restart","StSLib","The Servant 0.9.4"],"gold_per_floor":[117,117,137,156,11,43,43,74,97,97,111,111,111,125,125,227,227,241,241,253,253,253],"floor_reached":21,"language":"ZHS","playtime":1275,"items_purged":[],"score":189,"play_id":"764e7dab-6833-4df7-be08-343d471e25e0","local_time":"20210123210825","is_ascension_mode":false,"campfire_choices":[{"floor":7.0,"key":"REST"},{"floor":10.0,"key":"REST"},{"data":"Read","floor":13.0,"key":"SMITH"},{"data":"ShatteredReality","floor":15.0,"key":"SMITH"}],"circlet_count":0,"master_deck":["Strike_S","Strike_S","Strike_S","Defend_S","Defend_S","Defend_S","Defend_S","KidneyShot","Exchange+1","Rearm","Misdirection","DualDimension","SurpressingFire","ShiftingGears","KillingDoll","ReturningBlade","Read+1","Starlight","ShatteredReality+1","Deny","ShiftingGears"],"relics":["Uniform","NeowsBlessing","Boot","Akabeko","Regal Pillow","StoneMask","Enchiridion"],"acts_visited":["Exordium","TheCity"],"potions_floor_usage":[21],"damage_taken":[{"damage":0.0,"enemies":"Small Slimes","floor":1.0,"turns":1.0},{"damage":0.0,"enemies":"Cultist","floor":3.0,"turns":1.0},{"damage":0.0,"enemies":"Jaw Worm","floor":4.0,"turns":1.0},{"damage":45.0,"enemies":"3 Sentries","floor":6.0,"turns":21.0},{"damage":9.0,"enemies":"Gremlin Nob","floor":8.0,"turns":4.0},{"damage":5.0,"enemies":"Blue Slaver","floor":11.0,"turns":5.0},{"damage":0.0,"enemies":"2 Fungi Beasts","floor":14.0,"turns":2.0},{"damage":8.0,"enemies":"The Guardian","floor":16.0,"turns":16.0},{"damage":0.0,"enemies":"3 Byrds","floor":18.0,"turns":2.0},{"damage":15,"enemies":"2 Thieves","floor":20,"turns":3},{"damage":15,"enemies":"Snecko","floor":21,"turns":3}],"seed_played":"-5471669973127221862","potions_obtained":[{"floor":6.0,"key":"LiquidMemories"},{"floor":11.0,"key":"EssenceOfSteel"},{"floor":16.0,"key":"Energy Potion"},{"floor":18.0,"key":"Dexterity Potion"}],"is_trial":false,"path_per_floor":["M","?","M","M","$","E","R","E","T","R","M","?","R","M","R","B",null,"M","?","M","M"],"character_chosen":"THE_SERVANT","items_purchased":["SurpressingFire","ShiftingGears"],"campfire_rested":2,"item_purchase_floors":[5,5],"current_hp_per_floor":[65,65,65,65,65,20,39,30,30,64,59,59,59,59,59,51,65,68,52,43,28,28],"gold":253,"neow_bonus":"THREE_ENEMY_KILL","is_daily":false,"chose_seed":false,"campfire_upgraded":2,"win_rate":0.0,"timestamp":1611407305,"path_taken":["M","?","?","M","?","E","R","E","T","R","M","?","R","M","R","BOSS","M","?","M","M"],"items_purchased_type":["Card","Card"],"build_version":"2020-12-22","purchased_purges":0,"victory":false,"max_hp_per_floor":[65,65,65,65,65,65,65,65,65,65,65,65,65,65,65,65,65,68,68,70,70,70],"card_choices":[{"not_picked":["TimeWarp","Unruled"],"picked":"Rearm","floor":1.0},{"not_picked":["FastForward","BottledTime"],"picked":"Misdirection","floor":3.0},{"not_picked":["TimeWarp","BottledTime"],"picked":"DualDimension","floor":4.0},{"not_picked":["Misdirection","GearUp"],"picked":"KillingDoll","floor":6.0},{"not_picked":["Reset","Alleviate"],"picked":"ReturningBlade","floor":8.0},{"not_picked":["DoubleEdge","ShatteredReality"],"picked":"Read","floor":11.0},{"not_picked":["TimeWarp","Gouge"],"picked":"ShatteredReality","floor":14.0},{"not_picked":["PendulumOfEternity","LightFlow"],"picked":"Deny","floor":16.0},{"not_picked":["TimeWarp","Starlight+1","Alleviate+1"],"picked":"SKIP","floor":18.0},{"not_picked":["DoubleEdge","Starlight"],"picked":"ShiftingGears","floor":20}],"player_experience":170421,"relics_obtained":[{"floor":6.0,"key":"Boot"},{"floor":8.0,"key":"Akabeko"},{"floor":9.0,"key":"Regal Pillow"},{"floor":19.0,"key":"Enchiridion"}],"event_choices":[{"damage_healed":0.0,"max_hp_gain":0.0,"max_hp_loss":0.0,"gold_gain":0.0,"event_name":"Upgrade Shrine","player_choice":"Upgraded","floor":2.0,"gold_loss":0.0,"damage_taken":0.0,"cards_upgraded":["Exchange"]},{"damage_healed":0.0,"max_hp_gain":0.0,"max_hp_loss":0.0,"gold_gain":0.0,"cards_transformed":["Strike_S"],"event_name":"Living Wall","player_choice":"Change","floor":12.0,"gold_loss":0.0,"damage_taken":0.0,"cards_obtained":["Starlight"]},{"damage_healed":0.0,"max_hp_gain":0.0,"max_hp_loss":0.0,"gold_gain":0.0,"event_name":"Cursed Tome","player_choice":"Obtained Book","floor":19.0,"gold_loss":0.0,"damage_taken":16.0}],"is_beta":false,"boss_relics":[{"not_picked":["Busted Crown","Black Star"],"picked":"StoneMask"}],"items_purged_floors":[],"is_endless":false,"potions_floor_spawned":[6,11,16,18],"killed_by":"Snecko","ascension_level":0}}