{"host":"9l4mw5jqza9qz9hr","time":1611390455,"event":{"mods":["AchievementEnabler","Always Whale","BaseMod","Colored Map","Minty Spire (QoL Compilation)","StSLib","SuperFastMode"],"gold_per_floor":[15,15,15,40,40,40,74,74,74,94,137,137,177,196,196,196,196],"floor_reached":16,"language":"KOR","playtime":364,"items_purged":[],"score":195,"play_id":"a112a038-b847-486e-b232-2dc283f96a72","local_time":"20210123172735","is_ascension_mode":true,"campfire_choices":[{"data":"Creative AI","floor":6.0,"key":"SMITH"},{"floor":12,"key":"REST"},{"data":"White Noise","floor":15,"key":"SMITH"}],"circlet_count":0,"master_deck":["AscendersBane","Strike_B","Strike_B","Strike_B","Defend_B","Defend_B","Defend_B","Defend_B","Zap","Dualcast","Creative AI+1","White Noise+1","Sunder","Compile Driver","Conserve Battery","Self Repair","Capacitor","Ball Lightning"],"relics":["Cracked Core","Golden Idol","Girya","Turnip","Strawberry","TungstenRod"],"acts_visited":["Exordium"],"potions_floor_usage":[],"damage_taken":[{"damage":6.0,"enemies":"Jaw Worm","floor":1.0,"turns":4.0},{"damage":0.0,"enemies":"2 Louse","floor":4.0,"turns":4.0},{"damage":2.0,"enemies":"3 Sentries","floor":7.0,"turns":3.0},{"damage":9.0,"enemies":"Small Slimes","floor":10.0,"turns":3.0},{"damage":38.0,"enemies":"Gremlin Nob","floor":11.0,"turns":5.0},{"damage":3,"enemies":"3 Sentries","floor":13,"turns":4},{"damage":11,"enemies":"Looter","floor":14,"turns":4},{"damage":35,"enemies":"The Guardian","floor":16,"turns":2}],"seed_played":"2170266376356602011","potions_obtained":[{"floor":1.0,"key":"BlessingOfTheForge"},{"floor":7.0,"key":"SkillPotion"}],"is_trial":false,"path_per_floor":["M","?","?","M","$","R","E","?","T","M","E","R","E","M","R","B"],"character_chosen":"DEFECT","items_purchased":[],"campfire_rested":1,"item_purchase_floors":[],"current_hp_per_floor":[62,62,50,50,50,50,48,48,55,46,8,30,34,30,30,0,0],"gold":196,"neow_bonus":"THREE_RARE_CARDS","is_daily":false,"chose_seed":false,"campfire_upgraded":2,"win_rate":0.0,"timestamp":1611390455,"path_taken":["M","?","?","M","$","R","E","?","T","M","E","R","E","M","R","BOSS"],"items_purchased_type":[],"build_version":"2020-12-22","purchased_purges":0,"victory":false,"max_hp_per_floor":[75,69,69,69,69,69,69,69,76,76,76,76,76,76,76,76,76],"card_choices":[{"not_picked":["Buffer","Machine Learning"],"picked":"Creative AI","floor":0.0},{"not_picked":["Coolheaded","Redo"],"picked":"White Noise","floor":1.0},{"not_picked":["Blizzard","Redo"],"picked":"Sunder","floor":4.0},{"not_picked":["Leap","Steam"],"picked":"Compile Driver","floor":7.0},{"not_picked":["Rebound","Streamline"],"picked":"Conserve Battery","floor":10.0},{"not_picked":["Glacier","Streamline"],"picked":"Self Repair","floor":11},{"not_picked":["Reprogram","Stack"],"picked":"Capacitor","floor":13},{"not_picked":["Streamline","Hologram"],"picked":"Ball Lightning","floor":14}],"player_experience":233962,"relics_obtained":[{"floor":7.0,"key":"Turnip"},{"floor":9.0,"key":"Strawberry"},{"floor":13,"key":"TungstenRod"}],"event_choices":[{"damage_healed":0.0,"max_hp_gain":0.0,"max_hp_loss":6.0,"gold_gain":0.0,"event_name":"Golden Idol","player_choice":"Lose Max HP","floor":2.0,"gold_loss":0.0,"damage_taken":0.0,"relics_obtained":["Golden Idol"]},{"damage_healed":0.0,"max_hp_gain":0.0,"max_hp_loss":0.0,"gold_gain":0.0,"event_name":"Scrap Ooze","player_choice":"Success","floor":3.0,"gold_loss":0.0,"damage_taken":12.0,"relics_obtained":["Girya"]},{"cards_removed":["Strike_B"],"damage_healed":0.0,"max_hp_gain":0.0,"max_hp_loss":0.0,"gold_gain":0.0,"event_name":"Living Wall","player_choice":"Forget","floor":8.0,"gold_loss":0.0,"damage_taken":0.0}],"is_beta":false,"boss_relics":[],"items_purged_floors":[],"is_endless":false,"potions_floor_spawned":[1,7],"killed_by":"The Guardian","ascension_level":13}}