{"host":"xkyjkr020mio9edy","time":1611435813,"event":{"mods":["AchievementEnabler","BaseMod","Clockwork Mod","Colored Map","Colored Powertips","Downfall","Glutton Mod","Gold Saver","Minty Spire (QoL Compilation)","Quick Restart","Shade Mod","StSLib","The Cursed","The Necromancer","TheHeartMod"],"gold_per_floor":[461,479,492,512,531,548,576,49735,49735,49735,49755,49773,49270,49281,49281,49380,49380,49396,48577,48591,47680,47691,47691,47726,47726,47751,47751,47765,47765,47784,47800,47800,47902,47902,47919,47146,47198,47198,47198,47198],"floor_reached":38,"language":"ENG","playtime":2932,"items_purged":["hexamod:SixthSeal"],"score":552,"play_id":"69632c92-e454-4a63-a3e1-b702861f5267","local_time":"20210123160333","is_ascension_mode":false,"campfire_choices":[{"floor":10,"key":"REST"},{"floor":15,"key":"REST"},{"floor":23,"key":"RECALL"},{"floor":29,"key":"REST"},{"data":"Mayhem","floor":32,"key":"SMITH"}],"circlet_count":0,"master_deck":["hexamod:Strike","hexamod:Strike","hexamod:Strike+1","hexamod:Strike+1","hexamod:Defend+1","hexamod:Defend","hexamod:Defend+1","hexamod:Defend+1","hexamod:Sear","hexamod:Float+1","hexamod:RadiantFlame","hexamod:ShieldOfDarkness","hexamod:FlamesFromBeyond","hexamod:Firestarter","hexamod:ThirdSeal","hexamod:Firestarter","hexamod:HauntingEcho","hexamod:ThirdSeal","hexamod:SkipABeat+1","hexamod:ThermalTransfer","hexamod:BurningTouch","hexamod:EmpoweredFlame","hexamod:AdvancingGuard","hexamod:RadiantFlame","hexamod:SpectersWail+1","hexamod:HexaLevel","hexamod:HeatMetal","hexamod:InspiringFlames","hexamod:SwordOfDarkness+1","hexamod:FifthSeal","hexamod:HeatShield+1","hexamod:GhostLash+1","hexamod:SixthSeal","hexamod:FirstSeal","hexamod:VolcanoVisage+1","hexamod:SixthSeal","hexamod:BacktrackSmack","hexamod:Firestarter+1","hexamod:RainOfEmbers","Panache+1","Dark Shackles","hexamod:RainOfEmbers","hexamod:ApocalypseNow","hexamod:ParanormalForm","Mayhem+1","hexamod:SoulSteal","hexamod:ThermalTransfer+1","hexamod:HeatShield","hexamod:DynamicBlow","Writhe","hexamod:FirstSeal","hexamod:HauntingEcho","hexamod:SpectersWail+1","hexamod:SpectersWail","hexamod:GiftsFromTheDead","hexamod:WildfireWeapon","hexamod:UnlimitedPower","hexamod:FourthSeal","hexamod:TimeOfNeed","Swift Strike","hexamod:HeatCrush","hexamod:FourthSeal","hexamod:FlamesFromBeyond"],"relics":["hexamod:SpiritBrand","NeowsBlessing","Pear","Strawberry","bronze:DonusWashers","StoneCalendar","champ:DuelingGlove","OrangePellets","Runic Pyramid","Toolbox","Happy Flower","War Paint","hexamod:JarOfFuel","Guardian:PocketSentry","Torii","Nunchaku","Slimebound:PreparedRelic","bronze:BronzeIdol","Black Star","ClockworkSouvenir","Vajra","Kunai","Pocketwatch"],"acts_visited":["Exordium","TheCity","TheBeyond"],"potions_floor_usage":[5,11,14,16,16,22,33,33,33],"damage_taken":[{"damage":0,"enemies":"2 Louse","floor":1,"turns":1},{"damage":0,"enemies":"Small Slimes","floor":2,"turns":1},{"damage":0,"enemies":"Cultist","floor":3,"turns":1},{"damage":5,"enemies":"3 Louse","floor":4,"turns":3},{"damage":21,"enemies":"Lots of Slimes","floor":5,"turns":3},{"damage":0,"enemies":"Looter","floor":6,"turns":3},{"damage":30,"enemies":"Lagavulin","floor":7,"turns":8},{"damage":0,"enemies":"Large Slime","floor":11,"turns":3},{"damage":5,"enemies":"2 Fungi Beasts","floor":12,"turns":4},{"damage":10,"enemies":"Exordium Thugs","floor":14,"turns":5},{"damage":16,"enemies":"Slime Boss","floor":16,"turns":7},{"damage":5,"enemies":"Chosen","floor":18,"turns":6},{"damage":17,"enemies":"3 Byrds","floor":20,"turns":3},{"damage":0,"enemies":"Centurion and Healer","floor":22,"turns":8},{"damage":21,"enemies":"Slavers","floor":24,"turns":6},{"damage":0,"enemies":"Snake Plant","floor":28,"turns":4},{"damage":1,"enemies":"Snecko","floor":30,"turns":3},{"damage":9,"enemies":"Centurion and Healer","floor":31,"turns":5},{"damage":69,"enemies":"Collector","floor":33,"turns":7},{"damage":11,"enemies":"Orb Walker","floor":35,"turns":4},{"damage":61,"enemies":"2 Orb Walkers","floor":37,"turns":4},{"damage":22,"enemies":"3 Darklings","floor":38,"turns":6}],"seed_played":"-5479976558620289068","potions_obtained":[{"floor":2,"key":"AttackPotion"},{"floor":3,"key":"hexamod:SoulburnPotion"},{"floor":6,"key":"Weak Potion"},{"floor":14,"key":"hexamod:InfernoChargePotion"},{"floor":16,"key":"Dexterity Potion"},{"floor":24,"key":"CultistPotion"},{"floor":30,"key":"Weak Potion"},{"floor":31,"key":"bronze:BurnAndBuffPotion"}],"is_trial":false,"path_per_floor":["M","M","M","M","M","M","E","$","T","R","M","M","$","M","R","B",null,"M","$","M","$","M","R","E","?","T","?","M","R","M","M","R","B",null,"M","$","?","M"],"character_chosen":"THE_SPIRIT","items_purchased":["Strawberry","bronze:DonusWashers","StoneCalendar","Regen Potion","hexamod:ThermalTransfer","hexamod:BurningTouch","hexamod:EmpoweredFlame","champ:DuelingGlove","OrangePellets","hexamod:SwordOfDarkness","Toolbox","Happy Flower","War Paint","Panache","Dark Shackles","hexamod:RainOfEmbers","hexamod:JarOfFuel","Guardian:PocketSentry","Torii","hexamod:SixthSeal","Mayhem","ClockworkSouvenir","Vajra","Kunai","Swift Strike","hexamod:HeatCrush"],"campfire_rested":3,"item_purchase_floors":[8,8,8,8,8,8,8,13,13,13,19,19,19,19,19,19,21,21,21,21,21,36,36,36,36,36],"current_hp_per_floor":[70,70,70,65,44,44,24,31,31,57,62,57,57,47,73,57,87,82,82,65,65,72,72,51,51,51,51,51,77,83,74,74,12,87,83,83,22,0,0,0],"gold":47198,"neow_bonus":"THREE_ENEMY_KILL","is_daily":false,"chose_seed":false,"campfire_upgraded":1,"win_rate":0.0,"timestamp":1611435813,"path_taken":["M","M","M","M","M","M","E","$","T","R","M","M","$","M","R","BOSS","M","$","M","$","M","R","E","?","T","?","M","R","M","M","R","BOSS","M","$","?","M"],"items_purchased_type":["Relic","Relic","Relic","Potion","Card","Card","Card","Relic","Relic","Card","Relic","Relic","Relic","Card","Card","Card","Relic","Relic","Relic","Card","Card","Relic","Relic","Relic","Card","Card"],"build_version":"2020-12-22","purchased_purges":1,"victory":false,"max_hp_per_floor":[70,70,70,70,70,70,80,87,87,87,87,87,87,87,87,87,87,87,87,87,87,87,87,87,87,87,87,87,87,87,87,87,87,87,87,87,87,87,87,87],"card_choices":[{"not_picked":["hexamod:SuperheatedStrike","hexamod:NightmareGuise"],"picked":"hexamod:RadiantFlame","floor":1},{"not_picked":["hexamod:NecessarySacrifice","hexamod:HeatShield"],"picked":"hexamod:ShieldOfDarkness","floor":2},{"not_picked":["hexamod:NightmareStrike","hexamod:GhostOfSpirePast"],"picked":"hexamod:FlamesFromBeyond","floor":3},{"not_picked":["hexamod:PowerFromBeyond","hexamod:ChargedBarrage"],"picked":"hexamod:Firestarter","floor":4},{"not_picked":["hexamod:HeatCrush","hexamod:PhantomFireball"],"picked":"hexamod:ThirdSeal","floor":5},{"not_picked":["hexamod:NightmareStrike","hexamod:RecurringNightmare"],"picked":"hexamod:Firestarter","floor":6},{"not_picked":["hexamod:RetreatToShadows","hexamod:NightmareStrike"],"picked":"hexamod:HauntingEcho","floor":6},{"not_picked":["hexamod:SpectersWail","hexamod:EtherealExpedition"],"picked":"hexamod:ThirdSeal","floor":7},{"not_picked":["hexamod:HeatMetal","hexamod:HeatShield"],"picked":"hexamod:SkipABeat","floor":7},{"not_picked":["hexamod:HauntingEcho","hexamod:ThermalTransfer"],"picked":"hexamod:AdvancingGuard","floor":11},{"not_picked":["hexamod:FastForward","hexamod:CatchUp"],"picked":"hexamod:RadiantFlame","floor":11},{"not_picked":["hexamod:SuperheatedStrike","hexamod:FlamesFromBeyond"],"picked":"hexamod:SpectersWail","floor":11},{"not_picked":["hexamod:HeatMetal","hexamod:HauntingEcho"],"picked":"hexamod:HexaLevel","floor":12},{"not_picked":["hexamod:FastForward","hexamod:NightmareStrike"],"picked":"hexamod:HeatMetal","floor":12},{"not_picked":["hexamod:RecurringNightmare","hexamod:NightmareGuise"],"picked":"hexamod:InspiringFlames","floor":12},{"not_picked":["hexamod:SpectersWail","hexamod:GhostLash"],"picked":"hexamod:FifthSeal","floor":14},{"not_picked":["hexamod:HeatMetal","hexamod:GhostOfSpirePast"],"picked":"hexamod:HeatShield","floor":14},{"not_picked":["hexamod:FastForward","hexamod:NightmareGuise"],"picked":"hexamod:GhostLash","floor":14},{"not_picked":["hexamod:WildfireWeapon","hexamod:TimeOfNeed"],"picked":"hexamod:SixthSeal","floor":16},{"not_picked":["hexamod:SecondSeal","hexamod:FourthSeal"],"picked":"hexamod:FirstSeal","floor":16},{"not_picked":["hexamod:FlameSwitch","hexamod:WildfireWeapon"],"picked":"hexamod:VolcanoVisage","floor":16},{"not_picked":["hexamod:FirstSeal","hexamod:FourthSeal"],"picked":"hexamod:SixthSeal","floor":18},{"not_picked":["hexamod:AdvancingGuard","hexamod:FastForward"],"picked":"hexamod:BacktrackSmack","floor":18},{"not_picked":["hexamod:SuperheatedStrike","hexamod:HauntingEcho"],"picked":"hexamod:Firestarter+1","floor":18},{"not_picked":["hexamod:GhostOfSpireFuture","hexamod:ThermalTransfer"],"picked":"hexamod:RainOfEmbers","floor":18},{"not_picked":["hexamod:ThermalTransfer","hexamod:NightmareGuise"],"picked":"hexamod:ApocalypseNow","floor":20},{"not_picked":["hexamod:NightmareGuise","hexamod:ThermalTransfer"],"picked":"hexamod:ParanormalForm","floor":20},{"not_picked":["hexamod:GhostOfSpireFuture+1","hexamod:HauntingEcho"],"picked":"hexamod:SoulSteal","floor":22},{"not_picked":["hexamod:HauntingEcho","hexamod:ShieldOfDarkness"],"picked":"hexamod:ThermalTransfer+1","floor":22},{"not_picked":["hexamod:FourthSeal","hexamod:BacktrackSmack"],"picked":"hexamod:HeatShield","floor":24},{"not_picked":["hexamod:SpectralSpark","hexamod:FourthSeal"],"picked":"hexamod:DynamicBlow","floor":24},{"not_picked":["hexamod:SixthSeal","hexamod:SecondSeal"],"picked":"hexamod:FirstSeal","floor":28},{"not_picked":["hexamod:SuperheatedStrike","hexamod:GhostShield"],"picked":"hexamod:HauntingEcho","floor":28},{"not_picked":["hexamod:BurningTouch","hexamod:ShieldOfDarkness"],"picked":"hexamod:SpectersWail+1","floor":30},{"not_picked":["hexamod:ShieldOfDarkness","hexamod:FastForward+1"],"picked":"hexamod:SpectersWail","floor":31},{"not_picked":["hexamod:GhostflameInferno","hexamod:SixthSeal"],"picked":"hexamod:GiftsFromTheDead","floor":33},{"not_picked":["hexamod:ForkedFlame","hexamod:Toasty"],"picked":"hexamod:WildfireWeapon","floor":33},{"not_picked":["hexamod:FifthSeal","hexamod:ForkedFlame"],"picked":"hexamod:UnlimitedPower","floor":33},{"not_picked":["hexamod:SixthSeal","hexamod:FirstSeal"],"picked":"hexamod:FourthSeal","floor":35},{"not_picked":["hexamod:InspiringFlames+1","hexamod:FlamesFromBeyond"],"picked":"hexamod:TimeOfNeed","floor":35},{"not_picked":["hexamod:HeatMetal+1","hexamod:Firestarter"],"picked":"hexamod:FourthSeal","floor":37},{"not_picked":["hexamod:BacktrackSmack","hexamod:EmpoweredFlame"],"picked":"hexamod:FlamesFromBeyond","floor":37}],"player_experience":127250,"relics_obtained":[{"floor":7,"key":"Pear"},{"floor":24,"key":"Nunchaku"},{"floor":26,"key":"bronze:BronzeIdol"},{"floor":37,"key":"Pocketwatch"}],"event_choices":[{"damage_healed":0,"gold_gain":0,"player_choice":"Opened","damage_taken":0,"relics_obtained":["Slimebound:PreparedRelic"],"max_hp_gain":0,"max_hp_loss":0,"event_name":"The Mausoleum","floor":25,"gold_loss":0,"cards_obtained":["Writhe"]},{"damage_healed":0,"gold_gain":0,"player_choice":"Upgraded","damage_taken":0,"max_hp_gain":0,"max_hp_loss":0,"event_name":"Upgrade Shrine","floor":27,"gold_loss":0,"cards_upgraded":["hexamod:VolcanoVisage"]},{"damage_healed":0,"gold_gain":0,"player_choice":"Fight","damage_taken":0,"max_hp_gain":0,"max_hp_loss":0,"event_name":"Mysterious Sphere","floor":37,"gold_loss":0}],"is_beta":false,"boss_relics":[{"not_picked":["SacredBark","Astrolabe"],"picked":"Runic Pyramid"},{"not_picked":["SlaversCollar","Sozu"],"picked":"Black Star"}],"items_purged_floors":[36],"is_endless":false,"potions_floor_spawned":[2,3,6,14,16,24,30,31],"killed_by":"3 Darklings","ascension_level":0}}