{"host":"wjyw75lb8j8cz20i","time":1611418572,"event":{"mods":["Act Like it!","Arknights The Spire","BaseMod","Colored Powertips","Friendly Minions","KinomotoSakuraMod(木之本樱)","Kiyohime（清姬）","Koishi","Marisa（F雨　魔理沙）","Minty Spire (QoL Compilation)","Quick Restart","Remilia（蕾米莉亚）","Replay The Spire","StSLib","WarShipGirlsR/战舰少女R mod"],"gold_per_floor":[114,126,126,27,47,75,75,36,36,53,53,134,147,177,177,280,330,347,363,363,211,258,258,289,289,337,370,396,412,437,453,453,453,453],"floor_reached":33,"language":"ZHS","playtime":2713,"items_purged":["ClowCardTheSword","ClowCardTheSword"],"score":338,"play_id":"31ad3775-ac56-45b8-a2e7-55a527619516","local_time":"20210124001612","is_ascension_mode":false,"campfire_choices":[{"data":"SpellCardSeal","floor":7,"key":"SMITH"},{"data":"ClowCardTheSword","floor":11,"key":"SMITH"},{"floor":15,"key":"REST"},{"data":"ClowCardTheThrough","floor":23,"key":"SMITH"},{"floor":25,"key":"REST"}],"circlet_count":0,"master_deck":["SakuraCardThePower+","SakuraCardTheSword+","ClowCardTheSword","ClowCardTheShield","ClowCardTheShield","ClowCardTheShield","ClowCardTheShield","SpellCardSeal+1","SpellCardRelease","ClowCardTheFloat","ClowCardTheLittle","ClowCardTheShot","ClowCardTheVoice+1","ClowCardTheStorm","ClowCardTheBig+1","ClowCardTheShadow","ClowCardTheLibra","ClowCardTheThrough+1","ClowCardTheMaze+1","ClowCardTheCloud+1","ClowCardTheChange","ClowCardTheErase","ClowCardTheDark","ClowCardTheFreeze+1","ClowCardTheDream"],"relics":["KSMOD_SealedBook","KSMOD_SealedWand","NeowsBlessing","Replay:Mystery Machine","ReplayTheSpireMod:Shallot","Matryoshka","Tiny House","Vajra","Strawberry","Anchor","Ornamental Fan","PreservedInsect","Question Card","Oddly Smooth Stone","Gremlin Horn"],"acts_visited":["Exordium","TheCity"],"potions_floor_usage":[16,16,30,31,31],"damage_taken":[{"damage":0,"enemies":"Jaw Worm","floor":1,"turns":1},{"damage":0,"enemies":"Cultist","floor":2,"turns":1},{"damage":0,"enemies":"Small Slimes","floor":5,"turns":2},{"damage":27,"enemies":"Gremlin Nob","floor":6,"turns":4},{"damage":15,"enemies":"2 Fungi Beasts","floor":10,"turns":3},{"damage":0,"enemies":"3 Louse","floor":13,"turns":3},{"damage":18,"enemies":"Lagavulin","floor":14,"turns":5},{"damage":25,"enemies":"Slime Boss","floor":16,"turns":4},{"damage":33,"enemies":"3 Byrds","floor":18,"turns":7},{"damage":5,"enemies":"Shell Parasite","floor":19,"turns":7},{"damage":16,"enemies":"Book of Stabbing","floor":24,"turns":5},{"damage":0,"enemies":"Replay:Snechameleon","floor":27,"turns":7},{"damage":0,"enemies":"3 Cultists","floor":29,"turns":2},{"damage":41,"enemies":"Gremlin Leader","floor":30,"turns":9},{"damage":7,"enemies":"Shelled Parasite and Fungi","floor":31,"turns":5},{"damage":30,"enemies":"Collector","floor":33,"turns":2}],"seed_played":"8892704759744587826","potions_obtained":[{"floor":1,"key":"Strength Potion"},{"floor":3,"key":"BlessingOfTheForge"},{"floor":3,"key":"LiquidBronze"},{"floor":3,"key":"Regen Potion"},{"floor":16,"key":"Swift Potion"},{"floor":17,"key":"DistilledChaos"},{"floor":30,"key":"Elixir"}],"is_trial":false,"path_per_floor":["M","M","?","$","M","E","R","$","T","M","R","T","M","E","R","B",null,"M","M","?","$","T","R","E","R","T","E","T","M","E","M","R","B"],"character_chosen":"KINOMOTOSAKURA","items_purchased":["ClowCardTheShot","ClowCardTheBig","ClowCardTheChange"],"campfire_rested":2,"item_purchase_floors":[4,8,21],"current_hp_per_floor":[70,70,70,70,70,43,43,43,43,28,28,28,28,10,31,11,75,42,37,37,37,44,44,28,52,52,52,52,52,11,4,28,0,0],"gold":453,"neow_bonus":"THREE_ENEMY_KILL","is_daily":false,"chose_seed":false,"campfire_upgraded":3,"win_rate":0.0,"timestamp":1611418572,"path_taken":["M","M","?","$","?","E","R","$","T","M","R","?","M","E","R","BOSS","M","M","?","$","?","R","E","R","T","E","?","M","E","M","R","BOSS"],"items_purchased_type":["Card","Card","Card"],"build_version":"2020-12-22","purchased_purges":2,"victory":false,"max_hp_per_floor":[70,70,70,70,70,70,70,70,70,70,70,70,70,70,70,70,75,75,75,75,75,82,82,82,82,82,82,82,82,82,82,82,82,82],"card_choices":[{"not_picked":["ClowCardTheSand","ClowCardTheRain"],"picked":"ClowCardTheFloat","floor":1},{"not_picked":["ClowCardTheIllusion","ClowCardTheSand"],"picked":"ClowCardTheLittle","floor":2},{"not_picked":["ClowCardTheFlower","ClowCardTheErase"],"picked":"ClowCardTheVoice","floor":5},{"not_picked":["ClowCardTheFloat","ClowCardTheArrow"],"picked":"ClowCardTheStorm","floor":6},{"not_picked":["ClowCardTheMist","ClowCardTheFloat"],"picked":"ClowCardThePower","floor":10},{"not_picked":["ClowCardTheTime","ClowCardTheFlower"],"picked":"ClowCardTheShadow","floor":13},{"not_picked":["ClowCardTheMist","ClowCardTheBig"],"picked":"ClowCardTheLibra","floor":14},{"not_picked":["ClowCardTheFight","ClowCardTheDash"],"picked":"ClowCardTheThrough","floor":16},{"not_picked":["ClowCardTheWood","ClowCardTheLock"],"picked":"ClowCardTheMaze","floor":17},{"not_picked":["ClowCardTheMirror+1","ClowCardTheBig+1"],"picked":"ClowCardTheCloud+1","floor":18},{"not_picked":["ClowCardTheShot","ClowCardTheStorm","ClowCardTheMist"],"picked":"SKIP","floor":19},{"not_picked":["ClowCardTheThrough","ClowCardTheSand"],"picked":"ClowCardTheErase","floor":24},{"not_picked":["ClowCardTheShadow","ClowCardTheArrow"],"picked":"ClowCardTheDark","floor":27},{"not_picked":["ClowCardTheBig","ClowCardTheMirror","ClowCardTheMaze+1","ClowCardTheDream"],"picked":"SKIP","floor":29},{"not_picked":["ClowCardTheCloud+1","ClowCardTheStorm","ClowCardTheEarthy"],"picked":"ClowCardTheFreeze+1","floor":30},{"not_picked":["ClowCardTheMirror","ClowCardTheRain","ClowCardTheChange"],"picked":"ClowCardTheDream","floor":31}],"player_experience":77253,"relics_obtained":[{"floor":6,"key":"Replay:Mystery Machine"},{"floor":12,"key":"ReplayTheSpireMod:Shallot"},{"floor":14,"key":"Matryoshka"},{"floor":22,"key":"Vajra"},{"floor":22,"key":"Strawberry"},{"floor":24,"key":"Anchor"},{"floor":26,"key":"Ornamental Fan"},{"floor":26,"key":"PreservedInsect"},{"floor":27,"key":"Question Card"},{"floor":28,"key":"Oddly Smooth Stone"},{"floor":30,"key":"Gremlin Horn"}],"event_choices":[{"damage_healed":0,"gold_gain":0,"player_choice":"Got Potions","damage_taken":0,"max_hp_gain":0,"max_hp_loss":0,"event_name":"Lab","floor":3,"gold_loss":0},{"damage_healed":0,"gold_gain":0,"player_choice":"Upgraded","damage_taken":0,"max_hp_gain":0,"max_hp_loss":0,"event_name":"Upgrade Shrine","floor":20,"gold_loss":0,"cards_upgraded":["ClowCardTheVoice"]}],"is_beta":false,"boss_relics":[{"not_picked":["Replay:Drink Me","Honey Jar"],"picked":"Tiny House"}],"items_purged_floors":[4,21],"is_endless":false,"potions_floor_spawned":[1,5,6,14,16,19,24,30],"killed_by":"Collector","ascension_level":0}}