{"host":"u7y9frlpoazak2mn","time":1611364959,"event":{"mods":["AchievementEnabler","Act Like it!","Alarm Clock","Aspiration","Astrologer","BaseMod","Beaked The Cultist","Better Altar","Better Match","Better Note","Better Sensory Stone","Better Skull","Better Third Choice","CCEM","Chen","Colored Map","Colored Powertips","Conspire","Curses Come First","Displayed Cursed Tome","Energized Spire","Fox Events","Friendly Minions","Gensokyo","GifTheSpireLib","Glutton Mod","Halation","Hallownest","Hermit","Hubris","Infinite Spire","Jedi Mod","Koishi","Marisa????????","Mimic Mod","Minty Spire (QoL Compilation)","Pale of the Ancients","Prisma Mod","Quarter Circle Forward PUNCH!","Quick Restart","Random Character Button","Rare Cards Sparkle","Relic Stats","Remilia??????","Replay The Spire","Retaliation","Spicy Shops","Spikes Relics","StS++","StSLib","Stuff the Spire","The Administrix","The Blue Laboratory","The Bug Knight","The Construct","The Cursed","The Druid","The Forsaken","The Juggle","The Jungle","The Marked","The Servant 0.9.4","Trackpad","Waifu the Spire","Wandering Minibosses","Wide Potions","Yuri Mod","vexMod"],"gold_per_floor":[119,119,119,16,29,29,29,29,100,120,137,62,82,95,95,191,191,191,191],"floor_reached":18,"language":"ENG","playtime":807,"items_purged":["StuffTheSpire:CuriosityCurse"],"score":152,"play_id":"cbedd4ef-47f9-4a1c-a80d-a751ef7807c0","local_time":"20210122202239","is_ascension_mode":false,"campfire_choices":[{"data":"HollowMod:MothsMistake","floor":6,"key":"SMITH"},{"data":"HollowMod:PureNailStrike","floor":8,"key":"SMITH"},{"floor":15,"key":"REST"}],"circlet_count":0,"master_deck":["HollowMod:NailStrikeStart","HollowMod:NailStrikeStart","HollowMod:NailStrikeStart","HollowMod:NailStrikeStart","HollowMod:QuickDashStart","HollowMod:QuickDashStart","HollowMod:QuickDashStart","HollowMod:QuickDashStart","HollowMod:FocusHealStart","HollowMod:PogoStrike","HollowMod:MothsMistake+1","HollowMod:PureNailStrike+1","HollowMod:SlysStrikes"],"relics":["HollowMod:VesselMask","NeowsBlessing","trackpad:RapidFire","trackpad:DisasterInABottle","aspiration:PoetsPen_weak"],"acts_visited":["Exordium","TheCity"],"potions_floor_usage":[16],"damage_taken":[{"damage":0,"enemies":"2_ Uuma","floor":1,"turns":1},{"damage":1,"enemies":"Hallownest:2_Tiktiks_and_1_Crawlid","floor":5,"turns":2},{"damage":0,"enemies":"Hallownest:2_Baldur","floor":10,"turns":1},{"damage":22,"enemies":"Hallownest:Guard_and_Warrior","floor":11,"turns":4},{"damage":3,"enemies":"Hallownest:MossCreep_and_Mosskin","floor":13,"turns":3},{"damage":1,"enemies":"Hallownest:monsterMossCharger","floor":14,"turns":2},{"damage":42,"enemies":"Hallownest:BossBrokenVessel","floor":16,"turns":8},{"damage":76,"enemies":"3 Byrds","floor":18,"turns":4}],"seed_played":"128511513869244614","potions_obtained":[{"floor":10,"key":"Weak Potion"}],"is_trial":false,"path_per_floor":["M","$","?","$","M","R","?","R","T","M","M","$","M","M","R","B",null,"M"],"character_chosen":"THE_BUGKNIGHT","items_purchased":["HollowMod:MothsMistake"],"campfire_rested":1,"item_purchase_floors":[4],"current_hp_per_floor":[75,75,75,75,74,74,75,75,75,75,58,58,55,54,75,33,75,0,0],"gold":191,"neow_bonus":"THREE_ENEMY_KILL","is_daily":false,"chose_seed":false,"campfire_upgraded":2,"win_rate":0.0,"timestamp":1611364959,"path_taken":["M","?","?","$","M","R","?","R","T","M","?","$","M","M","R","BOSS","M"],"items_purchased_type":["Card"],"build_version":"2020-12-22","purchased_purges":1,"victory":false,"max_hp_per_floor":[75,75,75,75,75,75,75,75,75,75,75,75,75,75,75,75,75,75,75],"relic_stats":{"counters":[8,25],"obtain_stats":[{"NeowsBlessing":0,"trackpad:RapidFire":3,"HollowMod:VesselMask":0,"aspiration:PoetsPen_weak":17,"trackpad:DisasterInABottle":9},{"NeowsBlessing":0,"trackpad:RapidFire":1,"HollowMod:VesselMask":0,"aspiration:PoetsPen_weak":7,"trackpad:DisasterInABottle":2},{"NeowsBlessing":0,"trackpad:RapidFire":1,"HollowMod:VesselMask":0,"aspiration:PoetsPen_weak":21,"trackpad:DisasterInABottle":3}]},"card_choices":[{"not_picked":["HollowMod:DungDefenderAura","HollowMod:SiblingsSouls","HollowMod:AbyssShriek"],"picked":"SKIP","floor":1},{"not_picked":["HollowMod:DungDefenderAura","HollowMod:SoulShaman"],"picked":"HollowMod:PureNailStrike","floor":5},{"not_picked":["HollowMod:DescendingDark","HollowMod:LifebloodCocoon","HollowMod:CloakDash"],"picked":"SKIP","floor":10},{"not_picked":["HollowMod:BaldurShell","HollowMod:VengefulVoid","HollowMod:ChannelNail"],"picked":"SKIP","floor":11},{"not_picked":["HollowMod:SoulSplash","HollowMod:HowlingWraiths","HollowMod:CoiledNail"],"picked":"SKIP","floor":13},{"not_picked":["HollowMod:DashSlash","HollowMod:SoulStrike","HollowMod:GreatSlash"],"picked":"SKIP","floor":14},{"not_picked":["HollowMod:ElderbugsWisdom","HollowMod:NewInfectedGuardian"],"picked":"HollowMod:SlysStrikes","floor":16}],"player_experience":357781,"relics_obtained":[{"floor":9,"key":"trackpad:DisasterInABottle"}],"event_choices":[{"damage_healed":4,"gold_gain":0,"player_choice":"LEAVE ","damage_taken":0,"relics_obtained":[],"max_hp_gain":0,"max_hp_loss":0,"event_name":"betterSkull:BetterSkull","floor":7,"gold_loss":0,"cards_upgraded":[]}],"is_beta":false,"boss_relics":[{"not_picked":["beaked:SacredDeck","CCEMRelics:TransientCore"],"picked":"aspiration:PoetsPen_weak"}],"items_purged_floors":[12],"is_endless":false,"potions_floor_spawned":[10],"killed_by":"3 Byrds","ascension_level":0}}