{"host":"qxeepl7ydvsgmfdb","time":1611405378,"event":{"mods":["AchievementEnabler","BaseMod","Colored Powertips","Minty Spire (QoL Compilation)","Quick Restart","slay the spire mod where everything is the same but ironclad has a cowboy hat"],"gold_per_floor":[114,41,41,116,116,142,142,172,172,172,190,219,231,245,245,349,349,274,274,199,215,215,215,215],"floor_reached":23,"language":"ENG","playtime":541,"items_purged":[],"score":293,"play_id":"47d04f2a-a04f-446a-9958-76ac6d3da17b","local_time":"20210123073618","is_ascension_mode":true,"campfire_choices":[{"data":"Zap","floor":7,"key":"SMITH"},{"floor":15,"key":"REST"}],"circlet_count":0,"master_deck":["Strike_B","Strike_B","Strike_B","Defend_B","Defend_B","Defend_B","Defend_B","Zap+1","Dualcast","Cold Snap","Leap","Redo","Ball Lightning","Fusion","Redo","Darkness","Leap","Necronomicurse"],"relics":["Cracked Core","NeowsBlessing","Turnip","Singing Bowl","Bronze Scales","Kunai","Torii","Necronomicon"],"acts_visited":["Exordium","TheCity"],"potions_floor_usage":[16,23,23,23],"damage_taken":[{"damage":0,"enemies":"2 Louse","floor":1,"turns":1},{"damage":0,"enemies":"3 Sentries","floor":6,"turns":1},{"damage":0,"enemies":"Gremlin Nob","floor":8,"turns":1},{"damage":0,"enemies":"Small Slimes","floor":11,"turns":3},{"damage":17,"enemies":"Lagavulin","floor":12,"turns":5},{"damage":0,"enemies":"Cultist","floor":13,"turns":3},{"damage":9,"enemies":"Looter","floor":14,"turns":2},{"damage":18,"enemies":"Slime Boss","floor":16,"turns":9},{"damage":24,"enemies":"2 Thieves","floor":18,"turns":5},{"damage":18,"enemies":"Shell Parasite","floor":21,"turns":5},{"damage":26,"enemies":"Book of Stabbing","floor":23,"turns":5}],"seed_played":"1273364608228826566","potions_obtained":[{"floor":1,"key":"Regen Potion"},{"floor":6,"key":"EssenceOfDarkness"},{"floor":12,"key":"Energy Potion"},{"floor":16,"key":"ColorlessPotion"}],"is_trial":false,"path_per_floor":["M","$","?","?","?","E","R","E","T","$","M","E","M","M","R","B",null,"M","?","?","M","?","E"],"character_chosen":"DEFECT","items_purchased":["Cold Snap","Leap"],"campfire_rested":1,"item_purchase_floors":[2,2],"current_hp_per_floor":[75,75,75,64,64,64,64,66,66,66,66,49,49,42,65,49,81,57,42,42,24,8,0,0],"gold":215,"neow_bonus":"THREE_ENEMY_KILL","is_daily":false,"chose_seed":false,"campfire_upgraded":1,"win_rate":0.0,"timestamp":1611405378,"path_taken":["M","$","?","?","?","E","R","E","T","$","M","E","?","M","R","BOSS","M","?","?","?","?","E"],"items_purchased_type":["Card","Card"],"build_version":"2020-12-22","purchased_purges":0,"victory":false,"max_hp_per_floor":[75,75,75,75,75,75,75,77,77,77,77,77,77,79,79,81,81,81,86,86,86,86,86,86],"card_choices":[{"not_picked":["Static Discharge","Undo","Compile Driver"],"picked":"SKIP","floor":1},{"not_picked":["Rebound","Go for the Eyes"],"picked":"Redo","floor":6},{"not_picked":["Echo Form","Aggregate","Stack"],"picked":"Singing Bowl","floor":8},{"not_picked":["Loop","Go for the Eyes"],"picked":"Ball Lightning","floor":11},{"not_picked":["Go for the Eyes","Recycle"],"picked":"Fusion","floor":12},{"not_picked":["Gash","Compile Driver"],"picked":"Redo","floor":13},{"not_picked":["Rebound","Fusion","Gash"],"picked":"Singing Bowl","floor":14},{"not_picked":["Amplify","Hyperbeam","Creative AI"],"picked":"Singing Bowl","floor":16},{"not_picked":["FTL","Sunder+1"],"picked":"Darkness","floor":18},{"not_picked":["Turbo","Gash"],"picked":"Leap","floor":21}],"player_experience":204805,"relics_obtained":[{"floor":6,"key":"Singing Bowl"},{"floor":8,"key":"Bronze Scales"},{"floor":9,"key":"Kunai"},{"floor":12,"key":"Torii"},{"floor":22,"key":"Necronomicon"}],"event_choices":[{"damage_healed":0,"gold_gain":0,"player_choice":"Box","damage_taken":0,"relics_obtained":["Turnip"],"max_hp_gain":0,"max_hp_loss":0,"event_name":"Big Fish","floor":3,"gold_loss":0,"cards_obtained":["Regret"]},{"damage_healed":0,"gold_gain":75,"player_choice":"Gather Gold","damage_taken":11,"max_hp_gain":0,"max_hp_loss":0,"event_name":"World of Goop","floor":4,"gold_loss":0},{"cards_removed":["Regret"],"damage_healed":0,"gold_gain":0,"player_choice":"Purged","damage_taken":0,"max_hp_gain":0,"max_hp_loss":0,"event_name":"Purifier","floor":5,"gold_loss":0},{"damage_healed":0,"gold_gain":0,"player_choice":"Shed Blood","damage_taken":20,"max_hp_gain":5,"max_hp_loss":0,"event_name":"Forgotten Altar","floor":19,"gold_loss":0},{"cards_removed":["Strike_B"],"damage_healed":0,"gold_gain":0,"player_choice":"Gave Gold","damage_taken":0,"max_hp_gain":0,"max_hp_loss":0,"event_name":"Beggar","floor":20,"gold_loss":75},{"damage_healed":0,"gold_gain":0,"player_choice":"Obtained Book","damage_taken":16,"max_hp_gain":0,"max_hp_loss":0,"event_name":"Cursed Tome","floor":22,"gold_loss":0}],"is_beta":false,"boss_relics":[{"not_picked":["Pandora\u0027s Box","Cursed Key","Snecko Eye"]}],"items_purged_floors":[],"is_endless":false,"potions_floor_spawned":[1,6,12,13,16,21],"killed_by":"Book of Stabbing","ascension_level":3}}