{"host":"ufpbcvppfed80z13","time":1611366082,"event":{"mods":["BaseMod","Downfall","Minty Spire (QoL Compilation)","Replay The Spire","StSLib"],"gold_per_floor":[99,109,139,159,178,189,189,189,202,202,212,227,227,32,42,137,137,137,150,32,32,132,32,32,45,65,82,110,124,24,36,56,156,156,156,168,18,18,33,138,138,169,69,54,54,71,71,35,48,48,48,48],"floor_reached":50,"language":"ENG","playtime":6592,"items_purged":[],"score":638,"play_id":"c0f03604-0a6f-4c8a-ad9c-433b8aab5f36","local_time":"20210123014122","is_ascension_mode":false,"campfire_choices":[{"data":"Guardian:BaubleBeam","floor":8,"key":"SMITH"},{"data":"Guardian:CurlUp","floor":13,"key":"SMITH"},{"floor":18,"key":"RECALL"},{"data":"Guardian:Preprogram","floor":23,"key":"SMITH"},{"data":"Guardian:Orbwalk","floor":30,"key":"SMITH"},{"data":"Guardian:GatlingBeam","floor":35,"key":"SMITH"},{"data":"Guardian:DonusPower","floor":43,"key":"SMITH"},{"data":"Guardian:FastForward","floor":47,"key":"SMITH"}],"circlet_count":0,"master_deck":["Guardian:Strike_Guardian","Guardian:Defend_Guardian","Guardian:Defend_Guardian","Guardian:Defend_Guardian","Guardian:Defend_Guardian","Guardian:CurlUp+1","Guardian:TwinSlam","Guardian:StasisField+1","Guardian:TemporalStrike","Guardian:BaubleBeam+1","Guardian:Orbwalk+1","Guardian:ShieldCharger","Guardian:Planning","Guardian:PiercingHide","Guardian:Preprogram+1","Guardian:ArmoredProtocol","Guardian:SpikerProtocol","Guardian:TemporalShield","Guardian:GatlingBeam+1","Guardian:Harden","Guardian:Harden+1","Guardian:DonusPower+1","RitualDagger","Guardian:ShieldCharger","Guardian:Preprogram","Guardian:DonusPower+1","Guardian:FastForward+1","Guardian:Suspension+1","Guardian:AncientConstruct","Guardian:TimeCapacitor+1","Guardian:Suspension+1","Guardian:Suspension+1","Guardian:BodySlam","Guardian:ShieldCharger","Guardian:Emergency+1","Guardian:TimeBomb+1","Guardian:Repulse+1","Guardian:EvasiveProtocol","Guardian:ChargeCore+1"],"relics":["Guardian:ModeShifterPlus","The Courier","Replay:WaspNest","downfall:HeartBlessingRed","White Beast Statue","Juzu Bracelet","downfall:HeartBlessingGreen","Coffee Dripper","Oddly Smooth Stone","downfall:HeartBlessingBlue","Anchor","Bottled Tornado"],"acts_visited":["Exordium","TheCity","TheBeyond"],"potions_floor_usage":[16,16,28,28,33,33,39,42,48,50,50,50],"damage_taken":[{"damage":3,"enemies":"2 Louse","floor":2,"turns":5},{"damage":0,"enemies":"Jaw Worm","floor":4,"turns":6},{"damage":5,"enemies":"Small Slimes","floor":5,"turns":4},{"damage":0,"enemies":"2 Fungi Beasts","floor":6,"turns":7},{"damage":20,"enemies":"Exordium Thugs","floor":9,"turns":5},{"damage":9,"enemies":"Blue Slaver","floor":11,"turns":4},{"damage":11,"enemies":"Gremlin Gang","floor":12,"turns":6},{"damage":2,"enemies":"downfall:FleeingMerchant","floor":14,"turns":4},{"damage":5,"enemies":"3 Louse","floor":15,"turns":4},{"damage":14,"enemies":"SI_SHIV_ARCHETYPE","floor":16,"turns":9},{"damage":0,"enemies":"Spheric Guardian","floor":19,"turns":5},{"damage":0,"enemies":"downfall:FleeingMerchant","floor":20,"turns":4},{"damage":0,"enemies":"Snake Plant","floor":25,"turns":4},{"damage":0,"enemies":"Sentry and Sphere","floor":26,"turns":6},{"damage":2,"enemies":"Cultist and Chosen","floor":27,"turns":8},{"damage":0,"enemies":"Replay:Snechameleon","floor":28,"turns":5},{"damage":0,"enemies":"Snecko","floor":29,"turns":6},{"damage":0,"enemies":"Sentry and Sphere","floor":31,"turns":5},{"damage":0,"enemies":"Snake Plant","floor":32,"turns":3},{"damage":21,"enemies":"WA_ARCHETYPE_CALM","floor":33,"turns":10},{"damage":15,"enemies":"3 Darklings","floor":36,"turns":6},{"damage":17,"enemies":"3 Shapes","floor":39,"turns":3},{"damage":0,"enemies":"Nemesis","floor":42,"turns":9},{"damage":0,"enemies":"downfall:FleeingMerchant","floor":44,"turns":4},{"damage":1,"enemies":"3 Darklings","floor":46,"turns":5},{"damage":0,"enemies":"downfall:FleeingMerchant","floor":48,"turns":3},{"damage":0,"enemies":"Spire Growth","floor":49,"turns":5},{"damage":137,"enemies":"IC_BLOCK_ARCHETYPE","floor":50,"turns":6}],"seed_played":"-5406601470840006371","potions_obtained":[{"floor":6,"key":"LifebloodPotion"},{"floor":11,"key":"Strength Potion"},{"floor":12,"key":"Guardian:DefensiveModePotion"},{"floor":16,"key":"DistilledChaos"},{"floor":25,"key":"Adrenaline Potion"},{"floor":27,"key":"Regen Potion"},{"floor":28,"key":"Dexterity Potion"},{"floor":29,"key":"Block Potion"},{"floor":31,"key":"Doom Potion"},{"floor":33,"key":"champ:CounterPotion"},{"floor":36,"key":"Block Potion"},{"floor":39,"key":"EssenceOfSteel"},{"floor":42,"key":"Strength Potion"},{"floor":48,"key":"Fruit Juice"},{"floor":49,"key":"ColorlessPotion"}],"is_trial":false,"path_per_floor":["R","M","?","M","M","M","T","R","M","?","M","M","R","$","M","B",null,"R","M","$","?","?","R","T","M","M","M","E","M","R","M","M","B",null,"R","M","?","?","M","?","T","E","R","$","?","M","R","$","M","B"],"character_chosen":"GUARDIAN","items_purchased":["Guardian:Preprogram","Guardian:ArmoredProtocol","Guardian:SpikerProtocol","Guardian:DonusPower","Guardian:Gem_Red","Guardian:EvasiveProtocol","Anchor","Bottled Tornado"],"campfire_rested":0,"item_purchase_floors":[14,14,14,20,20,48,48,48],"current_hp_per_floor":[80,77,77,77,72,72,72,72,52,52,43,32,32,30,25,11,80,80,80,80,74,74,74,74,74,74,72,72,72,72,72,72,51,80,80,65,90,90,73,73,73,73,83,83,83,82,82,87,87,0,0,0],"gold":48,"neow_bonus":"THREE_RARE_CARDS","is_daily":false,"chose_seed":false,"campfire_upgraded":7,"win_rate":0.0,"timestamp":1611366082,"path_taken":["R","M","?","M","M","M","T","R","M","?","M","M","R","$","M","BOSS","R","M","$","?","?","R","T","M","M","?","E","M","R","M","M","BOSS","R","M","?","?","M","?","T","E","R","$","?","M","R","$","M","BOSS"],"items_purchased_type":["Card","Card","Card","Card","Card","Card","Relic","Relic"],"build_version":"2020-12-22","purchased_purges":0,"victory":false,"max_hp_per_floor":[80,80,80,80,80,80,80,80,80,80,80,80,80,80,80,80,80,80,80,80,80,80,80,80,80,80,80,80,80,80,80,80,80,80,80,80,90,90,90,90,90,90,100,100,100,100,100,105,105,105,105,105],"card_choices":[{"not_picked":["Guardian:BaubleBeam","Guardian:Gem_Synthetic"],"picked":"Guardian:StasisField","floor":0},{"not_picked":["Guardian:CrystalBeam","Guardian:VentSteam"],"picked":"Guardian:Gem_Lightblue","floor":2},{"not_picked":["Guardian:Gem_Fragmented","Guardian:ShieldCharger"],"picked":"Guardian:TemporalStrike","floor":4},{"not_picked":["Guardian:TemporalStrike","Guardian:Incinerate"],"picked":"Guardian:Gem_Yellow","floor":5},{"not_picked":["Guardian:Gem_Lightblue","Guardian:Recover"],"picked":"Guardian:BaubleBeam","floor":6},{"not_picked":["Guardian:Suspension","Guardian:Gem_Red"],"picked":"Guardian:Orbwalk","floor":9},{"not_picked":["Guardian:PrimingBeam","Guardian:ChargeCore"],"picked":"Guardian:ShieldCharger","floor":11},{"not_picked":["Guardian:TemporalShield","Guardian:MultiBeam"],"picked":"Guardian:Planning","floor":12},{"not_picked":["Guardian:Gem_Red","Guardian:StasisField"],"picked":"Guardian:PiercingHide","floor":14},{"not_picked":["Guardian:Gem_White","Guardian:Emergency"],"picked":"Guardian:TemporalShield","floor":15},{"not_picked":["Guardian:SphericShield","Guardian:ConstructionForm"],"picked":"Guardian:GatlingBeam","floor":16},{"not_picked":["Guardian:Gem_Green","Guardian:PrismaticBarrier"],"picked":"Guardian:Harden","floor":19},{"not_picked":["Guardian:PolyBeam","Guardian:CrystalBeam"],"picked":"Guardian:Harden+1","floor":20},{"not_picked":["Guardian:Planning","Guardian:ChargeCore"],"picked":"Guardian:ShieldCharger","floor":25},{"not_picked":["Guardian:Gem_Red","Guardian:PrimingBeam"],"picked":"Guardian:Preprogram","floor":26},{"not_picked":["Guardian:Emergency","Guardian:VentSteam+1","Guardian:Planning"],"picked":"SKIP","floor":27},{"not_picked":["Guardian:Gem_Lightblue","Guardian:Incinerate+1","Guardian:Gem_Cyan"],"picked":"SKIP","floor":28},{"not_picked":["Guardian:Recover","Guardian:Preprogram+1"],"picked":"Guardian:DonusPower+1","floor":29},{"not_picked":["Guardian:TimeBomb","Guardian:Gem_Green"],"picked":"Guardian:FastForward","floor":31},{"not_picked":["Guardian:PiercingHide+1","Guardian:Planning"],"picked":"Guardian:Suspension+1","floor":32},{"not_picked":["Guardian:Gem_Synthetic","Guardian:ExploitGems"],"picked":"Guardian:AncientConstruct","floor":33},{"not_picked":["Guardian:MultiBeam+1","Guardian:Planning"],"picked":"Guardian:TimeCapacitor+1","floor":36},{"not_picked":["Guardian:WalkerClaw+1","Guardian:TemporalShield"],"picked":"Guardian:Suspension+1","floor":39},{"not_picked":["Guardian:ArmoredProtocol","Guardian:MultiBeam"],"picked":"Guardian:Suspension+1","floor":40},{"not_picked":["Guardian:Gem_Lightblue","Guardian:Gem_Red"],"picked":"Guardian:BodySlam","floor":40},{"not_picked":["Guardian:GuardianWhirl","Guardian:Gem_Red"],"picked":"Guardian:ShieldCharger","floor":40},{"not_picked":["Guardian:Suspension","Guardian:Gem_Blue"],"picked":"Guardian:Emergency+1","floor":42},{"not_picked":["Guardian:Reroute+1","Guardian:Suspension"],"picked":"Guardian:TimeBomb+1","floor":44},{"not_picked":["Guardian:WalkerClaw","Guardian:Emergency+1"],"picked":"Guardian:Repulse+1","floor":46},{"not_picked":["Guardian:ExploitGems","Guardian:Gem_White","Guardian:Incinerate+1"],"picked":"SKIP","floor":48},{"not_picked":["Guardian:Incinerate+1","Guardian:PolyBeam"],"picked":"Guardian:ChargeCore+1","floor":49}],"player_experience":122618,"relics_obtained":[{"floor":7,"key":"Replay:WaspNest"},{"floor":24,"key":"White Beast Statue"},{"floor":28,"key":"Juzu Bracelet"},{"floor":42,"key":"Oddly Smooth Stone"}],"event_choices":[{"cards_removed":["Guardian:Strike_Guardian"],"damage_healed":0,"gold_gain":0,"player_choice":"Card Removal","damage_taken":0,"max_hp_gain":0,"max_hp_loss":0,"event_name":"The Cleric","floor":10,"gold_loss":0},{"cards_removed":["Guardian:Strike_Guardian"],"damage_healed":0,"gold_gain":0,"player_choice":"Removed Attack","damage_taken":0,"max_hp_gain":0,"max_hp_loss":0,"event_name":"Falling","floor":38,"gold_loss":0}],"is_beta":false,"boss_relics":[{"not_picked":["Empty Cage","Astrolabe"],"picked":"Guardian:ModeShifterPlus"},{"not_picked":["Ring of Chaos","Sozu"],"picked":"Coffee Dripper"}],"items_purged_floors":[],"is_endless":false,"potions_floor_spawned":[6,11,12,16,25,26,27,28,29,31,32,33,36,39,42,44,46,48,49],"killed_by":"IC_BLOCK_ARCHETYPE","ascension_level":0}}