{"host":"qik6c64y69p9jmph","time":1611364101,"event":{"mods":["AchievementEnabler","BaseMod","Highlight Path","Minty Spire (QoL Compilation)","Quick Restart","StSLib","Synergy Search"],"gold_per_floor":[116,116,391,408,423,423,450,450,450,478,48,48,59,82,82,177,177,190,190,206,481,494,494,510,539,563,563,581,596,21,33,33,136,136,147,147,147,29,44,44,44],"floor_reached":40,"language":"ENG","playtime":2243,"items_purged":["Regret","Regret"],"score":595,"play_id":"cb190321-c271-4cfe-97ad-ecc835a493e4","local_time":"20210122200821","is_ascension_mode":true,"campfire_choices":[{"data":"Eruption","floor":6,"key":"SMITH"},{"floor":8,"key":"REST"},{"data":"TalkToTheHand","floor":15,"key":"SMITH"},{"data":"TalkToTheHand","floor":23,"key":"SMITH"},{"floor":27,"key":"REST"},{"floor":32,"key":"REST"}],"circlet_count":0,"master_deck":["Defend_P","Defend_P","Defend_P","Defend_P","Eruption+1","Vigilance","BowlingBash+1","TalkToTheHand","TalkToTheHand+1","Crescendo","FollowUp+1","TalkToTheHand+1","Wireheading+1","Bite","Bite","Bite","Bite+1","Bite","EmptyBody+1","Wallop","Evaluate","TalkToTheHand","LessonLearned","Wireheading","SpiritShield","Doubt"],"relics":["PureWater","TeardropLocket","The Courier","Orichalcum","Oddly Smooth Stone","Whetstone","ClockworkSouvenir","Odd Mushroom","SlaversCollar","Art of War","Boot","MealTicket","Akabeko","Regal Pillow","Cursed Key","Toxic Egg 2","Membership Card"],"acts_visited":["Exordium","TheCity","TheBeyond"],"potions_floor_usage":[4,10,16,22,28,33,33,35,39],"damage_taken":[{"damage":0,"enemies":"Small Slimes","floor":1,"turns":4},{"damage":3,"enemies":"Cultist","floor":4,"turns":3},{"damage":0,"enemies":"2 Louse","floor":5,"turns":2},{"damage":40,"enemies":"Gremlin Nob","floor":7,"turns":5},{"damage":25,"enemies":"Lagavulin","floor":10,"turns":6},{"damage":0,"enemies":"Looter","floor":13,"turns":1},{"damage":4,"enemies":"The Mushroom Lair","floor":14,"turns":5},{"damage":13,"enemies":"Hexaghost","floor":16,"turns":7},{"damage":6,"enemies":"Shell Parasite","floor":18,"turns":6},{"damage":21,"enemies":"2 Thieves","floor":20,"turns":5},{"damage":0,"enemies":"Shelled Parasite and Fungi","floor":22,"turns":2},{"damage":4,"enemies":"Snecko","floor":24,"turns":6},{"damage":25,"enemies":"Gremlin Leader","floor":25,"turns":6},{"damage":15,"enemies":"Snake Plant","floor":28,"turns":6},{"damage":34,"enemies":"Centurion and Healer","floor":29,"turns":7},{"damage":13,"enemies":"Cultist and Chosen","floor":31,"turns":7},{"damage":85,"enemies":"Collector","floor":33,"turns":13},{"damage":0,"enemies":"Orb Walker","floor":35,"turns":3},{"damage":0,"enemies":"3 Shapes","floor":39,"turns":4},{"damage":22,"enemies":"Reptomancer","floor":40,"turns":3}],"seed_played":"4324745764264309669","potions_obtained":[{"floor":1,"key":"SkillPotion"},{"floor":7,"key":"Explosive Potion"},{"floor":14,"key":"FearPotion"},{"floor":16,"key":"SpeedPotion"},{"floor":20,"key":"SteroidPotion"},{"floor":25,"key":"SkillPotion"},{"floor":29,"key":"Explosive Potion"},{"floor":33,"key":"StancePotion"},{"floor":35,"key":"PowerPotion"}],"is_trial":false,"path_per_floor":["M","?","?","M","M","R","E","R","T","E","$","?","M","?","R","B",null,"M","?","M","?","M","R","M","E","T","R","M","M","$","M","R","B",null,"M","T","?","$","M","E"],"character_chosen":"WATCHER","items_purchased":["Oddly Smooth Stone","Whetstone","ClockworkSouvenir","MealTicket","LessonLearned","Akabeko","Regal Pillow","Membership Card"],"campfire_rested":3,"item_purchase_floors":[11,11,11,30,30,30,30,38],"current_hp_per_floor":[72,72,72,69,69,69,29,50,50,25,25,49,49,45,45,32,62,56,50,43,43,45,45,50,29,29,44,45,22,22,25,50,3,38,44,44,44,50,50,30,30],"gold":44,"neow_bonus":"THREE_CARDS","is_daily":false,"chose_seed":false,"campfire_upgraded":3,"win_rate":0.0,"timestamp":1611364101,"path_taken":["M","?","?","M","?","R","E","R","T","E","$","?","M","?","R","BOSS","M","?","M","?","M","R","?","E","T","R","M","M","$","M","R","BOSS","M","?","?","?","M","E"],"items_purchased_type":["Relic","Relic","Relic","Relic","Card","Relic","Relic","Relic"],"build_version":"2020-12-22","purchased_purges":2,"victory":false,"max_hp_per_floor":[72,72,72,72,72,72,72,72,72,72,72,72,72,72,72,72,72,72,50,50,50,50,50,50,50,50,50,50,50,50,50,50,50,50,50,50,50,50,50,50,50],"card_choices":[{"not_picked":["Indignation","CrushJoints"],"picked":"BowlingBash","floor":0},{"not_picked":["Sanctity","Crescendo"],"picked":"TalkToTheHand","floor":1},{"not_picked":["Swivel","ClearTheMind","Meditate"],"picked":"SKIP","floor":4},{"not_picked":["EmptyBody","ThirdEye"],"picked":"TalkToTheHand","floor":5},{"not_picked":["WreathOfFlame","Scrawl"],"picked":"Crescendo","floor":7},{"not_picked":["ClearTheMind","Collect"],"picked":"FollowUp","floor":10},{"not_picked":["Study","Consecrate"],"picked":"TalkToTheHand","floor":13},{"not_picked":["Protect","FlyingSleeves"],"picked":"Wireheading+1","floor":18},{"not_picked":["CrushJoints+1","BowlingBash"],"picked":"EmptyBody+1","floor":20},{"not_picked":["FlyingSleeves","CutThroughFate"],"picked":"Wallop","floor":22},{"not_picked":["WreathOfFlame","EmptyFist+1"],"picked":"Evaluate","floor":24},{"not_picked":["Halt","MentalFortress"],"picked":"TalkToTheHand","floor":25},{"not_picked":["Collect","CutThroughFate+1","InnerPeace+1"],"picked":"SKIP","floor":28},{"not_picked":["LikeWater","EmptyMind","FollowUp"],"picked":"SKIP","floor":29},{"not_picked":["WreathOfFlame","Swivel+1"],"picked":"Wireheading","floor":31},{"not_picked":["Vault","Devotion"],"picked":"SpiritShield","floor":33},{"not_picked":["CrushJoints+1","Evaluate","FlurryOfBlows+1"],"picked":"SKIP","floor":35},{"not_picked":["WindmillStrike+1","JustLucky","ReachHeaven"],"picked":"SKIP","floor":39}],"player_experience":534488,"relics_obtained":[{"floor":7,"key":"TeardropLocket"},{"floor":9,"key":"The Courier"},{"floor":10,"key":"Orichalcum"},{"floor":14,"key":"Odd Mushroom"},{"floor":25,"key":"Art of War"},{"floor":26,"key":"Boot"},{"floor":36,"key":"Toxic Egg 2"}],"event_choices":[{"damage_healed":0,"gold_gain":0,"player_choice":"Ignored","damage_taken":0,"max_hp_gain":0,"max_hp_loss":0,"event_name":"Golden Wing","floor":2,"gold_loss":0},{"damage_healed":0,"gold_gain":275,"player_choice":"Desecrate","damage_taken":0,"max_hp_gain":0,"max_hp_loss":0,"event_name":"Golden Shrine","floor":3,"gold_loss":0,"cards_obtained":["Regret"]},{"damage_healed":24,"gold_gain":0,"player_choice":"Banana","damage_taken":0,"max_hp_gain":0,"max_hp_loss":0,"event_name":"Big Fish","floor":12,"gold_loss":0},{"damage_healed":0,"gold_gain":0,"player_choice":"Fought Mushrooms","damage_taken":0,"max_hp_gain":0,"max_hp_loss":0,"event_name":"Mushrooms","floor":14,"gold_loss":0},{"damage_healed":0,"gold_gain":0,"player_choice":"Became a vampire","damage_taken":0,"max_hp_gain":0,"max_hp_loss":22,"event_name":"Vampires","floor":19,"gold_loss":0,"cards_obtained":["Bite","Bite","Bite","Bite","Bite"]},{"damage_healed":0,"gold_gain":275,"player_choice":"Desecrate","damage_taken":0,"max_hp_gain":0,"max_hp_loss":0,"event_name":"Golden Shrine","floor":21,"gold_loss":0,"cards_obtained":["Regret"]},{"damage_healed":0,"gold_gain":0,"player_choice":"Ignored","damage_taken":0,"max_hp_gain":0,"max_hp_loss":0,"event_name":"Tomb of Lord Red Mask","floor":37,"gold_loss":0}],"is_beta":false,"boss_relics":[{"not_picked":["Runic Dome","Pandora\u0027s Box"],"picked":"SlaversCollar"},{"not_picked":["Runic Pyramid","Fusion Hammer"],"picked":"Cursed Key"}],"items_purged_floors":[11,30],"is_endless":false,"potions_floor_spawned":[1,7,14,16,20,25,29,33,35],"killed_by":"Reptomancer","ascension_level":5}}