{"host":"osfffw6eu3utmcte","time":1611413835,"event":{"mods":["AchievementEnabler","BaseMod","Hermit","Minty Spire (QoL Compilation)","StSLib"],"gold_per_floor":[111,169,13,13,23,54,69,69,123,148,161,236,261,12,12,108,108,122,122,122,170,182,222,234,272,284,395,407,419,457,487,499,612,624,654,79,91,91,91,119,169,197,197,68,98,98,145,180,180,180],"floor_reached":51,"language":"ENG","playtime":7527,"items_purged":["hermit:Strike_Hermit","Regret","Writhe"],"score":856,"play_id":"276098fc-aad8-42c2-a8d6-b1aa20353c2b","local_time":"20210123155715","is_ascension_mode":false,"campfire_choices":[{"data":"hermit:Maintenance","floor":8.0,"key":"SMITH"},{"data":"hermit:Manifest","floor":15.0,"key":"SMITH"},{"data":"hermit:HighNoon","floor":24.0,"key":"SMITH"},{"floor":28.0,"key":"REST"},{"floor":32.0,"key":"REST"},{"data":"Apotheosis","floor":46.0,"key":"SMITH"},{"floor":49,"key":"REST"}],"circlet_count":0,"master_deck":["hermit:Strike_Hermit","hermit:Strike_Hermit","hermit:Defend_Hermit+1","hermit:Defend_Hermit+1","hermit:Defend_Hermit","hermit:Defend_Hermit","hermit:Snapshot","hermit:Covet","hermit:EyeOfTheStorm","hermit:ShadowCloak","hermit:FlashPowder","hermit:Maintenance+1","hermit:Manifest+1","hermit:Shortfuse","Injury","hermit:Spite","hermit:Misfire","hermit:DeadMansHand","hermit:FinalCanter","hermit:HighNoon+1","Parasite","hermit:HoleUp","hermit:HeroicBravado","Writhe","hermit:Magnum","Apotheosis+1","hermit:Maintenance+1","Writhe","hermit:FullyLoaded+1","hermit:LoneWolf","hermit:Combo+1"],"relics":["Cursed Key","hermit:RyeStalk","Strawberry","Shuriken","WingedGreaves","Sundial","hermit:BartenderGlass","MawBank","Vajra","Ice Cream","Frozen Egg 2","Singing Bowl","The Courier","SacredBark","Potion Belt","Pantograph","War Paint","Mango","Letter Opener","StrikeDummy","Lantern","Thread and Needle","Du-Vu Doll"],"acts_visited":["Exordium","TheCity","TheBeyond"],"potions_floor_usage":[48,48,50,50,50],"damage_taken":[{"damage":0.0,"enemies":"Jaw Worm","floor":1.0,"turns":4.0},{"damage":3.0,"enemies":"Cultist","floor":5.0,"turns":4.0},{"damage":3.0,"enemies":"Lagavulin","floor":6.0,"turns":8.0},{"damage":0.0,"enemies":"Small Slimes","floor":7.0,"turns":4.0},{"damage":28.0,"enemies":"3 Sentries","floor":10.0,"turns":9.0},{"damage":0.0,"enemies":"2 Fungi Beasts","floor":11.0,"turns":3.0},{"damage":5.0,"enemies":"Gremlin Nob","floor":13.0,"turns":4.0},{"damage":14.0,"enemies":"Hexaghost","floor":16.0,"turns":11.0},{"damage":22.0,"enemies":"3 Byrds","floor":18.0,"turns":4.0},{"damage":8.0,"enemies":"Book of Stabbing","floor":23.0,"turns":5.0},{"damage":30.0,"enemies":"Slavers","floor":25.0,"turns":7.0},{"damage":15.0,"enemies":"Book of Stabbing","floor":30.0,"turns":6.0},{"damage":1.0,"enemies":"2 Thieves","floor":31.0,"turns":4.0},{"damage":50.0,"enemies":"Champ","floor":33.0,"turns":9.0},{"damage":3.0,"enemies":"3 Shapes","floor":35.0,"turns":4.0},{"damage":12.0,"enemies":"Orb Walker","floor":37.0,"turns":4.0},{"damage":1.0,"enemies":"Nemesis","floor":40.0,"turns":9.0},{"damage":1.0,"enemies":"Mind Bloom Boss Battle","floor":41.0,"turns":10.0},{"damage":26.0,"enemies":"Reptomancer","floor":42.0,"turns":10.0},{"damage":9.0,"enemies":"Giant Head","floor":45.0,"turns":6.0},{"damage":21.0,"enemies":"2 Orb Walkers","floor":47.0,"turns":5.0},{"damage":33,"enemies":"Reptomancer","floor":48,"turns":4},{"damage":64,"enemies":"Awakened One","floor":50,"turns":13}],"seed_played":"4488877024702245940","potions_obtained":[{"floor":6.0,"key":"CultistPotion"},{"floor":11.0,"key":"SkillPotion"},{"floor":13.0,"key":"Fire Potion"},{"floor":31.0,"key":"AttackPotion"},{"floor":35.0,"key":"ColorlessPotion"},{"floor":47.0,"key":"PowerPotion"},{"floor":48,"key":"SteroidPotion"}],"is_trial":false,"path_per_floor":["M","?","$","?","M","E","M","R","T","E","M","?","E","$","R","B",null,"M","?","$","T","$","E","R","E","T","?","R","?","E","M","R","B",null,"M","$","M","?","?","E","?","E","T","$","E","R","?","E","R","B",null],"character_chosen":"HERMIT","items_purchased":["hermit:ShadowCloak","Sundial","Apotheosis","Potion Belt","Pantograph","LiquidMemories","hermit:Combo+1"],"campfire_rested":3,"item_purchase_floors":[3,14,36,36,36,36,44],"current_hp_per_floor":[75,75,75,75,72,69,69,69,76,48,48,37,32,32,32,18,82,60,60,60,60,60,52,52,22,22,22,46,46,33,34,59,9,86,85,85,73,88,88,89,103,77,77,77,70,70,51,20,53,14],"gold":180,"neow_bonus":"BOSS_RELIC","is_daily":false,"chose_seed":false,"campfire_upgraded":4,"win_rate":0.0,"timestamp":1611413835,"path_taken":["M","?","$","?","M","E","?","R","T","E","M","?","E","$","R","BOSS","M","?","$","?","$","E","R","E","T","?","R","?","E","M","R","BOSS","M","$","M","?","?","E","?","E","T","?","E","R","?","E","R","BOSS"],"items_purchased_type":["Card","Relic","Card","Relic","Relic","Potion","Card"],"build_version":"2020-12-22","purchased_purges":3,"victory":true,"max_hp_per_floor":[75,75,75,75,75,75,75,75,82,82,82,82,82,82,82,82,82,82,82,82,82,82,82,82,82,82,82,82,82,84,86,86,86,86,88,88,88,88,88,90,104,104,104,104,106,106,108,110,110,110],"card_choices":[{"not_picked":["hermit:Manifest","hermit:Roulette"],"picked":"hermit:EyeOfTheStorm","floor":1.0},{"not_picked":["hermit:Coalescence","hermit:FlashPowder"],"picked":"hermit:Maintenance","floor":5.0},{"not_picked":["hermit:Purgatory","hermit:HoleUp"],"picked":"hermit:Manifest","floor":6.0},{"not_picked":["hermit:WideOpen","hermit:Dive"],"picked":"hermit:Shortfuse","floor":7.0},{"not_picked":["hermit:Snipe","hermit:CalledShot"],"picked":"hermit:Spite","floor":10.0},{"not_picked":["hermit:SprayPray","hermit:EyeOfTheStorm"],"picked":"hermit:Misfire","floor":11.0},{"not_picked":["hermit:Deadeye","hermit:TakeAim"],"picked":"hermit:DeadMansHand","floor":13.0},{"not_picked":["hermit:RoundhouseKick","hermit:Roughhouse"],"picked":"hermit:FinalCanter","floor":16.0},{"not_picked":["hermit:Roulette","hermit:Desperado"],"picked":"hermit:TrackingShot","floor":18.0},{"not_picked":["hermit:Desperado","hermit:SprayPray"],"picked":"hermit:HoleUp","floor":23.0},{"not_picked":["hermit:CalledShot","hermit:Manifest"],"picked":"hermit:HeroicBravado","floor":25.0},{"not_picked":["hermit:HoleUp","hermit:LowProfile","hermit:WideOpen+1"],"picked":"Singing Bowl","floor":30.0},{"not_picked":["hermit:Glare","hermit:SprayPray+1","hermit:ItchyTrigger"],"picked":"Singing Bowl","floor":31.0},{"not_picked":["hermit:FinalCanter","hermit:Dissolve"],"picked":"hermit:Magnum","floor":33.0},{"not_picked":["hermit:FlashPowder+1","hermit:Cheat","hermit:HighCaliber"],"picked":"Singing Bowl","floor":35.0},{"not_picked":["hermit:SprayPray+1","hermit:Snipe"],"picked":"hermit:Maintenance+1","floor":37.0},{"not_picked":["hermit:Spite","hermit:Dive","hermit:Roulette"],"picked":"Singing Bowl","floor":40.0},{"not_picked":["hermit:Showdown+1","hermit:Enervate"],"picked":"hermit:FullyLoaded+1","floor":41.0},{"not_picked":["hermit:SprayPray+1","hermit:Misfire+1"],"picked":"hermit:LoneWolf","floor":42.0},{"not_picked":["hermit:Feint+1","hermit:Misfire","hermit:Showdown"],"picked":"Singing Bowl","floor":45.0},{"not_picked":["hermit:WideOpen+1","hermit:Dissolve","hermit:CalledShot"],"picked":"Singing Bowl","floor":47.0},{"not_picked":["hermit:Misfire","hermit:Spite","hermit:TakeCover+1"],"picked":"Singing Bowl","floor":48}],"player_experience":570621,"relics_obtained":[{"floor":6.0,"key":"hermit:RyeStalk"},{"floor":9.0,"key":"Strawberry"},{"floor":10.0,"key":"Shuriken"},{"floor":13.0,"key":"WingedGreaves"},{"floor":21.0,"key":"MawBank"},{"floor":23.0,"key":"Vajra"},{"floor":25.0,"key":"Ice Cream"},{"floor":26.0,"key":"Frozen Egg 2"},{"floor":30.0,"key":"The Courier"},{"floor":40.0,"key":"War Paint"},{"floor":41.0,"key":"Mango"},{"floor":42.0,"key":"Letter Opener"},{"floor":43.0,"key":"StrikeDummy"},{"floor":45.0,"key":"Lantern"},{"floor":47.0,"key":"Thread and Needle"},{"floor":48,"key":"Du-Vu Doll"}],"event_choices":[{"damage_healed":0.0,"max_hp_gain":0.0,"max_hp_loss":0.0,"gold_gain":58.0,"event_name":"Golden Wing","player_choice":"Gained Gold","floor":2.0,"gold_loss":0.0,"damage_taken":0.0},{"damage_healed":0.0,"max_hp_gain":0.0,"max_hp_loss":0.0,"gold_gain":0.0,"event_name":"Match and Keep!","player_choice":"1 cards matched","floor":4.0,"gold_loss":0.0,"damage_taken":0.0,"cards_obtained":["hermit:FlashPowder"]},{"damage_healed":0.0,"max_hp_gain":0.0,"max_hp_loss":0.0,"gold_gain":75.0,"event_name":"World of Goop","player_choice":"Gather Gold","floor":12.0,"gold_loss":0.0,"damage_taken":11.0},{"damage_healed":0.0,"max_hp_gain":0.0,"max_hp_loss":0.0,"gold_gain":0.0,"cards_transformed":["hermit:TrackingShot"],"event_name":"Transmorgrifier","player_choice":"Transformed","floor":19.0,"gold_loss":0.0,"damage_taken":0.0,"cards_obtained":["hermit:HighNoon"]},{"damage_healed":0.0,"max_hp_gain":0.0,"max_hp_loss":0.0,"gold_gain":99.0,"event_name":"Nest","player_choice":"Stole From Cult","floor":27.0,"gold_loss":0.0,"damage_taken":0.0},{"damage_healed":0.0,"max_hp_gain":0.0,"max_hp_loss":0.0,"gold_gain":0.0,"event_name":"The Mausoleum","player_choice":"Opened","floor":29.0,"gold_loss":0.0,"damage_taken":0.0,"relics_obtained":["Singing Bowl"],"cards_obtained":["Writhe"]},{"damage_healed":22.0,"max_hp_gain":0.0,"max_hp_loss":0.0,"gold_gain":0.0,"event_name":"Winding Halls","player_choice":"Writhe","floor":38.0,"gold_loss":0.0,"damage_taken":0.0,"cards_obtained":["Writhe"]},{"cards_removed":["hermit:Strike_Hermit"],"damage_healed":0.0,"max_hp_gain":0.0,"max_hp_loss":0.0,"gold_gain":0.0,"event_name":"Falling","player_choice":"Removed Attack","floor":39.0,"gold_loss":0.0,"damage_taken":0.0},{"damage_healed":0.0,"max_hp_gain":0.0,"max_hp_loss":0.0,"gold_gain":0.0,"event_name":"MindBloom","player_choice":"Fight","floor":41.0,"gold_loss":0.0,"damage_taken":0.0},{"damage_healed":0.0,"max_hp_gain":0.0,"max_hp_loss":0.0,"gold_gain":0.0,"event_name":"Mysterious Sphere","player_choice":"Fight","floor":47.0,"gold_loss":0.0,"damage_taken":0.0}],"is_beta":false,"boss_relics":[{"not_picked":["Ectoplasm","Runic Pyramid"],"picked":"hermit:BartenderGlass"},{"not_picked":["Black Star","Fusion Hammer"],"picked":"SacredBark"}],"items_purged_floors":[3,36,44],"is_endless":false,"potions_floor_spawned":[6,11,13,31,35,47,48],"ascension_level":0}}