{"host":"wk46m6kgjezp23jj","time":1611417017,"event":{"mods":["AchievementEnabler","BaseMod","Beaked The Cultist","Bestiary","Colored Map","Colored Powertips","Downfall","Hermit","Minty Spire (QoL Compilation)","Replay The Spire","StSLib","The Bladedancer","The Construct","The Cursed"],"gold_per_floor":[112,126,126,51,51,113,113,113,140,153,178,54,54,71,71,186,186,103,103,103,3,3],"floor_reached":21,"language":"ENG","playtime":1822,"items_purged":["Strike_B","Strike_B"],"score":185,"play_id":"88f9631c-25ec-40ad-af6b-5506e4657196","local_time":"20210123105017","is_ascension_mode":false,"campfire_choices":[{"floor":8,"key":"REST"},{"floor":15,"key":"REST"}],"circlet_count":0,"master_deck":["Strike_B+1","Defend_B+1","Defend_B","Defend_B","Zap","Self Repair","White Noise","Bash","Capacitor","BasicCrystalCard","Time Bomb","ReplayTheSpireMod:IOU","Magnetism","Genetic Algorithm","Darkness","Double Tap","Redo+1","ReplaySort","Reboot"],"relics":["Strawberry","Iron Core","Ring of Peace","ReplayTheSpireMod:Ring of Challenge","ReplayTheSpireMod:Shallot","Replay:Wax Seal","MawBank","Lantern","Prayer Wheel","SlaversCollar"],"acts_visited":["Exordium","TheCity"],"potions_floor_usage":[],"damage_taken":[{"damage":0.0,"enemies":"2 Louse","floor":1.0,"turns":2.0},{"damage":11.0,"enemies":"Jaw Worm","floor":2.0,"turns":3.0},{"damage":20,"enemies":"Replay:BlueRogue","floor":6,"turns":8},{"damage":0,"enemies":"Small Slimes","floor":10,"turns":4},{"damage":47,"enemies":"Gremlin Nob","floor":11,"turns":7},{"damage":6,"enemies":"3 Louse","floor":14,"turns":5},{"damage":11,"enemies":"The Guardian","floor":16,"turns":14},{"damage":79,"enemies":"Spheric Guardian","floor":18,"turns":12},{"damage":12,"enemies":"Shell Parasite","floor":21,"turns":6}],"seed_played":"8091123772318353567","potions_obtained":[{"floor":6,"key":"Explosive Potion"},{"floor":11,"key":"SteroidPotion"},{"floor":14,"key":"Cursed Concoction"}],"is_trial":false,"path_per_floor":["M","M","?","$","?","E","?","R","T","M","E","$","?","M","R","B",null,"M","?","?","M"],"character_chosen":"DEFECT","items_purchased":["Lantern","Magnetism"],"campfire_rested":2,"item_purchase_floors":[12,12],"current_hp_per_floor":[82,78,78,78,78,65,49,73,73,80,40,40,40,41,65,61,82,10,10,10,0,0],"gold":3,"neow_bonus":"RANDOM_COMMON_RELIC","is_daily":false,"chose_seed":false,"campfire_upgraded":0,"win_rate":0.0,"timestamp":1611417017,"path_taken":["M","M","?","$","?","E","?","R","T","M","E","$","?","M","R","BOSS","M","?","?","M"],"items_purchased_type":["Relic","Card"],"build_version":"2020-12-22","purchased_purges":2,"victory":false,"max_hp_per_floor":[82,82,82,82,82,82,82,82,82,82,82,82,82,82,82,82,82,82,82,82,82,82],"card_choices":[{"not_picked":["Go for the Eyes","Stack"],"picked":"Self Repair","floor":1.0},{"not_picked":["Steam Power","Capacitor"],"picked":"White Noise","floor":2},{"not_picked":["Body Slam","Blizzard"],"picked":"Capacitor","floor":6},{"not_picked":["Consume","Dual Wield"],"picked":"BasicCrystalCard","floor":10},{"not_picked":["BootSequence","Conserve Battery"],"picked":"Time Bomb","floor":11},{"not_picked":["Hologram","ReplaySolidLightProjector"],"picked":"Genetic Algorithm","floor":14},{"not_picked":["Reprogram","Panic Button"],"picked":"Darkness","floor":14},{"not_picked":["All For One","Offering"],"picked":"Double Tap","floor":16},{"not_picked":["Reinforced Body","Tempest"],"picked":"Redo+1","floor":18},{"not_picked":["Streamline+1","Go for the Eyes","BasicCrystalCard"],"picked":"SKIP","floor":18}],"player_experience":22545,"relics_obtained":[{"floor":5,"key":"Ring of Peace"},{"floor":5,"key":"ReplayTheSpireMod:Ring of Challenge"},{"floor":6,"key":"ReplayTheSpireMod:Shallot"},{"floor":9,"key":"Replay:Wax Seal"},{"floor":11,"key":"MawBank"}],"event_choices":[{"damage_healed":0,"gold_gain":0,"player_choice":"Entered Light","damage_taken":16,"max_hp_gain":0,"max_hp_loss":0,"event_name":"Shining Light","floor":7,"gold_loss":0,"cards_upgraded":["Strike_B","Defend_B"]},{"cards_removed":["Doubt"],"damage_healed":0,"gold_gain":0,"player_choice":"Forget","damage_taken":0,"max_hp_gain":0,"max_hp_loss":0,"event_name":"Living Wall","floor":13,"gold_loss":0},{"damage_healed":0,"gold_gain":0,"cards_transformed":["Strike_B","Defend_B"],"player_choice":"Became Test Subject","damage_taken":0,"max_hp_gain":0,"max_hp_loss":0,"event_name":"Drug Dealer","floor":20,"gold_loss":0,"cards_obtained":["ReplaySort","Reboot"]}],"is_beta":false,"boss_relics":[{"not_picked":["Snecko Eye","Empty Cage"],"picked":"SlaversCollar"}],"items_purged_floors":[4,12],"is_endless":false,"potions_floor_spawned":[6,11,14],"killed_by":"Shell Parasite","ascension_level":0}}