{"host":"jfbo3eu2ui08ej1u","time":1611381982,"event":{"mods":["2.2 Compatiblity","AchievementEnabler","Act Like it!","Aspiration","BaseMod","Better Altar","Better Match","Better Note","Better Sensory Stone","Better Skull","Better Third Choice","Block Reminder","Colored Map","Colored Powertips","Conspire","DeckTracker","Displayed Cursed Tome","Energized Spire","Fox Events","GifTheSpireLib","Hubris","Infinite Spire","Marked Mod","Minty Spire (QoL Compilation)","Pale of the Ancients","Poor People Problems","Quick Restart","Relic Filter","Reorder Act Four","Replay The Spire","Shop Mod","Spicy Shops","Spire Arcade","StSLib","Stuff the Spire","The Blue Laboratory","The Disciple","The Forsaken","The Hierophant","The Marked","Uncapped","Unceasing Turn Reminder","Wandering Minibosses"],"gold_per_floor":[113,127,43,60,91,91,116,126,197,197,210,229,229,229,229,307,307,317,293,308,308,29,29,47,47,47,47,47],"floor_reached":27,"language":"ENG","playtime":1090,"items_purged":["Shame"],"score":430,"play_id":"2367bb4c-601a-48aa-9a45-cac2fb180c99","local_time":"20210123010622","is_ascension_mode":true,"campfire_choices":[{"data":"WheelKick","floor":6.0,"key":"SMITH"},{"floor":10.0,"key":"REST"},{"floor":15.0,"key":"REST"},{"floor":23,"key":"REST"}],"circlet_count":0,"master_deck":["AscendersBane","Strike_P","Strike_P","Strike_P","Strike_P","Defend_P","Defend_P","Defend_P","Defend_P","Eruption","Vigilance","BowlingBash","WheelKick+1","CrushJoints","MasterReality","ClearTheMind","Replay:LoomingThreat","DeceiveReality","Establishment","Evaluate","CutThroughFate","WindmillStrike","Collect","Protect"],"relics":["PureWater","Replay:Bottled Flurry","Bag of Marbles","Mummified Hand","Painkiller Herb","Ice Cream","Eternal Feather","hubris:CrystalStatue"],"acts_visited":["Exordium","TheCity"],"potions_floor_usage":[16,16,24],"damage_taken":[{"damage":0.0,"enemies":"Cultist","floor":1.0,"turns":3.0},{"damage":2.0,"enemies":"2 Louse","floor":2.0,"turns":3.0},{"damage":7.0,"enemies":"Jaw Worm","floor":4.0,"turns":2.0},{"damage":19.0,"enemies":"conspire:MimicChest","floor":5.0,"turns":4.0},{"damage":34.0,"enemies":"Replay:BlueRogue","floor":7.0,"turns":10.0},{"damage":1.0,"enemies":"2 Fungi Beasts","floor":8.0,"turns":3.0},{"damage":17.0,"enemies":"Lots of Slimes","floor":11.0,"turns":6.0},{"damage":0.0,"enemies":"Exordium Thugs","floor":12.0,"turns":2.0},{"damage":45,"enemies":"Fading Forest","floor":16,"turns":13},{"damage":3,"enemies":"Chosen","floor":18,"turns":6},{"damage":17,"enemies":"2 Thieves","floor":19,"turns":4},{"damage":25,"enemies":"3 Cultists","floor":20,"turns":6},{"damage":14,"enemies":"conspire:HollyBat","floor":24,"turns":8},{"damage":20,"enemies":"Slavers","floor":27,"turns":3}],"seed_played":"3476057807330232101","potions_obtained":[{"floor":2.0,"key":"SkillPotion"},{"floor":4.0,"key":"blueLaboratory:LouseDecoction"},{"floor":7.0,"key":"StancePotion"},{"floor":12.0,"key":"Swift Potion"},{"floor":19,"key":"Weak Potion"},{"floor":24,"key":"Explosive Potion"}],"is_trial":false,"path_per_floor":["M","M","$","M","?","R","E","M","T","R","M","M","?","?","R","B",null,"?","?","?","?","T","T","?","?","T","E"],"character_chosen":"WATCHER","items_purchased":["WheelKick","Ice Cream","Collect"],"campfire_rested":3,"item_purchase_floors":[3,22,22],"current_hp_per_floor":[67,65,65,58,39,39,5,4,4,26,9,9,19,19,41,4,57,54,37,12,12,12,34,20,20,20,0,0],"gold":47,"neow_bonus":"TEN_PERCENT_HP_BONUS","is_daily":false,"chose_seed":false,"campfire_upgraded":1,"win_rate":0.0,"timestamp":1611381982,"path_taken":["M","M","$","M","?","R","E","M","T","R","M","M","?","?","R","BOSS","?","?","?","?","T","T","?","?","T","E"],"items_purchased_type":["Card","Relic","Card"],"build_version":"2020-12-22","purchased_purges":1,"victory":false,"max_hp_per_floor":[74,74,74,74,74,74,74,74,74,74,74,74,74,74,74,74,74,74,74,74,74,74,74,74,74,74,74,74],"card_choices":[{"not_picked":["FlyingSleeves","Worship"],"picked":"BowlingBash","floor":1.0},{"not_picked":["Replay:AtTheReady","Fasting2","FlyingSleeves"],"picked":"SKIP","floor":2.0},{"not_picked":["Replay:BluntJabs","BowlingBash","MarkedMod:GentlePulse"],"picked":"SKIP","floor":4.0},{"not_picked":["Collect","Weave"],"picked":"CrushJoints","floor":5.0},{"not_picked":["Evaluate","ForeignInfluence"],"picked":"MasterReality","floor":7.0},{"not_picked":["CrushJoints","Halt"],"picked":"ClearTheMind","floor":8.0},{"not_picked":["EmptyBody","Evaluate"],"picked":"Replay:LoomingThreat","floor":11.0},{"not_picked":["FollowUp","BattleHymn"],"picked":"DeceiveReality","floor":12.0},{"not_picked":["Brilliance","Replay:LoomingThreat"],"picked":"Establishment","floor":16},{"not_picked":["MarkedMod:FirstStrike","LikeWater"],"picked":"Evaluate","floor":18},{"not_picked":["ThirdEye","Replay:BluntJabs"],"picked":"CutThroughFate","floor":19},{"not_picked":["Worship","BowlingBash"],"picked":"WindmillStrike","floor":20},{"not_picked":["CutThroughFate","MarkedMod:ChiBlock"],"picked":"Protect","floor":24}],"player_experience":1216146,"relics_obtained":[{"floor":5.0,"key":"Replay:Bottled Flurry"},{"floor":7.0,"key":"Bag of Marbles"},{"floor":9.0,"key":"Mummified Hand"},{"floor":26,"key":"hubris:CrystalStatue"}],"event_choices":[{"damage_healed":0,"gold_gain":0,"player_choice":"Gave Potion","damage_taken":0,"relics_obtained":["Eternal Feather"],"max_hp_gain":0,"max_hp_loss":0,"event_name":"WeMeetAgain","floor":25,"gold_loss":0}],"is_beta":false,"boss_relics":[{"not_picked":["energizedSpire:HugeHouse","energizedSpire:BlackCloud"],"picked":"Painkiller Herb"}],"items_purged_floors":[22],"is_endless":false,"potions_floor_spawned":[2,4,7,12,19,24],"killed_by":"Slavers","ascension_level":20}}