{"host":"t2jxv9tm8kj57cky","time":1611382434,"event":{"mods":["BaseMod","Minty Spire (QoL Compilation)","StSLib","The Poker Player"],"gold_per_floor":[113,113,187,43,56,91,91,107,107,141,159,159,46,64,64,165,215,235,235,251,267,267,267,292,292,292,292,292],"floor_reached":27,"language":"ENG","playtime":766,"items_purged":["Strike_B"],"score":253,"play_id":"9a05d70e-7c5f-4a39-bae6-9f711ea60193","local_time":"20210123001354","is_ascension_mode":true,"campfire_choices":[{"data":"Zap","floor":7,"key":"SMITH"},{"data":"Echo Form","floor":12,"key":"SMITH"},{"data":"Capacitor","floor":15,"key":"SMITH"},{"data":"Sunder","floor":23,"key":"SMITH"},{"floor":25,"key":"REST"}],"circlet_count":0,"master_deck":["Strike_B+1","Strike_B","Defend_B","Defend_B","Defend_B","Defend_B","Zap+1","Dualcast","Thunder Strike","Ball Lightning","Lockon","White Noise","Ball Lightning","FTL","Echo Form+1","Capacitor+1","Defragment","Ball Lightning","Machine Learning","Turbo","Conserve Battery","Buffer","Barrage","Sunder+1","BootSequence"],"relics":["Cracked Core","Bronze Scales","Meat on the Bone","Orrery","Toy Ornithopter","Happy Flower","Ancient Tea Set","Tiny House","Bottled Flame","MealTicket"],"acts_visited":["Exordium","TheCity"],"potions_floor_usage":[6,16,18,18,24],"damage_taken":[{"damage":2,"enemies":"Small Slimes","floor":1,"turns":3},{"damage":1,"enemies":"Jaw Worm","floor":5,"turns":2},{"damage":16,"enemies":"Gremlin Nob","floor":6,"turns":3},{"damage":0,"enemies":"Cultist","floor":8,"turns":2},{"damage":31,"enemies":"Lagavulin","floor":10,"turns":4},{"damage":7,"enemies":"Blue Slaver","floor":11,"turns":3},{"damage":13,"enemies":"Red Slaver","floor":14,"turns":2},{"damage":20,"enemies":"The Guardian","floor":16,"turns":5},{"damage":5,"enemies":"Spheric Guardian","floor":18,"turns":3},{"damage":2,"enemies":"3 Byrds","floor":20,"turns":2},{"damage":19,"enemies":"Shelled Parasite and Fungi","floor":21,"turns":3},{"damage":61,"enemies":"Slavers","floor":24,"turns":5},{"damage":43,"enemies":"Gremlin Leader","floor":27,"turns":4}],"seed_played":"-7966481344104056288","potions_obtained":[{"floor":5,"key":"Strength Potion"},{"floor":14,"key":"Dexterity Potion"},{"floor":16,"key":"FearPotion"},{"floor":17,"key":"AttackPotion"},{"floor":21,"key":"Fire Potion"}],"is_trial":false,"path_per_floor":["M","?","T","$","M","E","R","M","T","E","M","R","$","M","R","B",null,"M","?","M","M","?","R","E","R","T","E"],"character_chosen":"DEFECT","items_purchased":["Orrery","Defragment"],"campfire_rested":1,"item_purchase_floors":[4,13],"current_hp_per_floor":[80,73,73,73,72,56,56,56,56,37,42,42,42,41,41,38,87,82,82,80,61,61,61,17,43,43,0,0],"gold":292,"neow_bonus":"TEN_PERCENT_HP_BONUS","is_daily":false,"chose_seed":false,"campfire_upgraded":4,"win_rate":0.0,"timestamp":1611382434,"path_taken":["M","?","?","$","M","E","R","M","T","E","?","R","$","M","R","BOSS","M","?","?","M","?","R","E","R","T","E"],"items_purchased_type":["Relic","Card"],"build_version":"2020-12-22","purchased_purges":1,"victory":false,"max_hp_per_floor":[82,82,82,82,82,82,82,82,82,82,82,82,82,82,82,82,87,87,87,87,87,87,87,87,87,87,87,87],"card_choices":[{"not_picked":["Gash","Recycle","Streamline"],"picked":"SKIP","floor":1},{"not_picked":["Hello World","Reinforced Body"],"picked":"Thunder Strike","floor":4},{"not_picked":["Rebound","Genetic Algorithm"],"picked":"Ball Lightning","floor":4},{"not_picked":["Leap","Steam"],"picked":"Lockon","floor":4},{"not_picked":["Redo","Rip and Tear"],"picked":"White Noise","floor":4},{"not_picked":["Streamline","Steam Power"],"picked":"Ball Lightning","floor":5},{"not_picked":["Coolheaded","Compile Driver"],"picked":"FTL","floor":6},{"not_picked":["Coolheaded","Skim"],"picked":"Echo Form","floor":8},{"not_picked":["Doom and Gloom","Recycle","Barrage"],"picked":"SKIP","floor":10},{"not_picked":["Scrape","Chaos"],"picked":"Capacitor","floor":11},{"not_picked":["Compile Driver","Lockon"],"picked":"Ball Lightning","floor":14},{"not_picked":["Buffer","Creative AI"],"picked":"Machine Learning","floor":16},{"not_picked":["Auto Shields","Go for the Eyes"],"picked":"Turbo","floor":17},{"not_picked":["Steam","Self Repair"],"picked":"Conserve Battery","floor":18},{"not_picked":["White Noise","Blizzard"],"picked":"Barrage","floor":20},{"not_picked":["Darkness","Gash"],"picked":"Sunder","floor":21},{"not_picked":["Force Field","BootSequence","Doom and Gloom"],"picked":"SKIP","floor":24},{"not_picked":["Force Field","Doom and Gloom"],"picked":"BootSequence","floor":24}],"player_experience":97081,"relics_obtained":[{"floor":3,"key":"Meat on the Bone"},{"floor":6,"key":"Toy Ornithopter"},{"floor":9,"key":"Happy Flower"},{"floor":10,"key":"Ancient Tea Set"},{"floor":24,"key":"Bottled Flame"},{"floor":26,"key":"MealTicket"}],"event_choices":[{"damage_healed":0,"gold_gain":0,"player_choice":"Success","damage_taken":7,"relics_obtained":["Bronze Scales"],"max_hp_gain":0,"max_hp_loss":0,"event_name":"Scrap Ooze","floor":2,"gold_loss":0},{"damage_healed":0,"gold_gain":0,"cards_transformed":["Strike_B"],"player_choice":"Transformed","damage_taken":0,"max_hp_gain":0,"max_hp_loss":0,"event_name":"Transmorgrifier","floor":19,"gold_loss":0,"cards_obtained":["Buffer"]},{"damage_healed":0,"gold_gain":0,"player_choice":"Ignored","damage_taken":0,"max_hp_gain":0,"max_hp_loss":0,"event_name":"Vampires","floor":22,"gold_loss":0}],"is_beta":false,"boss_relics":[{"not_picked":["Ectoplasm","FrozenCore"],"picked":"Tiny House"}],"items_purged_floors":[13],"is_endless":false,"potions_floor_spawned":[5,14,16,21],"killed_by":"Gremlin Leader","ascension_level":1}}