{"host":"hfxahm4y1ssattqc","time":1611396564,"event":{"mods":["2.2 Compatiblity","Act Like it!","BaseMod","Beaked The Cultist","BetterRewards","Colored Map","Colored Powertips","Custom Start","Googly Eyes","Halation","Hallownest","Highlight Path","Hubris","Mimic Mod","Minty Spire (QoL Compilation)","Shop Mod","Spikes Relics","StSLib","The Bug Knight","The IronCluck","The Jungle","Unknown Chances","slay the spire mod where everything is the same but ironclad has a cowboy hat"],"gold_per_floor":[109,109,109,39,39,65,65,85,85,85,85,102,102,102,102,204,204,221,232,248,259,259,259,273,285,285,285,285,384,404,404,404,499,499,518,518,518,568,668,703,703,713,782,782,782,801,813,823,823,823,823,823,92,124,124],"floor_reached":56,"language":"ENG","playtime":2978,"items_purged":["Strike_R","Doubt"],"score":1527,"play_id":"83b3193a-fde7-4726-947c-b1b75b6f137e","local_time":"20210123020924","is_ascension_mode":false,"campfire_choices":[{"data":"Armaments","floor":7.0,"key":"SMITH"},{"floor":11.0,"key":"RECALL"},{"floor":15.0,"key":"REST"},{"data":"Armaments","floor":23.0,"key":"SMITH"},{"floor":32.0,"key":"REST"},{"data":"Spot Weakness","floor":41.0,"key":"SMITH"},{"data":"Demon Form","floor":49.0,"key":"SMITH"},{"data":"Double Tap","floor":52.0,"key":"SMITH"}],"circlet_count":0,"master_deck":["Strike_R+1","Strike_R+1","Strike_R+1","Defend_R+1","Defend_R+1","Defend_R+1","Defend_R+1","Bash","Armaments+1","Sharp Hide","Cleave","Fire Breathing","Feed","Berserk","Armaments+1","Spot Weakness+1","Iron Wave+1","Double Tap+1","Demon Form+1","Pummel","BarbarianYell+1","Battle Trance+1","Heavy Blade+1","Disarm","Disarm"],"relics":["Burning Blood","Juzu Bracelet","hubris:Potato","Potion Belt","Hallownest:StagBellRelic1","Hallownest:DreamNailRelic","SnailShell","halation:PinkSoulGem","Hallownest:SalubrasBlessingRelic","hubris:Backtick","beaked:MendingPlumage","Omamori","MutagenicStrength","halation:EternalFortune","Cursed Key","hubris:Towel","hubris:Zylophone","Lantern","hubris:MysteriousPyramids","Pantograph","halation:NonexistentMirror","hubris:Metronome"],"acts_visited":["Hallownest:Greenpath","TheCity","TheBeyond","TheEnding"],"potions_floor_usage":[55,55,55],"damage_taken":[{"damage":4.0,"enemies":"2_ Uuma","floor":1.0,"turns":7.0},{"damage":40.0,"enemies":"Hallownest:eliteCrystalGuardian","floor":6.0,"turns":8.0},{"damage":5.0,"enemies":"Hallownest:2_MossCreeps","floor":8.0,"turns":8.0},{"damage":2.0,"enemies":"Hallownest:monsterHuskGuard","floor":12.0,"turns":5.0},{"damage":57.0,"enemies":"Hallownest:BossFalseKnight","floor":16.0,"turns":14.0},{"damage":4.0,"enemies":"Chosen","floor":18.0,"turns":6.0},{"damage":21.0,"enemies":"Shell Parasite","floor":19.0,"turns":9.0},{"damage":60.0,"enemies":"Snecko","floor":20.0,"turns":13.0},{"damage":17.0,"enemies":"Cultist and Chosen","floor":21.0,"turns":6.0},{"damage":0.0,"enemies":"3 Cultists","floor":22.0,"turns":3.0},{"damage":64.0,"enemies":"Sentry and Sphere","floor":24.0,"turns":12.0},{"damage":48.0,"enemies":"Snake Plant","floor":25.0,"turns":8.0},{"damage":14.0,"enemies":"Chosen and Byrds","floor":30.0,"turns":6.0},{"damage":135.0,"enemies":"Champ","floor":33.0,"turns":18.0},{"damage":22.0,"enemies":"Orb Walker","floor":35.0,"turns":5.0},{"damage":12.0,"enemies":"Mind Bloom Boss Battle","floor":38.0,"turns":9.0},{"damage":0.0,"enemies":"Reptomancer","floor":40.0,"turns":1.0},{"damage":18.0,"enemies":"3 Darklings","floor":42.0,"turns":5.0},{"damage":11.0,"enemies":"Transient","floor":46.0,"turns":5.0},{"damage":14.0,"enemies":"Writhing Mass","floor":47.0,"turns":6.0},{"damage":4.0,"enemies":"Sphere and 2 Shapes","floor":48.0,"turns":6.0},{"damage":77.0,"enemies":"Time Eater","floor":50.0,"turns":8.0},{"damage":0,"enemies":"Shield and Spear","floor":54,"turns":2},{"damage":84,"enemies":"The Heart","floor":55,"turns":7}],"seed_played":"2843674579720712093","potions_obtained":[{"floor":8.0,"key":"Block Potion"},{"floor":16.0,"key":"SkillPotion"},{"floor":19.0,"key":"HeartOfIron"},{"floor":21.0,"key":"SmokeBomb"},{"floor":25.0,"key":"Swift Potion"},{"floor":30.0,"key":"Energy Potion"},{"floor":38.0,"key":"SmokeBomb"},{"floor":48.0,"key":"FairyPotion"},{"floor":54,"key":"FairyPotion"}],"is_trial":false,"path_per_floor":["M","?","?","?","?","E","R","M","T","?","R","M","?","?","R","B",null,"M","M","M","M","M","R","M","M","T","?","?","?","M","?","R","B",null,"M","?","?","?","?","E","R","M","T","?","?","M","M","M","R","B",null,"R","$","E","B",null],"character_chosen":"IRONCLAD","items_purchased":["Juzu Bracelet","Armaments","Sharp Hide","Pantograph","halation:NonexistentMirror","Disarm","Regen Potion","FearPotion","Explosive Potion"],"campfire_rested":2,"item_purchase_floors":[0,0,0,53,53,53,53,53,53],"current_hp_per_floor":[80,70,70,70,70,36,36,37,37,37,37,41,41,41,67,20,86,86,86,56,64,78,78,61,41,41,41,44,44,61,61,91,20,98,90,90,90,105,105,105,105,104,104,104,104,104,105,108,108,60,108,108,108,108,72],"gold":124,"neow_bonus":"","is_daily":false,"chose_seed":false,"campfire_upgraded":5,"win_rate":0.0,"timestamp":1611396564,"path_taken":["M","?","?","?","?","E","R","M","T","?","R","M","?","?","R","BOSS","M","M","M","M","M","R","M","M","T","?","?","?","M","?","R","BOSS","M","?","?","?","?","E","R","M","T","?","?","M","M","M","R","BOSS","R","$","E","BOSS"],"items_purchased_type":["Relic","Card","Card","Relic","Relic","Card","Potion","Potion","Potion"],"build_version":"2020-12-22","purchased_purges":2,"victory":true,"max_hp_per_floor":[80,80,80,80,80,80,80,80,80,80,80,80,80,80,82,86,86,86,86,89,89,89,89,89,89,89,89,92,92,96,96,98,98,98,102,102,102,105,105,105,105,105,105,105,105,105,105,108,108,108,108,108,108,108,111],"card_choices":[{"not_picked":["Body Slam","Thunderclap"],"picked":"Cleave","floor":1.0},{"not_picked":["Dual Wield","Wild Strike"],"picked":"Fire Breathing","floor":6.0},{"not_picked":["Dropkick","Clash","Absolvement"],"picked":"SKIP","floor":8.0},{"not_picked":["True Grit","Warcry"],"picked":"Feed","floor":12.0},{"not_picked":["Fiend Fire","Corruption"],"picked":"Berserk","floor":16.0},{"not_picked":["Shockwave","Wild Strike+1"],"picked":"Armaments","floor":18.0},{"not_picked":["Pommel Strike","Cleave","hubris:CleavingFinish"],"picked":"SKIP","floor":19.0},{"not_picked":["Armaments","Twin Strike","Havoc"],"picked":"SKIP","floor":20.0},{"not_picked":["Feed","Body Slam","Havoc"],"picked":"SKIP","floor":21.0},{"not_picked":["Armaments","Seeing Red+1"],"picked":"Spot Weakness","floor":24.0},{"not_picked":["Perfected Strike+1","Thunderclap"],"picked":"Iron Wave+1","floor":25.0},{"not_picked":["Burning Pact","Sever Soul"],"picked":"Double Tap","floor":30.0},{"not_picked":["hubris:StunningStrike","Exhume"],"picked":"Demon Form","floor":33.0},{"not_picked":["Armaments+1","Feel No Pain"],"picked":"Pummel","floor":35.0},{"not_picked":["Reckless Charge+1","Clash+1","Cleave"],"picked":"SKIP","floor":40.0},{"not_picked":["Armaments+1","Wild Strike+1"],"picked":"BarbarianYell+1","floor":42.0},{"not_picked":["Cleave","Clash"],"picked":"Battle Trance+1","floor":46.0},{"not_picked":["Clash+1","Bloodletting","Pommel Strike"],"picked":"SKIP","floor":47.0},{"not_picked":["Rupture","Headbutt+1"],"picked":"Heavy Blade+1","floor":48.0},{"not_picked":["Armaments+1","Clash","Thunderclap+1"],"picked":"SKIP","floor":54}],"player_experience":899483,"relics_obtained":[{"floor":6.0,"key":"SnailShell"},{"floor":26.0,"key":"Omamori"},{"floor":38.0,"key":"hubris:Zylophone"},{"floor":38.0,"key":"halation:EternalFortune"},{"floor":40.0,"key":"Lantern"},{"floor":43.0,"key":"hubris:MysteriousPyramids"},{"floor":54,"key":"hubris:Metronome"}],"event_choices":[{"damage_healed":0.0,"max_hp_gain":0.0,"max_hp_loss":0.0,"gold_gain":0.0,"event_name":"Drug Dealer","player_choice":"Inject Mutagens","floor":27.0,"gold_loss":0.0,"damage_taken":0.0,"relics_obtained":["MutagenicStrength"]},{"damage_healed":0.0,"max_hp_gain":0.0,"max_hp_loss":0.0,"gold_gain":99.0,"event_name":"Nest","player_choice":"Stole From Cult","floor":29.0,"gold_loss":0.0,"damage_taken":0.0},{"damage_healed":0.0,"max_hp_gain":0.0,"max_hp_loss":0.0,"gold_gain":0.0,"event_name":"Back to Basics","player_choice":"Simplicity","floor":31.0,"gold_loss":0.0,"damage_taken":0.0,"cards_upgraded":["Strike_R","Strike_R","Defend_R","Defend_R","Defend_R","Defend_R"]},{"damage_healed":0.0,"max_hp_gain":0.0,"max_hp_loss":0.0,"gold_gain":0.0,"event_name":"Mysterious Sphere","player_choice":"Ignored","floor":37.0,"gold_loss":0.0,"damage_taken":0.0},{"damage_healed":0.0,"max_hp_gain":0.0,"max_hp_loss":0.0,"gold_gain":0.0,"event_name":"MindBloom","player_choice":"Fight","floor":38.0,"gold_loss":0.0,"damage_taken":0.0},{"damage_healed":0.0,"max_hp_gain":0.0,"max_hp_loss":0.0,"gold_gain":100.0,"event_name":"Golden Shrine","player_choice":"Pray","floor":39.0,"gold_loss":0.0,"damage_taken":0.0},{"damage_healed":0.0,"max_hp_gain":0.0,"max_hp_loss":0.0,"gold_gain":0.0,"event_name":"SensoryStone","player_choice":"Memory 1","floor":44.0,"gold_loss":0.0,"damage_taken":0.0},{"cards_removed":["Strike_R"],"damage_healed":0.0,"max_hp_gain":0.0,"max_hp_loss":0.0,"gold_gain":0.0,"event_name":"Falling","player_choice":"Removed Attack","floor":45.0,"gold_loss":0.0,"damage_taken":0.0}],"is_beta":false,"boss_relics":[{"not_picked":["Mark of Pain","Sozu"],"picked":"hubris:Backtick"},{"not_picked":["Empty Cage","hubris:CrackedHourglass"],"picked":"Cursed Key"}],"items_purged_floors":[0,53],"is_endless":false,"potions_floor_spawned":[8,16,19,21,25,30,38,48,54],"ascension_level":0}}