{"host":"baymyijz6sxaqj5s","time":1611363021,"event":{"mods":["AchievementEnabler","BaseMod","Colored Map","Colored Powertips","DeckTracker","Highlight Path","KOR Keyword Fix","Keyboard Shortcuts","Minty Spire (QoL Compilation)","StSLib","SuperFastMode","everything is the same but u backflip on backflip"],"gold_per_floor":[115,115,130,80,98,98,117,117,192,210,36,36,36,55,55,156,156,175,175,185,203,213,213,233,233,256,268,268,268,367,367,367,367,367],"floor_reached":33,"language":"KOR","playtime":778,"items_purged":[],"score":275,"play_id":"82b465b2-1e13-4c19-8750-d317d0f270d5","local_time":"20210123095021","is_ascension_mode":true,"campfire_choices":[{"data":"Body Slam","floor":6,"key":"SMITH"},{"data":"Ghostly Armor","floor":8,"key":"SMITH"},{"data":"Whirlwind","floor":13,"key":"SMITH"},{"data":"Inflame","floor":15,"key":"SMITH"},{"data":"Entrench","floor":23,"key":"SMITH"},{"data":"Sword Boomerang","floor":25,"key":"SMITH"},{"data":"Seeing Red","floor":29,"key":"SMITH"},{"floor":32,"key":"REST"}],"circlet_count":0,"master_deck":["Strike_R","Strike_R","Strike_R","Defend_R","Defend_R","Defend_R","Defend_R","Bash","Body Slam+1","Ghostly Armor+1","Inflame+1","Shrug It Off","Whirlwind+1","Offering","Sword Boomerang+1","Spot Weakness","Shrug It Off","Entrench+1","Reaper","Seeing Red+1"],"relics":["Burning Blood","Meat on the Bone","Philosopher\u0027s Stone","Blood Vial","Mummified Hand"],"acts_visited":["Exordium","TheCity"],"potions_floor_usage":[16,16,16,20,22],"damage_taken":[{"damage":0,"enemies":"Small Slimes","floor":1,"turns":3},{"damage":2,"enemies":"2 Louse","floor":3,"turns":3},{"damage":4,"enemies":"Cultist","floor":5,"turns":5},{"damage":29,"enemies":"Large Slime","floor":7,"turns":10},{"damage":2,"enemies":"Looter","floor":10,"turns":4},{"damage":13,"enemies":"Exordium Wildlife","floor":14,"turns":4},{"damage":40,"enemies":"The Guardian","floor":16,"turns":18},{"damage":29,"enemies":"Spheric Guardian","floor":18,"turns":6},{"damage":0,"enemies":"3 Byrds","floor":20,"turns":3},{"damage":43,"enemies":"Shelled Parasite and Fungi","floor":21,"turns":4},{"damage":15,"enemies":"Snake Plant","floor":22,"turns":3},{"damage":6,"enemies":"Centurion and Healer","floor":24,"turns":6},{"damage":20,"enemies":"Cultist and Chosen","floor":27,"turns":5},{"damage":101,"enemies":"Champ","floor":33,"turns":12}],"seed_played":"7754627131217434898","potions_obtained":[{"floor":3,"key":"CultistPotion"},{"floor":5,"key":"Swift Potion"},{"floor":7,"key":"Weak Potion"},{"floor":18,"key":"Fire Potion"},{"floor":21,"key":"PowerPotion"},{"floor":27,"key":"FearPotion"}],"is_trial":false,"path_per_floor":["M","?","M","?","M","R","M","R","T","M","$","?","R","M","R","B",null,"M","?","M","M","M","R","M","R","T","M","?","R","?","T","R","B"],"character_chosen":"IRONCLAD","items_purchased":["Inflame","Shrug It Off","Whirlwind"],"campfire_rested":1,"item_purchase_floors":[11,11,11],"current_hp_per_floor":[88,93,93,93,93,93,70,70,70,74,74,67,67,60,60,38,93,70,61,67,42,45,45,57,57,57,57,57,57,57,57,84,0,0],"gold":367,"neow_bonus":"TEN_PERCENT_HP_BONUS","is_daily":false,"chose_seed":false,"campfire_upgraded":7,"win_rate":0.0,"timestamp":1611363021,"path_taken":["M","?","M","?","M","R","M","R","T","M","$","?","R","M","R","BOSS","M","?","M","M","M","R","M","R","T","M","?","R","?","?","R","BOSS"],"items_purchased_type":["Card","Card","Card"],"build_version":"2020-12-22","purchased_purges":0,"victory":false,"max_hp_per_floor":[88,93,93,93,93,93,93,93,93,93,93,93,93,93,93,93,93,93,93,93,93,93,93,93,93,93,93,93,93,93,93,93,93,93],"card_choices":[{"not_picked":["Clothesline","Flex"],"picked":"Body Slam","floor":1},{"not_picked":["Clash","Twin Strike"],"picked":"Ghostly Armor","floor":3},{"not_picked":["Anger","Metallicize","Havoc"],"picked":"SKIP","floor":5},{"not_picked":["Exhume","Evolve","Clothesline"],"picked":"SKIP","floor":7},{"not_picked":["Headbutt","Flex","Feel No Pain"],"picked":"SKIP","floor":10},{"not_picked":["Rampage","Blood for Blood","Sever Soul"],"picked":"SKIP","floor":14},{"not_picked":["Juggernaut","Brutality"],"picked":"Offering","floor":16},{"not_picked":["Body Slam","Second Wind+1"],"picked":"Sword Boomerang","floor":18},{"not_picked":["Clash","Cleave"],"picked":"Spot Weakness","floor":20},{"not_picked":["Clothesline","Anger"],"picked":"Shrug It Off","floor":21},{"not_picked":["Disarm+1","Blood for Blood"],"picked":"Entrench","floor":22},{"not_picked":["Reckless Charge+1","Wild Strike","Twin Strike"],"picked":"SKIP","floor":24},{"not_picked":["Hemokinesis","Bloodletting"],"picked":"Reaper","floor":27}],"player_experience":68841,"relics_obtained":[{"floor":9,"key":"Meat on the Bone"},{"floor":26,"key":"Blood Vial"},{"floor":31,"key":"Mummified Hand"}],"event_choices":[{"damage_healed":0,"gold_gain":0,"player_choice":"Donut","damage_taken":0,"max_hp_gain":5,"max_hp_loss":0,"event_name":"Big Fish","floor":2,"gold_loss":0},{"cards_removed":["Strike_R"],"damage_healed":0,"gold_gain":0,"player_choice":"Card Removal","damage_taken":0,"max_hp_gain":0,"max_hp_loss":0,"event_name":"The Cleric","floor":4,"gold_loss":50},{"cards_removed":["Strike_R"],"damage_healed":0,"gold_gain":0,"player_choice":"Card Removal","damage_taken":7,"max_hp_gain":0,"max_hp_loss":0,"event_name":"Golden Wing","floor":12,"gold_loss":0},{"damage_healed":0,"gold_gain":0,"player_choice":"Stopped","damage_taken":9,"max_hp_gain":0,"max_hp_loss":0,"event_name":"Cursed Tome","floor":19,"gold_loss":0},{"damage_healed":0,"gold_gain":0,"player_choice":"Read","damage_taken":0,"max_hp_gain":0,"max_hp_loss":0,"event_name":"The Library","floor":28,"gold_loss":0,"cards_obtained":["Seeing Red"]},{"damage_healed":0,"gold_gain":99,"player_choice":"Stole From Cult","damage_taken":0,"max_hp_gain":0,"max_hp_loss":0,"event_name":"Nest","floor":30,"gold_loss":0}],"is_beta":false,"boss_relics":[{"not_picked":["Empty Cage","Velvet Choker"],"picked":"Philosopher\u0027s Stone"}],"items_purged_floors":[],"is_endless":false,"potions_floor_spawned":[3,5,7,18,21,27],"killed_by":"Champ","ascension_level":3}}