{"host":"08t08ld674si40tv","time":1611376980,"event":{"mods":["AchievementEnabler","BaseMod","Colored Map","Minty Spire (QoL Compilation)","StSLib","SuperFastMode"],"gold_per_floor":[116,116,129,142,67,67,99,99,99,99,99,49,70,20,20,20,20],"floor_reached":16,"language":"KOR","playtime":243,"items_purged":["Strike_B","Defend_B","Defend_B"],"score":186,"play_id":"5509c2fb-d28e-4aca-a210-64d080d31c81","local_time":"20210123134300","is_ascension_mode":true,"campfire_choices":[{"data":"Dualcast","floor":6,"key":"SMITH"},{"data":"Reinforced Body","floor":10,"key":"SMITH"},{"data":"Coolheaded","floor":15,"key":"SMITH"}],"circlet_count":0,"master_deck":["AscendersBane","Strike_B","Strike_B","Defend_B","Defend_B","Zap+1","Dualcast+1","Ball Lightning","Self Repair","Coolheaded+1","Reinforced Body+1","Core Surge"],"relics":["Cracked Core","Ancient Tea Set","Smiling Mask","Golden Idol"],"acts_visited":["Exordium"],"potions_floor_usage":[7],"damage_taken":[{"damage":1,"enemies":"Cultist","floor":1,"turns":3},{"damage":9,"enemies":"2 Louse","floor":3,"turns":2},{"damage":10,"enemies":"Small Slimes","floor":4,"turns":3},{"damage":11,"enemies":"Lagavulin","floor":7,"turns":6},{"damage":6,"enemies":"Blue Slaver","floor":13,"turns":3},{"damage":48,"enemies":"Slime Boss","floor":16,"turns":7}],"seed_played":"8830559042006998244","potions_obtained":[{"floor":3,"key":"DuplicationPotion"}],"is_trial":false,"path_per_floor":["M","T","M","M","$","R","E","?","T","R","?","$","M","$","R","B"],"character_chosen":"DEFECT","items_purchased":[],"campfire_rested":0,"item_purchase_floors":[],"current_hp_per_floor":[63,63,54,51,51,51,47,47,47,47,40,40,41,41,41,0,0],"gold":20,"neow_bonus":"UPGRADE_CARD","is_daily":false,"chose_seed":false,"campfire_upgraded":3,"win_rate":0.0,"timestamp":1611376980,"path_taken":["M","?","M","M","$","R","E","?","T","R","?","?","?","$","R","BOSS"],"items_purchased_type":[],"build_version":"2020-12-22","purchased_purges":3,"victory":false,"max_hp_per_floor":[71,71,71,71,71,71,71,64,64,64,64,64,64,64,64,64,64],"card_choices":[{"not_picked":["Streamline","Stack"],"picked":"Ball Lightning","floor":1},{"not_picked":["Coolheaded","Sweeping Beam"],"picked":"Self Repair","floor":3},{"not_picked":["Stack","Redo"],"picked":"Coolheaded","floor":4},{"not_picked":["Doom and Gloom","Rebound"],"picked":"Reinforced Body","floor":7},{"not_picked":["Beam Cell","Cold Snap"],"picked":"Core Surge","floor":13}],"player_experience":255997,"relics_obtained":[{"floor":2,"key":"Ancient Tea Set"},{"floor":7,"key":"Smiling Mask"}],"event_choices":[{"damage_healed":0,"gold_gain":0,"player_choice":"Lose Max HP","damage_taken":0,"relics_obtained":["Golden Idol"],"max_hp_gain":0,"max_hp_loss":7,"event_name":"Golden Idol","floor":8,"gold_loss":0},{"cards_removed":["Strike_B"],"damage_healed":0,"gold_gain":0,"player_choice":"Card Removal","damage_taken":7,"max_hp_gain":0,"max_hp_loss":0,"event_name":"Golden Wing","floor":11,"gold_loss":0}],"is_beta":false,"boss_relics":[],"items_purged_floors":[5,12,14],"is_endless":false,"potions_floor_spawned":[3],"killed_by":"Slime Boss","ascension_level":18}}