{"host":"0iuhrgzkozzv273x","time":1611414897,"event":{"mods":["2.2 Compatiblity","BaseMod","Colored Map","Curses Come First","Downfall","Minty Spire (QoL Compilation)","Spire Arcade","StSLib","The Construct","Unceasing Turn Reminder"],"gold_per_floor":[99,99,99,99,99,119,119,136,36,66,66,98,180,206,226,323,323,223,239,239,291,291,343,419,419,437,145,180,199,211,240,257,360,360,260,275,275,291,341,375,375,80,113,113,146,199,218,121,141,141,141,167,118,118,118,118],"floor_reached":57,"language":"ENG","playtime":9481,"items_purged":[],"score":1886,"play_id":"40f7c713-d466-4677-ae42-9dff5c69487d","local_time":"20210123101457","is_ascension_mode":true,"campfire_choices":[{"floor":1.0,"key":"RECALL"},{"data":"sneckomod:Nope","floor":9.0,"key":"SMITH"},{"data":"sneckomod:QuickBite","floor":11.0,"key":"SMITH"},{"data":"sneckomod:UnknownBoss","floor":18.0,"key":"SMITH"},{"floor":25.0,"key":"REST"},{"data":"sneckomod:TrashToTreasure","floor":35,"key":"SMITH"},{"data":"sneckomod:Unknown3Cost","floor":44,"key":"SMITH"},{"data":"sneckomod:SnekBite","floor":54,"key":"SMITH"}],"circlet_count":1,"master_deck":["sneckomod:TailWhip+1","sneckomod:SnekBite+1","sneckomod:Unknown","sneckomod:Nope+1","sneckomod:Cheat","sneckomod:QuickBite+1","sneckomod:TrashToTreasure+1","sneckomod:Unknown3Cost+1","Madness","sneckomod:SlitherStrike","sneckomod:UnknownBoss+1","sneckomod:UnknownDexterity","sneckomod:UnknownStrength","sneckomod:UnknownUncommonAttack+1","sneckomod:UnknownClassSLIMEBOUND","sneckomod:UnknownExhaust","sneckomod:UnknownUncommonAttack","sneckomod:Unknown2Cost","sneckomod:UnknownUncommonPower","sneckomod:UnknownBoss","sneckomod:SnakeSap+1","sneckomod:UnknownUncommonSkill+1","sneckomod:Transmogrify","Slimebound:LivingWall","sneckomod:Rotation","sneckomod:Rotation+1","sneckomod:UnknownUncommonPower+1","sneckomod:WideSting+1","Slimebound:ComboTackle"],"relics":["sneckomod:SneckoSoul","downfall:HeartsMalice","Circlet","downfall:HeartBlessingRed","Dead Branch","SlaversCollar","downfall:HeartBlessingBlue","Nilry\u0027s Codex","Centennial Puzzle","Art of War","Bottled Flame","Whetstone","Ornamental Fan","Bottled Tornado","Black Star","downfall:HeartBlessingGreen","Gremlin Horn","Du-Vu Doll","Toy Ornithopter","sneckomod:LoadedDie","Mango","Dream Catcher","Chemical X","Happy Flower","Singing Bowl","sneckomod:ConfusingCodex","Mummified Hand","Shovel","FossilizedHelix","Akabeko","Bronze Scales","Nunchaku","PreservedInsect","Pear"],"acts_visited":["Exordium","TheCity","TheBeyond","TheEnding"],"potions_floor_usage":[29,31,33,33,40,46,50,55,56],"damage_taken":[{"damage":0.0,"enemies":"Jaw Worm","floor":2.0,"turns":1.0},{"damage":0.0,"enemies":"Small Slimes","floor":4.0,"turns":1.0},{"damage":0.0,"enemies":"Cultist","floor":5.0,"turns":1.0},{"damage":13.0,"enemies":"Large Slime","floor":6.0,"turns":5.0},{"damage":1.0,"enemies":"Blue Slaver","floor":8.0,"turns":2.0},{"damage":21.0,"enemies":"3 Sentries","floor":12.0,"turns":4.0},{"damage":19.0,"enemies":"Gremlin Nob","floor":14.0,"turns":3.0},{"damage":2.0,"enemies":"2 Fungi Beasts","floor":15.0,"turns":5.0},{"damage":5.0,"enemies":"WA_ARCHETYPE_RETAIN","floor":16.0,"turns":2.0},{"damage":11.0,"enemies":"Spheric Guardian","floor":19.0,"turns":3.0},{"damage":0.0,"enemies":"downfall:FleeingMerchant","floor":21.0,"turns":3.0},{"damage":0.0,"enemies":"Shell Parasite","floor":26.0,"turns":2.0},{"damage":0,"enemies":"Gremlin Leader","floor":28,"turns":5},{"damage":0,"enemies":"Centurion and Healer","floor":29,"turns":4},{"damage":3,"enemies":"Cultist and Chosen","floor":30,"turns":2},{"damage":0,"enemies":"Book of Stabbing","floor":31,"turns":3},{"damage":0,"enemies":"3 Cultists","floor":32,"turns":2},{"damage":9,"enemies":"DF_ARCHETYPE_CLAW","floor":33,"turns":5},{"damage":0,"enemies":"3 Darklings","floor":36,"turns":3},{"damage":2,"enemies":"Orb Walker","floor":38,"turns":2},{"damage":13,"enemies":"Orb Walker","floor":39,"turns":4},{"damage":0,"enemies":"Giant Head","floor":40,"turns":1},{"damage":15,"enemies":"Nemesis","floor":43,"turns":7},{"damage":0,"enemies":"Giant Head","floor":45,"turns":2},{"damage":0,"enemies":"2 Orb Walkers","floor":46,"turns":2},{"damage":0,"enemies":"Maw","floor":47,"turns":2},{"damage":0,"enemies":"Spire Growth","floor":49,"turns":3},{"damage":0,"enemies":"SI_POISON_ARCHETYPE","floor":50,"turns":3},{"damage":0,"enemies":"downfall:CharBossMerchant","floor":52,"turns":5},{"damage":0,"enemies":"downfall:NeowBoss","floor":55,"turns":7},{"damage":13,"enemies":"downfall:NeowBossFinal","floor":56,"turns":4}],"seed_played":"-7473104785713474271","potions_obtained":[{"floor":6.0,"key":"FairyPotion"},{"floor":8.0,"key":"EssenceOfSteel"},{"floor":15.0,"key":"SmokeBomb"},{"floor":16.0,"key":"EssenceOfSteel"},{"floor":28,"key":"LiquidMemories"},{"floor":29,"key":"BlessingOfTheForge"},{"floor":31,"key":"Swift Potion"},{"floor":38,"key":"SpeedPotion"},{"floor":39,"key":"Energy Potion"},{"floor":40,"key":"Swift Potion"},{"floor":45,"key":"sneckomod:OffclassReductionPotion"}],"is_trial":false,"path_per_floor":["R","M","?","M","M","M","T","M","R","?","R","E","T","E","M","B",null,"R","M","?","$","?","T","T","R","M","$","E","M","M","E","M","B",null,"R","M","?","M","?","E","T","$","E","R","E","?","M","$","M","B",null,"E","$","R","B","B",null],"character_chosen":"THE_SNECKO","items_purchased":["Gremlin Horn","Whetstone","Regal Pillow","Chemical X","Pen Nib","SneckoOil","Energy Potion"],"campfire_rested":1,"item_purchase_floors":[21,27,27,42,42,48,53],"current_hp_per_floor":[90,90,90,90,90,77,77,76,76,76,76,55,55,36,34,29,75,85,74,74,74,58,58,58,88,88,88,88,88,85,85,85,76,94,94,98,98,96,83,102,102,102,102,102,104,111,118,118,120,120,120,130,130,130,130,122],"gold":118,"neow_bonus":"THREE_ENEMY_KILL","is_daily":false,"chose_seed":false,"campfire_upgraded":6,"win_rate":0.0,"timestamp":1611414897,"path_taken":["R","M","?","M","M","M","T","M","R","?","R","E","?","E","M","BOSS","R","M","?","$","?","?","T","R","M","$","E","M","M","E","M","BOSS","R","M","?","M","?","E","T","?","E","R","E","?","M","?","M","BOSS","E","$","R","BOSS","BOSS"],"items_purchased_type":["Relic","Relic","Relic","Relic","Relic","Potion","Potion"],"build_version":"2020-12-22","purchased_purges":0,"victory":true,"max_hp_per_floor":[90,90,90,90,90,90,90,90,90,90,90,90,90,90,90,90,90,100,100,100,100,100,100,100,100,100,100,100,100,100,100,100,100,100,100,100,100,100,100,114,114,114,114,114,116,118,118,118,120,120,120,130,130,130,130,130],"card_choices":[{"not_picked":["sneckomod:UnknownDraw","sneckomod:UnknownColorless"],"picked":"sneckomod:Nope","floor":2.0},{"not_picked":["sneckomod:DiceCrush","sneckomod:DiceBlock"],"picked":"sneckomod:Cheat","floor":4.0},{"not_picked":["sneckomod:SoulRoll","sneckomod:Unknown1Cost"],"picked":"sneckomod:QuickBite","floor":5.0},{"not_picked":["sneckomod:SoulDraw","sneckomod:Restock"],"picked":"sneckomod:Memorize","floor":6.0},{"not_picked":["sneckomod:SoulDraw","sneckomod:SnekBeam"],"picked":"sneckomod:TrashToTreasure","floor":8.0},{"not_picked":["sneckomod:SoulDraw","sneckomod:UnknownCommonSkill"],"picked":"sneckomod:UnknownDraw","floor":12.0},{"not_picked":["sneckomod:Nope","sneckomod:UnknownExhaust"],"picked":"sneckomod:Unknown3Cost","floor":14.0},{"not_picked":["sneckomod:QuickBite","sneckomod:ImprovisedGuard"],"picked":"sneckomod:SlitherStrike","floor":15.0},{"not_picked":["sneckomod:Mudshield","sneckomod:DangerNoodle"],"picked":"sneckomod:UnknownBoss","floor":16.0},{"not_picked":["sneckomod:QuickMove","sneckomod:UnknownCommonSkill","sneckomod:UnknownBlock"],"picked":"SKIP","floor":19.0},{"not_picked":["sneckomod:QuickMove","sneckomod:UnknownCommonSkill"],"picked":"sneckomod:UnknownBlock","floor":19.0},{"not_picked":["sneckomod:SerpentIdol","sneckomod:RainOfDice+1"],"picked":"sneckomod:Unknown2Cost","floor":21.0},{"not_picked":["sneckomod:UnknownVulnerable","sneckomod:IronFang"],"picked":"sneckomod:UnknownUncommonPower","floor":26},{"not_picked":["sneckomod:CheapStock","sneckomod:RainOfDice"],"picked":"sneckomod:UnknownBoss","floor":28},{"not_picked":["sneckomod:UnendingSupply","sneckomod:WideSting","sneckomod:QuickMove"],"picked":"SKIP","floor":29},{"not_picked":["sneckomod:Rotation","sneckomod:RainOfDice","sneckomod:IronFang"],"picked":"SKIP","floor":30},{"not_picked":["sneckomod:IronFang","sneckomod:UnknownVulnerable"],"picked":"sneckomod:SnakeSap+1","floor":31},{"not_picked":["sneckomod:DiceBlock+1","sneckomod:UnknownRareSkill"],"picked":"sneckomod:UnknownUncommonSkill+1","floor":32},{"not_picked":["sneckomod:Cheat","sneckomod:Unknown3Cost"],"picked":"sneckomod:Transmogrify","floor":33},{"not_picked":["sneckomod:RainOfDice+1","sneckomod:WideSting","sneckomod:QuickBite+1"],"picked":"SKIP","floor":36},{"not_picked":["sneckomod:QuickMove","sneckomod:PureSnecko"],"picked":"sneckomod:Unknown2Cost+1","floor":38},{"not_picked":["sneckomod:Memorize","sneckomod:DiceBlock"],"picked":"sneckomod:Rotation","floor":39},{"not_picked":["sneckomod:ImprovisedGuard","sneckomod:Cheat","sneckomod:WideSting"],"picked":"SKIP","floor":40},{"not_picked":["sneckomod:UnknownCommonSkill","sneckomod:RainOfDice"],"picked":"sneckomod:Rotation+1","floor":43},{"not_picked":["sneckomod:Unknown0Cost","sneckomod:SoulRoll+1","sneckomod:RainOfDice+1"],"picked":"Singing Bowl","floor":45},{"not_picked":["sneckomod:UnknownCommonAttack+1","sneckomod:Nope+1","sneckomod:ImprovisedAttack"],"picked":"Singing Bowl","floor":46},{"not_picked":["sneckomod:PureSnecko","sneckomod:SoulRoll"],"picked":"sneckomod:UnknownUncommonPower+1","floor":47},{"not_picked":["sneckomod:Nope","sneckomod:UnknownUncommonPower","sneckomod:IronFang+1"],"picked":"Singing Bowl","floor":49},{"not_picked":["sneckomod:QuickBite","sneckomod:Nope"],"picked":"sneckomod:WideSting+1","floor":52}],"player_experience":738392,"relics_obtained":[{"floor":12.0,"key":"Oddly Smooth Stone"},{"floor":13.0,"key":"Matryoshka"},{"floor":14.0,"key":"Anchor"},{"floor":22.0,"key":"Nilry\u0027s Codex"},{"floor":23.0,"key":"Bronze Scales"},{"floor":23.0,"key":"Centennial Puzzle"},{"floor":24.0,"key":"Art of War"},{"floor":24.0,"key":"Bottled Flame"},{"floor":28,"key":"Ornamental Fan"},{"floor":31,"key":"Bottled Tornado"},{"floor":36,"key":"Gremlin Horn"},{"floor":38,"key":"Gremlin Horn"},{"floor":39,"key":"Du-Vu Doll"},{"floor":39,"key":"Toy Ornithopter"},{"floor":40,"key":"sneckomod:LoadedDie"},{"floor":40,"key":"Mango"},{"floor":40,"key":"Dream Catcher"},{"floor":41,"key":"Circlet"},{"floor":43,"key":"Akabeko"},{"floor":43,"key":"FossilizedHelix"},{"floor":43,"key":"Happy Flower"},{"floor":45,"key":"Singing Bowl"},{"floor":45,"key":"sneckomod:ConfusingCodex"},{"floor":45,"key":"Mummified Hand"},{"floor":46,"key":"Shovel"},{"floor":46,"key":"FossilizedHelix"},{"floor":47,"key":"Akabeko"},{"floor":49,"key":"Bronze Scales"},{"floor":52,"key":"Nunchaku"},{"floor":52,"key":"PreservedInsect"},{"floor":52,"key":"Pear"}],"event_choices":[{"cards_removed":["sneckomod:UnknownBlock"],"damage_healed":0,"gold_gain":0,"player_choice":"Removed Skill","damage_taken":0,"max_hp_gain":0,"max_hp_loss":0,"event_name":"Falling","floor":37,"gold_loss":0},{"damage_healed":0,"gold_gain":0,"player_choice":"Fight","damage_taken":0,"max_hp_gain":0,"max_hp_loss":0,"event_name":"Mysterious Sphere","floor":46,"gold_loss":0}],"is_beta":false,"boss_relics":[{"not_picked":["construct:WeddingRing","Snecko Eye"],"picked":"SlaversCollar"},{"not_picked":["Velvet Choker","bronze:MakeshiftBattery"],"picked":"Black Star"}],"items_purged_floors":[],"is_endless":false,"potions_floor_spawned":[6,8,15,16,28,29,31,32,38,39,40,43,45],"ascension_level":5}}