{"host":"vrsxkkch9ccrec7k","time":1611407510,"event":{"mods":["Act Like it!","BaseMod","Bestiary","Better Altar","Better Match","Better Note","Better Sensory Stone","Better Skull","Better Third Choice","Better Vampires","Downfall","Minty Spire (QoL Compilation)","Permanent Neow","Relic Stats","Spicy Shops","StSLib"],"gold_per_floor":[99,117,135,60,71,88,113,23,41,41,53,63,63,90,107,208,208,108,119,119,138,138,155,207,235,10,20,32,32,32,45,60,160,160,160,170,181,194,51,51,74,99,99,113,123,23,23,123,143,143],"floor_reached":51,"language":"ENG","playtime":3645,"items_purged":["Slimebound:Strike_Slimebound","Slimebound:Strike_Slimebound","Slimebound:Strike_Slimebound"],"score":902,"play_id":"4a93f89a-71c9-4895-95a9-41b01f7ccdcf","local_time":"20210123081150","is_ascension_mode":true,"campfire_choices":[{"data":"Slimebound:Darklings","floor":1.0,"key":"SMITH"},{"data":"Slimebound:LeadByExample","floor":13,"key":"SMITH"},{"data":"Slimebound:LevelUp","floor":18,"key":"SMITH"},{"data":"Slimebound:Prepare","floor":30,"key":"SMITH"},{"data":"Slimebound:Teamwork","floor":35,"key":"SMITH"},{"data":"Slimebound:LeadByExample","floor":40,"key":"SMITH"},{"data":"Slimebound:RejuvenatingLick","floor":43,"key":"SMITH"},{"data":"Slimebound:PressTheAttack","floor":47,"key":"SMITH"}],"circlet_count":0,"master_deck":["Slimebound:Tackle","Slimebound:Defend_Slimebound","Slimebound:Defend_Slimebound","Slimebound:Defend_Slimebound","Slimebound:Defend_Slimebound","Slimebound:Split","Slimebound:CorrosiveSpit","Slimebound:Darklings+1","Slimebound:LeadByExample+1","Slimebound:RejuvenatingLick+1","Slimebound:HauntingLick+1","Slimebound:Teamwork+1","Slimebound:PressTheAttack+1","Slimebound:FirmFortitude","Slimebound:LeechLife","Slimebound:Schlurp","Slimebound:LevelUp+1","Slimebound:Prepare+1","Slimebound:LivingWall","Slimebound:SamplingLick+1","Slimebound:DisruptingSlam+1","Slimebound:LeechingTouch","Slimebound:HauntingLick+1","Slimebound:GoopSpray+1","Slimebound:LeadByExample+1","Slimebound:Teamwork+1","Slimebound:LevelUp+1","Slimebound:LeadByExample+1","Slimebound:MinionMaster"],"relics":["Slimebound:AbsorbEndCombat","hexamod:BolsterEngine","Coffee Dripper","downfall:HeartBlessingBlue","Guardian:PocketSentry","MawBank","Lantern","TungstenRod","Oddly Smooth Stone","sneckomod:SneckoTalon","Guardian:BottledAnomaly","Smiling Mask","Slimebound:SlimedSkullRelic"],"acts_visited":["Exordium","TheCity","TheBeyond"],"potions_floor_usage":[14,19,27,28,33,42,50,50],"damage_taken":[{"damage":14.0,"enemies":"Jaw Worm","floor":2.0,"turns":4.0},{"damage":1.0,"enemies":"Cultist","floor":3.0,"turns":3.0},{"damage":8.0,"enemies":"Small Slimes","floor":5.0,"turns":3.0},{"damage":10.0,"enemies":"3 Louse","floor":6.0,"turns":2.0},{"damage":0.0,"enemies":"downfall:FleeingMerchant","floor":8.0,"turns":4.0},{"damage":8.0,"enemies":"Blue Slaver","floor":9.0,"turns":2.0},{"damage":0.0,"enemies":"Gremlin Gang","floor":11.0,"turns":5.0},{"damage":17,"enemies":"Lots of Slimes","floor":12,"turns":4},{"damage":4,"enemies":"Lagavulin","floor":14,"turns":5},{"damage":4,"enemies":"Red Slaver","floor":15,"turns":3},{"damage":12,"enemies":"SI_SHIV_ARCHETYPE","floor":16,"turns":6},{"damage":0,"enemies":"3 Byrds","floor":19,"turns":3},{"damage":0,"enemies":"Spheric Guardian","floor":21,"turns":2},{"damage":13,"enemies":"Shelled Parasite and Fungi","floor":23,"turns":5},{"damage":14,"enemies":"Slavers","floor":25,"turns":3},{"damage":1,"enemies":"downfall:FleeingMerchant","floor":26,"turns":4},{"damage":15,"enemies":"Snake Plant","floor":27,"turns":3},{"damage":17,"enemies":"Snecko","floor":28,"turns":5},{"damage":6,"enemies":"downfall:FleeingMerchant","floor":31,"turns":4},{"damage":0,"enemies":"Cultist and Chosen","floor":32,"turns":3},{"damage":6,"enemies":"WA_ARCHETYPE_CALM","floor":33,"turns":7},{"damage":10,"enemies":"Orb Walker","floor":36,"turns":5},{"damage":0,"enemies":"3 Shapes","floor":37,"turns":5},{"damage":21,"enemies":"Writhing Mass","floor":38,"turns":4},{"damage":31,"enemies":"Reptomancer","floor":42,"turns":4},{"damage":0,"enemies":"4 Shapes","floor":44,"turns":6},{"damage":11,"enemies":"Spire Growth","floor":45,"turns":3},{"damage":0,"enemies":"Transient","floor":49,"turns":5},{"damage":22,"enemies":"IC_BLOCK_ARCHETYPE","floor":50,"turns":7}],"seed_played":"6366281341889591362","potions_obtained":[{"floor":2.0,"key":"Fruit Juice"},{"floor":6.0,"key":"SkillPotion"},{"floor":9.0,"key":"Weak Potion"},{"floor":11.0,"key":"Weak Potion"},{"floor":15,"key":"Slimebound:SlimedPotion"},{"floor":25,"key":"Block Potion"},{"floor":27,"key":"Slimebound:SlimyTonguePotion"},{"floor":28,"key":"Slimebound:SpawnSlimePotion"},{"floor":44,"key":"sneckomod:MuddlingPotion"},{"floor":45,"key":"LiquidBronze"},{"floor":49,"key":"Slimebound:SpawnSlimePotion"}],"is_trial":false,"path_per_floor":["R","M","M","?","M","M","T","$","M","?","M","M","R","E","M","B",null,"R","M","?","M","?","M","T","E","$","M","M","?","R","$","M","B",null,"R","M","M","M","$","R","T","E","R","M","M","$","R","?","M","B",null],"character_chosen":"SLIMEBOUND","items_purchased":["Lantern","TungstenRod","Slimebound:LeadByExample","Oddly Smooth Stone","Guardian:BottledAnomaly","PowerPotion"],"campfire_rested":0,"item_purchase_floors":[26,26,31,31,39,46],"current_hp_per_floor":[59,51,52,52,50,42,42,48,44,44,64,51,51,63,65,55,63,73,75,75,75,75,75,75,63,75,62,58,58,58,68,80,78,80,80,72,76,78,78,78,78,49,49,69,71,71,71,71,80,62],"gold":143,"neow_bonus":"ONE_RANDOM_RARE_CARD","is_daily":false,"chose_seed":false,"campfire_upgraded":8,"win_rate":0.0,"timestamp":1611407510,"path_taken":["R","M","M","?","?","M","T","?","M","?","M","M","R","E","M","BOSS","R","M","?","M","?","M","T","E","$","M","M","?","R","?","M","BOSS","R","M","M","?","?","R","T","E","R","M","M","$","R","?","M","BOSS"],"items_purchased_type":["Relic","Relic","Card","Relic","Relic","Potion"],"build_version":"2020-12-22","purchased_purges":3,"victory":true,"max_hp_per_floor":[65,65,65,65,65,65,65,65,65,65,65,65,65,65,65,65,65,75,75,75,75,75,75,75,75,75,75,80,80,80,80,80,80,80,80,80,80,80,80,80,80,80,80,80,80,80,80,80,80,80],"relic_stats":{"counters":[29,112],"MawBank":12,"Smiling Mask":75,"obtain_stats":[{"Lantern":26,"Oddly Smooth Stone":31,"Guardian:PocketSentry":24,"MawBank":25,"sneckomod:SneckoTalon":34,"Smiling Mask":41,"downfall:HeartBlessingBlue":18,"Slimebound:AbsorbEndCombat":0,"Coffee Dripper":17,"hexamod:BolsterEngine":14,"Guardian:BottledAnomaly":39,"TungstenRod":26,"Slimebound:SlimedSkullRelic":42},{"Lantern":16,"Oddly Smooth Stone":19,"Guardian:PocketSentry":14,"MawBank":15,"sneckomod:SneckoTalon":21,"Smiling Mask":24,"downfall:HeartBlessingBlue":11,"Slimebound:AbsorbEndCombat":0,"Coffee Dripper":11,"hexamod:BolsterEngine":9,"Guardian:BottledAnomaly":24,"TungstenRod":16,"Slimebound:SlimedSkullRelic":25},{"Lantern":56,"Oddly Smooth Stone":67,"Guardian:PocketSentry":49,"MawBank":52,"sneckomod:SneckoTalon":77,"Smiling Mask":89,"downfall:HeartBlessingBlue":40,"Slimebound:AbsorbEndCombat":0,"Coffee Dripper":40,"hexamod:BolsterEngine":31,"Guardian:BottledAnomaly":89,"TungstenRod":56,"Slimebound:SlimedSkullRelic":92}],"TungstenRod":22},"card_choices":[{"not_picked":["Slimebound:SlimeTap","Slimebound:LivingWall"],"picked":"Slimebound:LeadByExample","floor":2.0},{"not_picked":["Slimebound:GoopTackle","Slimebound:Schlurp"],"picked":"Slimebound:RejuvenatingLick","floor":3.0},{"not_picked":["Slimebound:Schlurp+1","Slimebound:GoopTackle+1"],"picked":"Slimebound:HauntingLick+1","floor":4.0},{"not_picked":["Slimebound:PrepareCrush+1","Slimebound:FirmFortitude+1"],"picked":"Slimebound:Teamwork+1","floor":4.0},{"not_picked":["Slimebound:FinishingTackle","Slimebound:Grow"],"picked":"Slimebound:PressTheAttack","floor":5.0},{"not_picked":["Slimebound:LeechEnergy","Slimebound:Nibble"],"picked":"Slimebound:FirmFortitude","floor":6.0},{"not_picked":["Slimebound:LeechEnergy","Slimebound:PressTheAttack"],"picked":"Slimebound:LeechLife","floor":8.0},{"not_picked":["Slimebound:RejuvenatingLick","Slimebound:SplitBruiser"],"picked":"Slimebound:Schlurp","floor":9.0},{"not_picked":["Slimebound:HungryTackle","Slimebound:Schlurp"],"picked":"Slimebound:LevelUp","floor":11.0},{"not_picked":["Slimebound:SplitAcid","Slimebound:HungryTackle"],"picked":"Slimebound:Prepare","floor":12},{"not_picked":["Slimebound:HauntingLick","Slimebound:Replication"],"picked":"Slimebound:LivingWall","floor":14},{"not_picked":["Slimebound:ServeAndProtect","Slimebound:SlimeBarrage","Slimebound:Recollect"],"picked":"SKIP","floor":15},{"not_picked":["Slimebound:GoopSpray","Slimebound:HauntingLick","Slimebound:TongueLash"],"picked":"SKIP","floor":19},{"not_picked":["Slimebound:Chomp+1","Slimebound:ProtectTheBoss","Slimebound:ComboTackle"],"picked":"SKIP","floor":21},{"not_picked":["Slimebound:FinishingTackle","Slimebound:RejuvenatingLick"],"picked":"Slimebound:SamplingLick+1","floor":23},{"not_picked":["Slimebound:SamplingLick","Slimebound:SpikyOuterGoop"],"picked":"Slimebound:DisruptingSlam+1","floor":25},{"not_picked":["Slimebound:BestDefense","Slimebound:SelfFormingGoo"],"picked":"Slimebound:LeechingTouch","floor":26},{"not_picked":["Slimebound:Repurpose","Slimebound:RollThrough"],"picked":"Slimebound:HauntingLick+1","floor":27},{"not_picked":["Slimebound:Equalize+1","Slimebound:Grow"],"picked":"Slimebound:GoopSpray+1","floor":28},{"not_picked":["Slimebound:Schlurp","Slimebound:HauntingLick","Slimebound:HungryTackle"],"picked":"SKIP","floor":31},{"not_picked":["Slimebound:LeechEnergy","Slimebound:RollThrough","Slimebound:LeechingTouch"],"picked":"SKIP","floor":32},{"not_picked":["Slimebound:RallyTheTroops","Slimebound:CheckThePlaybook"],"picked":"Slimebound:Teamwork","floor":33},{"not_picked":["Slimebound:SlimeSpikes+1","Slimebound:LeechEnergy+1"],"picked":"Slimebound:LevelUp+1","floor":36},{"not_picked":["Slimebound:LeechingTouch+1","Slimebound:HauntingLick","Slimebound:LivingWall"],"picked":"SKIP","floor":37},{"not_picked":["Slimebound:LeechingTouch","Slimebound:ForwardTackle"],"picked":"Slimebound:LeadByExample+1","floor":38},{"not_picked":["Slimebound:Equalize+1","Slimebound:LeechEnergy+1"],"picked":"Slimebound:MinionMaster","floor":42},{"not_picked":["Slimebound:Dissolve","Slimebound:Repurpose+1","Slimebound:MegaLick"],"picked":"SKIP","floor":44},{"not_picked":["Slimebound:ComboTackle","Slimebound:SamplingLick","Slimebound:LeechEnergy"],"picked":"SKIP","floor":45},{"not_picked":["Slimebound:ViciousTackle","Slimebound:SplitBruiser+1","Slimebound:SplitLeeching"],"picked":"SKIP","floor":49}],"player_experience":1704353,"relics_obtained":[{"floor":14,"key":"hexamod:BolsterEngine"},{"floor":24,"key":"Guardian:PocketSentry"},{"floor":25,"key":"MawBank"},{"floor":41,"key":"Smiling Mask"},{"floor":42,"key":"Slimebound:SlimedSkullRelic"}],"event_choices":[{"damage_healed":0.0,"max_hp_gain":0.0,"max_hp_loss":0.0,"gold_gain":0.0,"event_name":"betterMatch:BetterMatch","player_choice":"2","floor":4.0,"gold_loss":0.0,"damage_taken":0.0,"cards_obtained":["betterMatch:CommonCard","betterMatch:RareCard"]},{"damage_healed":0.0,"max_hp_gain":0.0,"max_hp_loss":0.0,"gold_gain":1.0,"event_name":"betterStone:BetterStone","player_choice":"1","floor":10.0,"gold_loss":0.0,"damage_taken":0.0}],"is_beta":false,"boss_relics":[{"not_picked":["bronze:MakeshiftBattery","Slimebound:TarBlob"],"picked":"Coffee Dripper"},{"not_picked":["Philosopher\u0027s Stone","Empty Cage"],"picked":"sneckomod:SneckoTalon"}],"items_purged_floors":[8,31,46],"is_endless":false,"potions_floor_spawned":[2,6,9,11,15,25,27,28,32,44,45,49],"ascension_level":6}}