{"host":"d1za9dvx43o9v494","time":1611445527,"event":{"mods":["2.2 Compatiblity","BaseMod","Better-Laid Plans","Displayed Cursed Tome","Emptier Cage","Minty Spire (QoL Compilation)","Permanent Neow","Relic Sorter","Spire Arcade","StSLib","The Animator"],"gold_per_floor":[126,144,144,69,69,69,101,125,149,162,180,27,57,77,77,77,77],"floor_reached":16,"language":"ENG","playtime":1115,"items_purged":["animator:Strike"],"score":118,"play_id":"5645b1e8-8934-4532-907f-841ab23e5920","local_time":"20210124024527","is_ascension_mode":true,"campfire_choices":[{"data":"animator:Shuna","floor":6,"key":"SMITH"},{"floor":15,"key":"REST"}],"circlet_count":0,"master_deck":["animator:Strike_TenSura","animator:Defend_TenSura","animator:Strike","animator:Strike","animator:Defend","animator:Defend","animator:Benimaru","animator:Shuna+1","animator:Shion","animator:Vesta","animator:Millim+1","animator:Shuna","animator:Benimaru"],"relics":["animator:LivingPicture","animator:TheMissingPiece","Boot","Orichalcum","Lantern","DataDisk","Ancient Tea Set"],"acts_visited":["Exordium"],"potions_floor_usage":[10,11,13,13],"damage_taken":[{"damage":0,"enemies":"2 Louse","floor":1,"turns":3},{"damage":0,"enemies":"Small Slimes","floor":2,"turns":4},{"damage":20,"enemies":"3 Sentries","floor":7,"turns":7},{"damage":0,"enemies":"Cultist","floor":8,"turns":3},{"damage":9,"enemies":"Lots of Slimes","floor":10,"turns":3},{"damage":5,"enemies":"Blue Slaver","floor":11,"turns":2},{"damage":25,"enemies":"Gremlin Nob","floor":13,"turns":5},{"damage":0,"enemies":"Exordium Thugs","floor":14,"turns":4},{"damage":24,"enemies":"Slime Boss","floor":16,"turns":3}],"seed_played":"-1859391843179428553","potions_obtained":[{"floor":1,"key":"Swift Potion"},{"floor":2,"key":"Energy Potion"},{"floor":8,"key":"AttackPotion"},{"floor":11,"key":"Dexterity Potion"}],"is_trial":false,"path_per_floor":["M","M","?","$","?","R","E","M","T","M","M","$","E","M","R","B"],"character_chosen":"THE_ANIMATOR","items_purchased":["DataDisk"],"campfire_rested":1,"item_purchase_floors":[12],"current_hp_per_floor":[66,67,34,34,39,39,39,39,39,32,27,27,2,2,24,0,0],"gold":77,"neow_bonus":"REMOVE_CARD","is_daily":false,"chose_seed":false,"campfire_upgraded":1,"win_rate":0.0,"timestamp":1611445527,"path_taken":["M","M","?","$","?","R","E","M","T","M","M","$","E","M","R","BOSS"],"items_purchased_type":["Relic"],"build_version":"2020-12-22","purchased_purges":1,"victory":false,"max_hp_per_floor":[66,67,67,67,72,72,72,72,72,74,74,74,74,74,74,74,74],"card_choices":[{"not_picked":["animator:TsurugaMeisai","animator:Sebas"],"picked":"animator:Shion","floor":1},{"not_picked":["animator:PandorasActor","animator:MaesHughes"],"picked":"animator:Vesta","floor":2},{"not_picked":["animator:MumenRider","animator:Sebas","animator:Spearman"],"picked":"SKIP","floor":7},{"not_picked":["animator:Souei","animator:Shion"],"picked":"animator:Millim","floor":8},{"not_picked":["animator:LizardPriest","animator:ShinjiMatou","animator:Cocytus"],"picked":"SKIP","floor":10},{"not_picked":["animator:Genos","animator:MumenRider"],"picked":"animator:Shuna","floor":11},{"not_picked":["animator:Assassin","animator:Evileye"],"picked":"animator:Millim","floor":13},{"not_picked":["animator:Shion","animator:Vesta"],"picked":"animator:Benimaru","floor":14}],"player_experience":235279,"relics_obtained":[{"floor":7,"key":"Orichalcum"},{"floor":9,"key":"Lantern"},{"floor":13,"key":"Ancient Tea Set"}],"event_choices":[{"damage_healed":0,"gold_gain":0,"player_choice":"Success","damage_taken":33,"relics_obtained":["Boot"],"max_hp_gain":0,"max_hp_loss":0,"event_name":"Scrap Ooze","floor":3,"gold_loss":0},{"damage_healed":0,"gold_gain":0,"player_choice":"Donut","damage_taken":0,"max_hp_gain":5,"max_hp_loss":0,"event_name":"Big Fish","floor":5,"gold_loss":0}],"is_beta":false,"boss_relics":[],"items_purged_floors":[4],"is_endless":false,"potions_floor_spawned":[1,2,8,11],"killed_by":"Slime Boss","ascension_level":1}}