{"host":"uzcks4yhskks9i02","time":1611362213,"event":{"mods":["BaseMod","Minty Spire (QoL Compilation)","Quick Restart"],"gold_per_floor":[39,75,105,198,230,262,262,317,317,363,21,41,111,111,111,207,207,220,220,281,75,75,75,75,116,166,166,197,263,263,304,304,304,304],"floor_reached":33,"language":"ENG","playtime":27825,"items_purged":[],"score":535,"play_id":"b6f176ea-9897-48c7-b4ee-d7eeabfa11d3","local_time":"20210122173653","is_ascension_mode":true,"campfire_choices":[{"floor":7.0,"key":"REST"},{"data":"HandOfGreed","floor":15.0,"key":"SMITH"},{"data":"Armaments","floor":23.0,"key":"SMITH"},{"data":"Shockwave","floor":27.0,"key":"SMITH"},{"data":"Bash","floor":32.0,"key":"SMITH"}],"circlet_count":0,"master_deck":["AscendersBane","Strike_R","Strike_R","Strike_R","Strike_R","Strike_R","Defend_R","Defend_R","Defend_R","Defend_R","Bash+1","HandOfGreed+1","Pommel Strike","Dual Wield","Armaments+1","Twin Strike","Metallicize","Reaper","Dual Wield","Spot Weakness","Shockwave+1","Fire Breathing","Double Tap+1","True Grit","Headbutt","Metallicize","HandOfGreed+1","Twin Strike"],"relics":["Burning Blood","Kunai","Bag of Marbles","Gremlin Horn","Bottled Lightning","TungstenRod","Self Forming Clay","Busted Crown","Lee\u0027s Waffle","Strawberry","Dream Catcher"],"acts_visited":["Exordium","TheCity"],"potions_floor_usage":[33],"damage_taken":[{"damage":0.0,"enemies":"Small Slimes","floor":1.0,"turns":3.0},{"damage":8.0,"enemies":"2 Louse","floor":2.0,"turns":3.0},{"damage":0.0,"enemies":"Cultist","floor":3.0,"turns":2.0},{"damage":26.0,"enemies":"Gremlin Gang","floor":4.0,"turns":9.0},{"damage":15.0,"enemies":"Looter","floor":5.0,"turns":5.0},{"damage":21.0,"enemies":"Gremlin Nob","floor":6.0,"turns":5.0},{"damage":36.0,"enemies":"3 Sentries","floor":8.0,"turns":13.0},{"damage":14.0,"enemies":"Gremlin Nob","floor":10.0,"turns":4.0},{"damage":11.0,"enemies":"Exordium Thugs","floor":12.0,"turns":4.0},{"damage":10.0,"enemies":"3 Sentries","floor":13.0,"turns":8.0},{"damage":62.0,"enemies":"The Guardian","floor":16.0,"turns":14.0},{"damage":15.0,"enemies":"Shell Parasite","floor":18.0,"turns":6.0},{"damage":10.0,"enemies":"3 Byrds","floor":20.0,"turns":5.0},{"damage":10.0,"enemies":"Snecko","floor":25.0,"turns":4.0},{"damage":14.0,"enemies":"Gremlin Leader","floor":28.0,"turns":8.0},{"damage":11.0,"enemies":"3 Cultists","floor":29.0,"turns":6.0},{"damage":11.0,"enemies":"Cultist and Chosen","floor":31.0,"turns":6.0},{"damage":109,"enemies":"Champ","floor":33,"turns":7}],"seed_played":"-616188632838491756","potions_obtained":[{"floor":3.0,"key":"LiquidBronze"},{"floor":6.0,"key":"SmokeBomb"},{"floor":8.0,"key":"Explosive Potion"},{"floor":10.0,"key":"Ancient Potion"},{"floor":16.0,"key":"BlessingOfTheForge"},{"floor":28.0,"key":"SteroidPotion"}],"is_trial":false,"path_per_floor":["M","M","M","M","M","E","R","E","T","E","$","M","E","?","R","B",null,"M","$","M","$","?","R","$","M","T","R","E","M","?","M","R","B"],"character_chosen":"IRONCLAD","items_purchased":["TungstenRod","Metallicize","Lee\u0027s Waffle"],"campfire_rested":1,"item_purchase_floors":[11,21,21],"current_hp_per_floor":[74,72,75,55,46,31,53,35,35,27,27,27,41,66,66,20,61,52,52,53,82,82,82,82,78,85,85,87,82,82,84,84,0,0],"gold":304,"neow_bonus":"RANDOM_COLORLESS_2","is_daily":false,"chose_seed":false,"campfire_upgraded":4,"win_rate":0.0,"timestamp":1611362213,"path_taken":["M","M","M","M","M","E","R","E","T","E","$","M","E","?","R","BOSS","M","$","M","$","?","R","$","?","T","R","E","?","?","M","R","BOSS"],"items_purchased_type":["Relic","Card","Relic"],"build_version":"2020-12-22","purchased_purges":0,"victory":false,"max_hp_per_floor":[75,75,75,75,75,75,75,75,75,75,75,75,75,75,75,75,75,75,75,75,82,82,82,82,82,89,89,89,89,89,89,89,89,89],"card_choices":[{"not_picked":["Chrysalis","Metamorphosis"],"picked":"HandOfGreed","floor":0.0},{"not_picked":["Cleave","Twin Strike"],"picked":"Pommel Strike","floor":1.0},{"not_picked":["Heavy Blade","Metallicize"],"picked":"Dual Wield","floor":2.0},{"not_picked":["Wild Strike","Hemokinesis"],"picked":"Armaments","floor":3.0},{"not_picked":["Wild Strike","Iron Wave"],"picked":"Twin Strike","floor":4.0},{"not_picked":["Pommel Strike","Sword Boomerang"],"picked":"Metallicize","floor":5.0},{"not_picked":["Carnage","Sword Boomerang"],"picked":"Reaper","floor":6.0},{"not_picked":["Dark Embrace","Sever Soul"],"picked":"Dual Wield","floor":8.0},{"not_picked":["Whirlwind","Searing Blow"],"picked":"Spot Weakness","floor":10.0},{"not_picked":["Pommel Strike","Sword Boomerang"],"picked":"Shockwave","floor":12.0},{"not_picked":["Reckless Charge","Havoc"],"picked":"Fire Breathing","floor":13.0},{"not_picked":["Berserk","Bludgeon"],"picked":"Double Tap","floor":16.0},{"not_picked":[],"picked":"True Grit","floor":18.0},{"not_picked":[],"picked":"Headbutt","floor":20.0},{"not_picked":[],"picked":"Twin Strike","floor":25.0},{"not_picked":["Armaments"],"picked":"SKIP","floor":28.0},{"not_picked":["Havoc"],"picked":"SKIP","floor":29.0},{"not_picked":["Body Slam"],"picked":"SKIP","floor":31.0}],"player_experience":518256,"relics_obtained":[{"floor":6.0,"key":"Kunai"},{"floor":8.0,"key":"Bag of Marbles"},{"floor":9.0,"key":"Gremlin Horn"},{"floor":10.0,"key":"Bottled Lightning"},{"floor":13.0,"key":"Self Forming Clay"},{"floor":26.0,"key":"Strawberry"},{"floor":28.0,"key":"Dream Catcher"}],"event_choices":[{"damage_healed":25.0,"max_hp_gain":0.0,"max_hp_loss":0.0,"gold_gain":0.0,"event_name":"Big Fish","player_choice":"Banana","floor":14.0,"gold_loss":0.0,"damage_taken":0.0},{"damage_healed":0.0,"max_hp_gain":0.0,"max_hp_loss":0.0,"gold_gain":0.0,"event_name":"Duplicator","player_choice":"Copied","floor":22.0,"gold_loss":0.0,"damage_taken":0.0,"cards_obtained":["HandOfGreed"]},{"damage_healed":0.0,"max_hp_gain":0.0,"max_hp_loss":0.0,"gold_gain":0.0,"event_name":"Upgrade Shrine","player_choice":"Upgraded","floor":30.0,"gold_loss":0.0,"damage_taken":0.0,"cards_upgraded":["Double Tap"]}],"is_beta":false,"boss_relics":[{"not_picked":["Runic Dome","Tiny House"],"picked":"Busted Crown"}],"items_purged_floors":[],"is_endless":false,"potions_floor_spawned":[3,6,8,10,12,16,28,29],"killed_by":"Champ","ascension_level":16}}