{"host":"8xi53560pl5zaoq2","time":1611385959,"event":{"mods":["BaseMod","Bestiary","Colored Map","Highlight Path","Minty Spire (QoL Compilation)","StSLib","Synergy Search"],"gold_per_floor":[119,138,138,138,156,189,189,202,202,202,51,51,62,80,80,80,80],"floor_reached":16,"language":"ENG","playtime":724,"items_purged":[],"score":173,"play_id":"32e3235b-a198-4be1-8b67-be5849c286b2","local_time":"20210123001239","is_ascension_mode":true,"campfire_choices":[{"data":"Body Slam","floor":7,"key":"SMITH"},{"data":"Flame Barrier","floor":10,"key":"SMITH"},{"data":"Metallicize","floor":15,"key":"SMITH"}],"circlet_count":0,"master_deck":["AscendersBane","Strike_R","Strike_R","Strike_R","Strike_R","Defend_R","Defend_R","Defend_R","Defend_R","Bash","Shrug It Off","Body Slam+1","Flame Barrier+1","Metallicize+1","Flash of Steel","Dropkick"],"relics":["Burning Blood","Eternal Feather","HornCleat","Bottled Lightning"],"acts_visited":["Exordium"],"potions_floor_usage":[6,6,16],"damage_taken":[{"damage":1,"enemies":"Cultist","floor":1,"turns":4},{"damage":10,"enemies":"Jaw Worm","floor":2,"turns":4},{"damage":1,"enemies":"Small Slimes","floor":5,"turns":4},{"damage":38,"enemies":"Gremlin Nob","floor":6,"turns":5},{"damage":0,"enemies":"Exordium Wildlife","floor":8,"turns":3},{"damage":2,"enemies":"Lots of Slimes","floor":13,"turns":4},{"damage":0,"enemies":"3 Louse","floor":14,"turns":4},{"damage":86,"enemies":"Slime Boss","floor":16,"turns":10}],"seed_played":"-1952542314428898342","potions_obtained":[{"floor":2,"key":"Weak Potion"},{"floor":5,"key":"Strength Potion"},{"floor":14,"key":"ColorlessPotion"}],"is_trial":false,"path_per_floor":["M","M","?","?","M","E","R","M","T","R","$","T","M","M","R","B"],"character_chosen":"IRONCLAD","items_purchased":["Metallicize","Flash of Steel"],"campfire_rested":0,"item_purchase_floors":[11,11],"current_hp_per_floor":[80,76,69,74,79,47,53,59,59,65,65,65,69,75,84,0,0],"gold":80,"neow_bonus":"TEN_PERCENT_HP_BONUS","is_daily":false,"chose_seed":false,"campfire_upgraded":3,"win_rate":0.0,"timestamp":1611385959,"path_taken":["M","?","?","?","M","E","R","M","T","R","$","?","?","M","R","BOSS"],"items_purchased_type":["Card","Card"],"build_version":"2020-12-22","purchased_purges":0,"victory":false,"max_hp_per_floor":[82,82,82,87,87,87,87,87,87,87,87,87,87,87,87,87,87],"card_choices":[{"not_picked":["Clash","Twin Strike"],"picked":"Shrug It Off","floor":1},{"not_picked":["Warcry","Sword Boomerang"],"picked":"Body Slam","floor":2},{"not_picked":["Combust","Twin Strike","Flex"],"picked":"SKIP","floor":5},{"not_picked":["Second Wind","Flex","Warcry"],"picked":"SKIP","floor":6},{"not_picked":["Searing Blow","Burning Pact"],"picked":"Flame Barrier","floor":8},{"not_picked":["Brutality","Havoc"],"picked":"Dropkick","floor":13},{"not_picked":["Thunderclap","Twin Strike","Sword Boomerang"],"picked":"SKIP","floor":14}],"player_experience":1306478,"relics_obtained":[{"floor":6,"key":"Eternal Feather"},{"floor":9,"key":"HornCleat"},{"floor":12,"key":"Bottled Lightning"}],"event_choices":[{"cards_removed":["Strike_R"],"damage_healed":0,"gold_gain":0,"player_choice":"Card Removal","damage_taken":7,"max_hp_gain":0,"max_hp_loss":0,"event_name":"Golden Wing","floor":3,"gold_loss":0},{"damage_healed":0,"gold_gain":0,"player_choice":"Donut","damage_taken":0,"max_hp_gain":5,"max_hp_loss":0,"event_name":"Big Fish","floor":4,"gold_loss":0}],"is_beta":false,"boss_relics":[],"items_purged_floors":[],"is_endless":false,"potions_floor_spawned":[2,5,14],"killed_by":"Slime Boss","ascension_level":14}}