{"host":"Jackie","time":1611398573,"event":{"mods":["BaseMod","Highlight Path","Jorbs\u0027s Wanderer Trilogy","Minty Spire (QoL Compilation)","Relic Stats","Slay the Relics Exporter","StSLib","Twitch Decklist"],"gold_per_floor":[109,128,138,138,153,188,188,216,216,216,228,228,254,254,254,351,351,370,383,482,503,477,508,508,539,539,563,593,593,633,633,633,738,738,755,780,797,797,797,837,837,856,856,856,903,903,935,960,960,965],"floor_reached":51,"language":"ENG","playtime":6306,"items_purged":[],"score":1100,"play_id":"7e695f00-caba-4c6c-83e2-0d75040a8f76","local_time":"20210123024253","is_ascension_mode":true,"campfire_choices":[{"data":"stsjorbsmod:RayOfFrost","floor":7,"key":"SMITH"},{"floor":10,"key":"REST"},{"data":"stsjorbsmod:Thorns","floor":15,"key":"SMITH"},{"data":"stsjorbsmod:OldPocket","floor":24,"key":"SMITH"},{"floor":32,"key":"REST"},{"data":"stsjorbsmod:ThirstingSword","floor":41,"key":"SMITH"},{"data":"stsjorbsmod:CorrodingBarrier","floor":44,"key":"SMITH"},{"data":"stsjorbsmod:GatherPower","floor":46,"key":"SMITH"},{"data":"1","floor":49,"key":"LIFT"}],"circlet_count":0,"master_deck":["stsjorbsmod:ForbiddenGrimoire+1","stsjorbsmod:FreshAdventure","stsjorbsmod:EyeOfTheStorm+1","CurseOfTheBell","stsjorbsmod:FlameWard","stsjorbsmod:RayOfFrost+1","stsjorbsmod:FracturedMind","stsjorbsmod:Thorns+1","stsjorbsmod:TinyHut+1","stsjorbsmod:Rest+1","stsjorbsmod:GatherPower+1","stsjorbsmod:ArcaneWeapon+1","stsjorbsmod:Will","stsjorbsmod:ThirstingSword+1","stsjorbsmod:Patron+1","stsjorbsmod:Index+1","stsjorbsmod:ArcaneForm+1","stsjorbsmod:Fear","stsjorbsmod:Entangle+1","stsjorbsmod:Channel","stsjorbsmod:OldPocket+1","stsjorbsmod:Prestidigitation+1","stsjorbsmod:Mania","stsjorbsmod:ChainLightning+1","stsjorbsmod:FlameWard","stsjorbsmod:CorrodingBarrier+1","stsjorbsmod:Message","stsjorbsmod:Message+1","stsjorbsmod:BurningFlask+1","stsjorbsmod:MagicMissiles+1"],"relics":["Calling Bell","PreservedInsect","Gremlin Horn","CaptainsWheel","MealTicket","Darkstone Periapt","Frozen Egg 2","Ornamental Fan","Nunchaku","Pandora\u0027s Box","Sundial","Bag of Marbles","Oddly Smooth Stone","Art of War","Sozu","Centennial Puzzle","Blue Candle","CeramicFish","Girya"],"acts_visited":["Exordium","TheCity","TheBeyond"],"potions_floor_usage":[6,16,16,23,30,33,36],"damage_taken":[{"damage":0.0,"enemies":"2 Louse","floor":1.0,"turns":6.0},{"damage":4.0,"enemies":"Small Slimes","floor":2.0,"turns":6.0},{"damage":0.0,"enemies":"Cultist","floor":3.0,"turns":5.0},{"damage":6.0,"enemies":"Looter","floor":5.0,"turns":4.0},{"damage":15,"enemies":"Lagavulin","floor":6,"turns":7},{"damage":6,"enemies":"Gremlin Nob","floor":8,"turns":4},{"damage":0,"enemies":"Exordium Wildlife","floor":11,"turns":3},{"damage":0,"enemies":"3 Sentries","floor":13,"turns":5},{"damage":42,"enemies":"Hexaghost","floor":16,"turns":11},{"damage":0,"enemies":"Spheric Guardian","floor":18,"turns":6},{"damage":0,"enemies":"3 Byrds","floor":19,"turns":4},{"damage":5,"enemies":"Snake Plant","floor":21,"turns":6},{"damage":24,"enemies":"Slavers","floor":23,"turns":7},{"damage":0,"enemies":"Snecko","floor":25,"turns":4},{"damage":13,"enemies":"Shelled Parasite and Fungi","floor":27,"turns":6},{"damage":3,"enemies":"Gremlin Leader","floor":28,"turns":3},{"damage":7,"enemies":"Book of Stabbing","floor":30,"turns":4},{"damage":33,"enemies":"Collector","floor":33,"turns":7},{"damage":8,"enemies":"3 Darklings","floor":35,"turns":5},{"damage":24,"enemies":"3 Shapes","floor":36,"turns":7},{"damage":13,"enemies":"Jaw Worm Horde","floor":37,"turns":4},{"damage":0,"enemies":"Reptomancer","floor":40,"turns":5},{"damage":0,"enemies":"4 Shapes","floor":42,"turns":6},{"damage":11,"enemies":"Giant Head","floor":45,"turns":6},{"damage":7,"enemies":"Nemesis","floor":47,"turns":5},{"damage":1,"enemies":"3 Darklings","floor":48,"turns":3},{"damage":7,"enemies":"Donu and Deca","floor":50,"turns":7}],"seed_played":"6586044263121195857","potions_obtained":[{"floor":5.0,"key":"FearPotion"},{"floor":8,"key":"AttackPotion"},{"floor":11,"key":"Swift Potion"},{"floor":16,"key":"stsjorbsmod:BurningPotion"},{"floor":19,"key":"Energy Potion"},{"floor":25,"key":"FearPotion"},{"floor":27,"key":"Block Potion"},{"floor":33,"key":"DuplicationPotion"}],"is_trial":false,"path_per_floor":["M","M","M","?","M","E","R","E","T","R","M","?","E","?","R","B",null,"M","M","?","M","$","E","R","M","T","M","E","$","E","?","R","B",null,"M","M","M","?","$","E","R","M","T","R","E","R","E","M","R","B",null],"character_chosen":"WANDERER","items_purchased":["stsjorbsmod:Prestidigitation+1"],"campfire_rested":2,"item_purchase_floors":[22],"current_hp_per_floor":[63,59,59,52,46,33,33,27,27,48,48,48,48,48,48,6,56,56,56,56,51,66,42,42,42,42,42,41,56,49,36,58,25,63,55,31,27,27,42,68,68,68,68,68,59,59,52,51,51,66],"gold":965,"neow_bonus":"BOSS_RELIC","is_daily":false,"chose_seed":false,"campfire_upgraded":6,"win_rate":0.0,"timestamp":1611398573,"path_taken":["M","M","M","?","M","E","R","E","T","R","M","?","E","?","R","BOSS","M","M","?","M","$","E","R","M","T","M","E","$","E","?","R","BOSS","M","M","M","?","$","E","R","M","T","R","E","R","E","?","R","BOSS"],"items_purchased_type":["Card"],"build_version":"2020-12-18","purchased_purges":0,"victory":true,"max_hp_per_floor":[70,70,70,70,70,72,72,72,72,72,72,72,72,72,72,72,72,72,72,72,72,72,72,72,72,72,69,71,71,71,76,76,76,76,76,76,73,73,73,70,70,70,70,70,72,72,72,72,72,70],"relic_stats":{"Darkstone Periapt":0,"Gremlin Horn":[34,34],"counters":[27,146],"Blue Candle":[4],"CeramicFish":9,"PreservedInsect":437,"Sozu":4,"Nunchaku":[11],"Centennial Puzzle":[12],"Ornamental Fan":[52],"Sundial":[10],"MealTicket":45,"Pandora\u0027s Box":["stsjorbsmod:ArcaneWeapon","stsjorbsmod:Will","stsjorbsmod:ThirstingSword","stsjorbsmod:Patron","stsjorbsmod:Index","stsjorbsmod:ArcaneForm","stsjorbsmod:Fear","stsjorbsmod:Entangle"],"Art of War":[21],"obtain_stats":[{"Darkstone Periapt":6,"Girya":47,"Gremlin Horn":0,"Blue Candle":43,"CeramicFish":45,"Oddly Smooth Stone":28,"stsjorbsmod:GrimoireRelic":0,"PreservedInsect":0,"Frozen Egg 2":8,"Calling Bell":0,"Sozu":34,"CaptainsWheel":0,"Nunchaku":13,"Centennial Puzzle":40,"Ornamental Fan":9,"Sundial":23,"MealTicket":4,"Pandora\u0027s Box":17,"Bag of Marbles":26,"Art of War":30},{"Darkstone Periapt":5,"Girya":25,"Gremlin Horn":0,"Blue Candle":23,"CeramicFish":24,"Oddly Smooth Stone":16,"stsjorbsmod:GrimoireRelic":0,"PreservedInsect":0,"Frozen Egg 2":6,"Calling Bell":0,"Sozu":18,"CaptainsWheel":0,"Nunchaku":8,"Centennial Puzzle":22,"Ornamental Fan":6,"Sundial":13,"MealTicket":3,"Pandora\u0027s Box":9,"Bag of Marbles":14,"Art of War":17},{"Darkstone Periapt":28,"Girya":136,"Gremlin Horn":0,"Blue Candle":125,"CeramicFish":131,"Oddly Smooth Stone":87,"stsjorbsmod:GrimoireRelic":0,"PreservedInsect":0,"Frozen Egg 2":32,"Calling Bell":0,"Sozu":98,"CaptainsWheel":0,"Nunchaku":40,"Centennial Puzzle":119,"Ornamental Fan":32,"Sundial":74,"MealTicket":17,"Pandora\u0027s Box":51,"Bag of Marbles":78,"Art of War":91}]},"card_choices":[{"not_picked":["stsjorbsmod:FracturedMind","stsjorbsmod:AnimateObjects"],"picked":"stsjorbsmod:FlameWard","floor":1.0},{"not_picked":["stsjorbsmod:WeightOfMemory","stsjorbsmod:Introspection"],"picked":"stsjorbsmod:RayOfFrost","floor":2.0},{"not_picked":["stsjorbsmod:Will","stsjorbsmod:UnseenServant"],"picked":"stsjorbsmod:FracturedMind","floor":3.0},{"not_picked":["stsjorbsmod:FracturedMind","stsjorbsmod:RefuseToForget","stsjorbsmod:SchoolsOfMagic"],"picked":"SKIP","floor":5.0},{"not_picked":["stsjorbsmod:DoubleCheck","stsjorbsmod:FlameWard"],"picked":"stsjorbsmod:Thorns","floor":6},{"not_picked":["stsjorbsmod:Firebolt","stsjorbsmod:FaerieFire","stsjorbsmod:UnseenServant"],"picked":"SKIP","floor":8},{"not_picked":["stsjorbsmod:WeightOfMemory","stsjorbsmod:WanderingMind"],"picked":"stsjorbsmod:TinyHut+1","floor":11},{"not_picked":["stsjorbsmod:TollTheDead","stsjorbsmod:MageArmor"],"picked":"stsjorbsmod:Rest","floor":13},{"not_picked":["stsjorbsmod:Fear","stsjorbsmod:IvoryTower"],"picked":"stsjorbsmod:GatherPower","floor":16},{"not_picked":["stsjorbsmod:Hibernate","stsjorbsmod:Mindworm"],"picked":"stsjorbsmod:Channel","floor":18},{"not_picked":["stsjorbsmod:UnseenServant","stsjorbsmod:MagicMissiles","stsjorbsmod:ArcaneWeapon+1"],"picked":"SKIP","floor":19},{"not_picked":["stsjorbsmod:Rest+1","stsjorbsmod:WeightOfMemory"],"picked":"stsjorbsmod:OldPocket","floor":21},{"not_picked":["stsjorbsmod:RefuseToForget","stsjorbsmod:UnseenServant"],"picked":"stsjorbsmod:Mania","floor":23},{"not_picked":["stsjorbsmod:BlackTentacles+1","stsjorbsmod:AnimateObjects"],"picked":"stsjorbsmod:ChainLightning+1","floor":25},{"not_picked":["stsjorbsmod:Hurt","stsjorbsmod:MageArmor","stsjorbsmod:WeightOfMemory"],"picked":"SKIP","floor":27},{"not_picked":["stsjorbsmod:FaerieFire","stsjorbsmod:Channel","stsjorbsmod:Mending"],"picked":"SKIP","floor":28},{"not_picked":["stsjorbsmod:WeightOfMemory","stsjorbsmod:BurningFlask"],"picked":"stsjorbsmod:FlameWard","floor":30},{"not_picked":["stsjorbsmod:ArcaneForm+1","stsjorbsmod:Fireball"],"picked":"stsjorbsmod:CorrodingBarrier","floor":33},{"not_picked":["stsjorbsmod:ChatteringStrike","stsjorbsmod:LoseGrip"],"picked":"stsjorbsmod:Message","floor":35},{"not_picked":["stsjorbsmod:Hibernate+1","stsjorbsmod:BurningFlask"],"picked":"stsjorbsmod:Message+1","floor":36},{"not_picked":["stsjorbsmod:MistyStep","stsjorbsmod:Inferno"],"picked":"stsjorbsmod:BurningFlask+1","floor":37},{"not_picked":["stsjorbsmod:BookOfTongues+1","stsjorbsmod:BlackTentacles+1","stsjorbsmod:Hibernate+1"],"picked":"SKIP","floor":40},{"not_picked":["stsjorbsmod:Pyromancy+1","stsjorbsmod:Mending+1","stsjorbsmod:Mindworm+1"],"picked":"SKIP","floor":42},{"not_picked":["stsjorbsmod:ChainLightning+1","stsjorbsmod:Message+1"],"picked":"stsjorbsmod:MagicMissiles+1","floor":45},{"not_picked":["stsjorbsmod:HoldMonster","stsjorbsmod:LoseGrip","stsjorbsmod:Aid+1"],"picked":"SKIP","floor":47},{"not_picked":["stsjorbsmod:Introspection+1","stsjorbsmod:MageArmor","stsjorbsmod:RayOfFrost+1"],"picked":"SKIP","floor":48}],"player_experience":2212898,"relics_obtained":[{"floor":0.0,"key":"PreservedInsect"},{"floor":0.0,"key":"Gremlin Horn"},{"floor":0.0,"key":"CaptainsWheel"},{"floor":6,"key":"Darkstone Periapt"},{"floor":8,"key":"Frozen Egg 2"},{"floor":9,"key":"Ornamental Fan"},{"floor":13,"key":"Nunchaku"},{"floor":23,"key":"Sundial"},{"floor":26,"key":"Bag of Marbles"},{"floor":28,"key":"Oddly Smooth Stone"},{"floor":30,"key":"Art of War"},{"floor":40,"key":"Centennial Puzzle"},{"floor":43,"key":"Blue Candle"},{"floor":45,"key":"CeramicFish"},{"floor":47,"key":"Girya"}],"event_choices":[{"damage_healed":0.0,"max_hp_gain":0.0,"max_hp_loss":0.0,"gold_gain":0.0,"event_name":"Scrap Ooze","player_choice":"Success","floor":4.0,"gold_loss":0.0,"damage_taken":7.0,"relics_obtained":["MealTicket"]},{"damage_healed":0,"gold_gain":0,"player_choice":"Ignored","damage_taken":0,"max_hp_gain":0,"max_hp_loss":0,"event_name":"Liars Game","floor":12,"gold_loss":0},{"damage_healed":0,"gold_gain":0,"player_choice":"Searched \u00270\u0027 times","damage_taken":0,"max_hp_gain":0,"max_hp_loss":0,"event_name":"Dead Adventurer","floor":14,"gold_loss":0},{"damage_healed":0,"gold_gain":99,"player_choice":"Stole From Cult","damage_taken":0,"max_hp_gain":0,"max_hp_loss":0,"event_name":"Nest","floor":20,"gold_loss":0},{"damage_healed":0,"gold_gain":0,"player_choice":"Shed Blood","damage_taken":18,"max_hp_gain":5,"max_hp_loss":0,"event_name":"Forgotten Altar","floor":31,"gold_loss":0},{"damage_healed":0,"gold_gain":0,"player_choice":"Bought 0 Potions","damage_taken":0,"max_hp_gain":0,"max_hp_loss":0,"event_name":"The Woman in Blue","floor":38,"gold_loss":0}],"is_beta":true,"boss_relics":[{"not_picked":["Tiny House","Runic Pyramid"],"picked":"Pandora\u0027s Box"},{"not_picked":["Black Star","Busted Crown"],"picked":"Sozu"}],"items_purged_floors":[],"is_endless":false,"potions_floor_spawned":[5,8,11,16,19,25,27,28,33,37,42,45,48],"ascension_level":7}}