{"host":"atc9njsbcy6dgluf","time":1611424988,"event":{"mods":["BaseMod","Better Match","Infinite Spire","Minty Spire (QoL Compilation)","StSLib"],"gold_per_floor":[112,126,141,159,159,194,194,204,204,204,220,233,233,252,252,366,366,391,442,252,272,278,278],"floor_reached":22,"language":"ENG","playtime":2040,"items_purged":[],"score":269,"play_id":"bd188200-27e6-41d8-9350-0256ceaa56e8","local_time":"20210123190308","is_ascension_mode":true,"campfire_choices":[{"floor":7.0,"key":"REST"},{"floor":10.0,"key":"REST"},{"data":"Streamline","floor":13.0,"key":"SMITH"},{"floor":15.0,"key":"REST"}],"circlet_count":0,"master_deck":["Strike_B","Strike_B","Strike_B","Strike_B","Defend_B","Defend_B","Defend_B","Defend_B","Zap","Dualcast","Storm","Gash","Gash","Streamline+1","Defragment","Scrape","Creative AI","CurseOfTheBell","Hologram","Hologram","Storm","Gash"],"relics":["Cracked Core","infinitespire:Lychee Nut","Pear","infinitespire:Midas Blood","Calling Bell","Happy Flower","Ginger","infinitespire:BottledMercury","infinitespire:Freezer"],"acts_visited":["Exordium","TheCity"],"potions_floor_usage":[21,21,21,22],"damage_taken":[{"damage":2.0,"enemies":"Jaw Worm","floor":1.0,"turns":3.0},{"damage":11.0,"enemies":"Cultist","floor":2.0,"turns":4.0},{"damage":5.0,"enemies":"Small Slimes","floor":3.0,"turns":2.0},{"damage":12.0,"enemies":"Exordium Wildlife","floor":4.0,"turns":2.0},{"damage":35.0,"enemies":"3 Sentries","floor":6.0,"turns":7.0},{"damage":39.0,"enemies":"Exordium Thugs","floor":8.0,"turns":6.0},{"damage":11.0,"enemies":"2 Fungi Beasts","floor":11.0,"turns":3.0},{"damage":8.0,"enemies":"Large Slime","floor":12.0,"turns":5.0},{"damage":11.0,"enemies":"Blue Slaver","floor":14.0,"turns":3.0},{"damage":30.0,"enemies":"The Guardian","floor":16.0,"turns":10.0},{"damage":47.0,"enemies":"2 Thieves","floor":18.0,"turns":4.0},{"damage":21,"enemies":"3 Byrds","floor":19,"turns":7},{"damage":21,"enemies":"Centurion and Healer","floor":21,"turns":4},{"damage":33,"enemies":"Masked Bandits","floor":22,"turns":3}],"seed_played":"7953047709119674666","potions_obtained":[{"floor":1.0,"key":"CultistPotion"},{"floor":2.0,"key":"SteroidPotion"},{"floor":11.0,"key":"GamblersBrew"},{"floor":12.0,"key":"FairyPotion"},{"floor":19,"key":"EntropicBrew"}],"is_trial":false,"path_per_floor":["M","M","M","M","?","E","R","M","T","R","M","M","R","M","R","B",null,"M","M","$","M","?"],"character_chosen":"DEFECT","items_purchased":["infinitespire:Freezer","Storm"],"campfire_rested":3,"item_purchase_floors":[20,20],"current_hp_per_floor":[73,62,57,45,45,26,47,14,14,35,29,27,27,21,42,18,58,17,2,2,15,0,0],"gold":278,"neow_bonus":"TEN_PERCENT_HP_BONUS","is_daily":false,"chose_seed":false,"campfire_upgraded":1,"win_rate":0.0,"timestamp":1611424988,"path_taken":["M","M","M","M","?","E","R","M","T","R","M","M","R","M","R","BOSS","M","?","$","?","?"],"items_purchased_type":["Relic","Card"],"build_version":"2020-12-22","purchased_purges":0,"victory":false,"max_hp_per_floor":[82,82,82,82,61,71,71,71,71,71,71,71,71,71,71,71,71,71,71,71,71,71,71],"card_choices":[{"not_picked":["Force Field","Chaos"],"picked":"Storm","floor":1.0},{"not_picked":["Lockon","Redo","Leap"],"picked":"SKIP","floor":2.0},{"not_picked":["Coolheaded","Steam Power","Stack"],"picked":"SKIP","floor":3.0},{"not_picked":["Meteor Strike","Turbo"],"picked":"Gash","floor":4.0},{"not_picked":["Coolheaded","Redo","Thunder Strike"],"picked":"SKIP","floor":6.0},{"not_picked":["Compile Driver","Rebound"],"picked":"Gash","floor":8.0},{"not_picked":["Hyperbeam","Go for the Eyes"],"picked":"Streamline","floor":11.0},{"not_picked":["Rebound","Recycle"],"picked":"Defragment","floor":12.0},{"not_picked":["Beam Cell","Aggregate"],"picked":"Scrape","floor":14.0},{"not_picked":["Core Surge","Biased Cognition"],"picked":"Creative AI","floor":16.0},{"not_picked":["Compile Driver+1","Undo"],"picked":"Hologram","floor":18.0},{"not_picked":["Rebound","Beam Cell"],"picked":"Hologram","floor":19},{"not_picked":["Barrage","Hello World+1"],"picked":"Gash","floor":21}],"player_experience":582893,"relics_obtained":[{"floor":5.0,"key":"infinitespire:Lychee Nut"},{"floor":6.0,"key":"Pear"},{"floor":9.0,"key":"infinitespire:Midas Blood"},{"floor":17.0,"key":"Happy Flower"},{"floor":17.0,"key":"Ginger"},{"floor":17.0,"key":"infinitespire:BottledMercury"}],"event_choices":[{"damage_healed":0.0,"max_hp_gain":0.0,"max_hp_loss":0.0,"gold_gain":0.0,"event_name":"Wheel of Change","player_choice":"Relic","floor":5.0,"gold_loss":0.0,"damage_taken":0.0},{"damage_healed":0,"gold_gain":0,"player_choice":"Fought Bandits","damage_taken":0,"max_hp_gain":0,"max_hp_loss":0,"event_name":"Masked Bandits","floor":22,"gold_loss":0}],"is_beta":false,"boss_relics":[{"not_picked":["Runic Dome","Ectoplasm"],"picked":"Calling Bell"}],"items_purged_floors":[],"is_endless":false,"potions_floor_spawned":[1,2,11,12,19],"killed_by":"Masked Bandits","ascension_level":8}}