{"host":"awrw1gk2acwismlg","time":1611444617,"event":{"mods":["100% Spire Juice","ATMod(°¢èªMod)","BaseMod","Bestiary","Challenge The Spire","Hero for Fun","KinomotoSakuraMod(Ä¾Ö®±¾Ó£)","Marisa£¨ìFÓê¡¡Ä§ÀíÉ³£©","Minty Spire (QoL Compilation)","Remilia_Scarlet Moed£¨ÀÙÃ×ÀòÑÇ¡¤Ë¹¿¨À×ÌØ£©3.3.5","Remilia£¨ÀÙÃ×ÀòÑÇ£©","Robot Space Explorer","Small Relic Pack","Spicy Shops","StSLib","The Dragon Tamer","Wide Potions","Yakumo Yukari mod","Youmu£¨»êÆÇÑýÃÎ£©","¡¾ÒÅÎï¿¨ÅÆ¡¿REMEMod","óô»ðÖ¸ÄÏ"],"gold_per_floor":[354,354,469,585,717,717,290,290,437,565,705,705,216,216,367,535,669,893],"floor_reached":19,"language":"ZHS","playtime":447,"items_purged":["Doubt"],"score":6305,"play_id":"83613400-89c8-46df-934d-35a4dda120e6","local_time":"20210124073017","daily_mods":["challengethespire:Platinum Difficulty","challengethespire:Modded Boss Rush","Uncertain Future"],"is_ascension_mode":true,"campfire_choices":[{"data":"Strike_Y","floor":2,"key":"SMITH"},{"data":"Defend_Y","floor":8,"key":"PURGE"},{"data":"Malaise+1","floor":14,"key":"PURGE"}],"circlet_count":0,"master_deck":["AscendersBane","Strike_Y+1","Strike_Y","Strike_Y","Strike_Y","Strike_Y","Defend_Y","Defend_Y","Defend_Y","Defend_Y","AT_EmpoweredMortalDraw+1","Toss_Stone+1","Slap+1","Slap+1","Consecutive_Normal_Punch+1","Serious_Punch+1","Get_Hopes_Up+1","REME_TwoStrings+1","Normal_Punch+1","Consecutive_Normal_Punch+1","Oh+1","AT_EmpoweredMortalDraw+1","Oh+1","Hip_Strike+1","Hop+1"],"relics":["Cape","The Courier","Molten Egg 2","Toxic Egg 2","Frozen Egg 2","AT_ATBox","REME_ComplimentaryCards","REME_IWantAll","AntiCross","REME_ArchaeologicalTools","AT_EbonyIvory","Snecko Eye","ClockworkSouvenir","Peace Pipe","REME_PuzzleBoxRelic","Mercury Hourglass","Akabeko","AT_MortalBlade","AT_SpeedBoots","REME_HandOfSuture","CaptainsWheel","Lantern","Letter Opener","Bag of Marbles","Anchor"],"acts_visited":["Exordium"],"potions_floor_usage":[],"damage_taken":[{"damage":0,"enemies":"Slime Boss","floor":3,"turns":1},{"damage":0,"enemies":"The Guardian","floor":4,"turns":1},{"damage":0,"enemies":"Hexaghost","floor":5,"turns":1},{"damage":0,"enemies":"Champ","floor":9,"turns":1},{"damage":0,"enemies":"Collector","floor":10,"turns":1},{"damage":0,"enemies":"Automaton","floor":11,"turns":1},{"damage":0,"enemies":"Awakened One","floor":15,"turns":2},{"damage":0,"enemies":"Donu and Deca","floor":16,"turns":2},{"damage":0,"enemies":"Time Eater","floor":17,"turns":1},{"damage":0,"enemies":"The Heart","floor":18,"turns":6}],"seed_played":"-964648920438892295","potions_obtained":[{"floor":3,"key":"Swift Potion"},{"floor":4,"key":"Fire Potion"}],"is_trial":true,"path_per_floor":["$","R","M","M","M","T","R","R","M","M","M","T","$","R","M","M","M","M",null],"character_chosen":"OPM","items_purchased":["Toss_Stone+1","REME_IWantAll","Slap+1","Slap+1","ClockworkSouvenir","Peace Pipe","REME_TwoStrings+1","AT_SpeedBoots","REME_HandOfSuture","CaptainsWheel"],"campfire_rested":0,"item_purchase_floors":[1,1,1,1,7,7,7,13,13,13],"current_hp_per_floor":[896,896,896,896,896,896,896,896,896,896,896,896,896,896,896,896,896,896],"gold":893,"neow_bonus":"","is_daily":false,"chose_seed":false,"campfire_upgraded":1,"win_rate":0.0,"timestamp":1611444617,"path_taken":["$","R","M","M","M","T","R","R","M","M","M","T","$","R","M","M","M","M"],"items_purchased_type":["Card","Relic","Card","Card","Relic","Relic","Card","Relic","Relic","Relic"],"build_version":"2020-12-22","purchased_purges":1,"victory":true,"max_hp_per_floor":[995,995,995,995,995,995,995,995,995,995,995,995,995,995,995,995,995,995],"card_choices":[],"player_experience":37876,"relics_obtained":[{"floor":3,"key":"AntiCross"},{"floor":4,"key":"REME_ArchaeologicalTools"},{"floor":5,"key":"AT_EbonyIvory"},{"floor":9,"key":"REME_PuzzleBoxRelic"},{"floor":10,"key":"Mercury Hourglass"},{"floor":11,"key":"Akabeko"},{"floor":15,"key":"Lantern"},{"floor":16,"key":"Letter Opener"},{"floor":17,"key":"Bag of Marbles"},{"floor":18,"key":"Anchor"}],"event_choices":[],"is_beta":false,"boss_relics":[{"not_picked":["Coffee Dripper","Pandora\u0027s Box"],"picked":"Snecko Eye"},{"not_picked":["Ectoplasm","REME_ChargedStone"],"picked":"AT_MortalBlade"}],"items_purged_floors":[7],"is_endless":false,"potions_floor_spawned":[3,4,16,17,18],"ascension_level":20}}