{"host":"t179ovrkr5k1gnfh","time":1611426551,"event":{"mods":["AchievementEnabler","BaseMod","Colored Map","Minty Spire (QoL Compilation)"],"gold_per_floor":[17,17,31,51,2,34,64,64,64,64,64,64,139,160,160,283,283,297,146,185,185,185,226,239,257,282,318,336,336,356,377,377,505,505,518,518,851,398,398,398,416,416,441,134,148,168,218,237,237,237,237,237,39,66,66],"floor_reached":56,"language":"ENG","playtime":3428,"items_purged":["Strike_R","Strike_R","Defend_R","Strike_R"],"score":1235,"play_id":"f2ab60c0-e83b-4e78-9d78-6e6e1bfc674f","local_time":"20210123192911","is_ascension_mode":false,"campfire_choices":[{"data":"Body Slam","floor":8,"key":"SMITH"},{"data":"Metallicize","floor":10,"key":"SMITH"},{"floor":15,"key":"REST"},{"data":"Iron Wave","floor":29,"key":"SMITH"},{"data":"Bludgeon","floor":32,"key":"SMITH"},{"floor":40,"key":"RECALL"},{"floor":42,"key":"REST"},{"floor":49,"key":"REST"},{"floor":52,"key":"REST"}],"circlet_count":0,"master_deck":["Strike_R","Strike_R","Defend_R","Defend_R","Bash","Bludgeon+1","Body Slam+1","Metallicize+1","Iron Wave+1","Shrug It Off","Impervious","Clothesline","Entrench","Burning Pact+1","Flame Barrier+1","Seeing Red","Offering","Uppercut+1","Metallicize","True Grit","Metallicize","Armaments+1"],"relics":["Burning Blood","Incense Burner","Mummified Hand","Bottled Flame","Snecko Eye","Red Mask","Anchor","Potion Belt","TungstenRod","Fusion Hammer","Matryoshka","Red Skull","Lantern","Ginger","Strawberry"],"acts_visited":["Exordium","TheCity","TheBeyond","TheEnding"],"potions_floor_usage":[6,16,16,23,27,28,48,55,55,55,55],"damage_taken":[{"damage":11,"enemies":"Jaw Worm","floor":1,"turns":2},{"damage":0,"enemies":"Cultist","floor":3,"turns":2},{"damage":0,"enemies":"Small Slimes","floor":4,"turns":2},{"damage":23,"enemies":"Lagavulin","floor":6,"turns":6},{"damage":7,"enemies":"Blue Slaver","floor":14,"turns":2},{"damage":20,"enemies":"Slime Boss","floor":16,"turns":10},{"damage":10,"enemies":"Spheric Guardian","floor":18,"turns":4},{"damage":9,"enemies":"Masked Bandits","floor":20,"turns":4},{"damage":13,"enemies":"Gremlin Leader","floor":23,"turns":8},{"damage":1,"enemies":"2 Thieves","floor":24,"turns":4},{"damage":4,"enemies":"Centurion and Healer","floor":25,"turns":5},{"damage":5,"enemies":"Book of Stabbing","floor":27,"turns":3},{"damage":9,"enemies":"Sentry and Sphere","floor":28,"turns":7},{"damage":0,"enemies":"3 Cultists","floor":30,"turns":6},{"damage":0,"enemies":"Centurion and Healer","floor":31,"turns":5},{"damage":5,"enemies":"Champ","floor":33,"turns":10},{"damage":5,"enemies":"3 Darklings","floor":35,"turns":5},{"damage":5,"enemies":"3 Shapes","floor":41,"turns":3},{"damage":5,"enemies":"Sphere and 2 Shapes","floor":45,"turns":2},{"damage":5,"enemies":"Maw","floor":46,"turns":6},{"damage":8,"enemies":"Mind Bloom Boss Battle","floor":47,"turns":4},{"damage":5,"enemies":"3 Darklings","floor":48,"turns":6},{"damage":5,"enemies":"Donu and Deca","floor":50,"turns":9},{"damage":5,"enemies":"Shield and Spear","floor":54,"turns":4},{"damage":93,"enemies":"The Heart","floor":55,"turns":14}],"seed_played":"2716617966482144605","potions_obtained":[{"floor":1,"key":"LiquidBronze"},{"floor":2,"key":"BlessingOfTheForge"},{"floor":2,"key":"Explosive Potion"},{"floor":14,"key":"BloodPotion"},{"floor":18,"key":"ColorlessPotion"},{"floor":24,"key":"DuplicationPotion"},{"floor":28,"key":"Fruit Juice"},{"floor":30,"key":"BloodPotion"},{"floor":33,"key":"Block Potion"},{"floor":35,"key":"AttackPotion"}],"is_trial":false,"path_per_floor":["M","?","M","M","$","E","?","R","T","R","?","T","?","M","R","B",null,"M","$","?","?","?","E","M","M","T","E","M","R","M","M","R","B",null,"M","?","?","$","?","R","M","R","T","$","M","M","?","M","R","B",null,"R","$","E","B",null],"character_chosen":"IRONCLAD","items_purchased":["Iron Wave","Entrench","Metallicize","Matryoshka","True Grit","Metallicize","Lantern","Dexterity Potion"],"campfire_rested":4,"item_purchase_floors":[5,19,38,38,38,44,44,53],"current_hp_per_floor":[75,75,80,80,80,63,63,63,63,63,43,43,32,31,55,41,80,76,76,73,73,73,66,71,73,73,74,76,76,82,85,85,85,85,85,85,85,85,85,85,85,85,85,85,85,85,83,84,85,85,85,85,85,92,41],"gold":66,"neow_bonus":"THREE_RARE_CARDS","is_daily":false,"chose_seed":false,"campfire_upgraded":4,"win_rate":0.0,"timestamp":1611426551,"path_taken":["M","?","?","M","$","E","?","R","T","R","?","?","?","M","R","BOSS","M","$","?","?","?","E","M","M","T","E","M","R","M","M","R","BOSS","M","?","?","$","?","R","M","R","T","$","M","?","?","M","R","BOSS","R","$","E","BOSS"],"items_purchased_type":["Card","Card","Card","Relic","Card","Card","Relic","Potion"],"build_version":"2020-12-22","purchased_purges":4,"victory":true,"max_hp_per_floor":[80,80,80,80,80,80,80,80,80,80,80,80,80,80,80,80,80,80,80,80,80,80,80,80,80,80,80,85,85,85,85,85,85,85,85,85,85,85,85,85,85,85,85,85,85,85,85,85,85,85,85,85,85,92,92],"card_choices":[{"not_picked":["Berserk","Double Tap"],"picked":"Bludgeon","floor":0},{"not_picked":["Shockwave","Infernal Blade"],"picked":"Body Slam","floor":1},{"not_picked":["Sever Soul","Clash","Headbutt"],"picked":"SKIP","floor":3},{"not_picked":["Searing Blow","Blood for Blood"],"picked":"Metallicize","floor":4},{"not_picked":["Demon Form","Thunderclap","Cleave"],"picked":"SKIP","floor":6},{"not_picked":["Havoc","Thunderclap"],"picked":"Shrug It Off","floor":14},{"not_picked":["Corruption","Berserk"],"picked":"Impervious","floor":16},{"not_picked":["Bloodletting","Headbutt"],"picked":"Clothesline","floor":18},{"not_picked":["Body Slam","Rampage"],"picked":"Burning Pact+1","floor":20},{"not_picked":["Second Wind","Cleave","Sword Boomerang"],"picked":"SKIP","floor":23},{"not_picked":["Body Slam","Inflame"],"picked":"Flame Barrier+1","floor":24},{"not_picked":["Clothesline","Sword Boomerang","Twin Strike+1"],"picked":"SKIP","floor":25},{"not_picked":["Wild Strike+1","Anger","Clothesline"],"picked":"SKIP","floor":27},{"not_picked":["Anger+1","Wild Strike","Flex"],"picked":"SKIP","floor":28},{"not_picked":["Anger+1","Wild Strike","Flex"],"picked":"SKIP","floor":28},{"not_picked":["Thunderclap","Twin Strike","Shrug It Off"],"picked":"SKIP","floor":30},{"not_picked":["Searing Blow","Twin Strike+1"],"picked":"Seeing Red","floor":31},{"not_picked":["Double Tap","Brutality"],"picked":"Offering","floor":33},{"not_picked":["Iron Wave","Sever Soul"],"picked":"Uppercut+1","floor":35},{"not_picked":["Cleave+1","Thunderclap","Headbutt+1"],"picked":"SKIP","floor":41},{"not_picked":["Anger+1","Entrench"],"picked":"Armaments+1","floor":45},{"not_picked":["Second Wind+1","Fire Breathing+1","Pommel Strike"],"picked":"SKIP","floor":46},{"not_picked":["Evolve+1","Iron Wave","Carnage"],"picked":"SKIP","floor":48},{"not_picked":["Headbutt+1","Clothesline","Wild Strike+1"],"picked":"SKIP","floor":54}],"player_experience":96653,"relics_obtained":[{"floor":6,"key":"Incense Burner"},{"floor":9,"key":"Mummified Hand"},{"floor":12,"key":"Bottled Flame"},{"floor":20,"key":"Red Mask"},{"floor":23,"key":"Anchor"},{"floor":26,"key":"Potion Belt"},{"floor":27,"key":"TungstenRod"},{"floor":43,"key":"Red Skull"},{"floor":47,"key":"Ginger"},{"floor":54,"key":"Strawberry"}],"event_choices":[{"damage_healed":0,"gold_gain":0,"player_choice":"Got Potions","damage_taken":0,"max_hp_gain":0,"max_hp_loss":0,"event_name":"Lab","floor":2,"gold_loss":0},{"damage_healed":0,"gold_gain":30,"player_choice":"Searched \u00271\u0027 times","damage_taken":0,"max_hp_gain":0,"max_hp_loss":0,"event_name":"Dead Adventurer","floor":7,"gold_loss":0},{"damage_healed":0,"gold_gain":0,"player_choice":"Take Damage","damage_taken":20,"relics_obtained":["Golden Idol"],"max_hp_gain":0,"max_hp_loss":0,"event_name":"Golden Idol","floor":11,"gold_loss":0},{"damage_healed":0,"gold_gain":75,"player_choice":"Gather Gold","damage_taken":11,"max_hp_gain":0,"max_hp_loss":0,"event_name":"World of Goop","floor":13,"gold_loss":0},{"damage_healed":0,"gold_gain":0,"player_choice":"Fought Bandits","damage_taken":0,"max_hp_gain":0,"max_hp_loss":0,"event_name":"Masked Bandits","floor":20,"gold_loss":0},{"cards_removed":["Defend_R"],"damage_healed":0,"gold_gain":0,"player_choice":"Elegance","damage_taken":0,"max_hp_gain":0,"max_hp_loss":0,"event_name":"Back to Basics","floor":21,"gold_loss":0},{"damage_healed":0,"gold_gain":0,"player_choice":"Ignored","damage_taken":0,"max_hp_gain":0,"max_hp_loss":0,"event_name":"Ghosts","floor":22,"gold_loss":0},{"damage_healed":0,"gold_gain":0,"player_choice":"Memory 1","damage_taken":0,"max_hp_gain":0,"max_hp_loss":0,"event_name":"SensoryStone","floor":36,"gold_loss":0},{"damage_healed":0,"gold_gain":333,"player_choice":"Gave Idol","damage_taken":0,"max_hp_gain":0,"max_hp_loss":0,"event_name":"The Moai Head","floor":37,"relics_lost":["Golden Idol"],"gold_loss":0},{"damage_healed":0,"gold_gain":0,"player_choice":"0 cards matched","damage_taken":0,"max_hp_gain":0,"max_hp_loss":0,"event_name":"Match and Keep!","floor":39,"gold_loss":0,"cards_obtained":[]},{"damage_healed":0,"gold_gain":0,"player_choice":"Fight","damage_taken":0,"max_hp_gain":0,"max_hp_loss":0,"event_name":"MindBloom","floor":47,"gold_loss":0}],"is_beta":false,"boss_relics":[{"not_picked":["Black Star","Runic Cube"],"picked":"Snecko Eye"},{"not_picked":["Philosopher\u0027s Stone","Runic Dome"],"picked":"Fusion Hammer"}],"items_purged_floors":[19,38,44,53],"is_endless":false,"potions_floor_spawned":[1,3,14,18,24,28,30,33,35],"ascension_level":0}}