{"host":"ye2yc4zsa4mr9ewr","time":1611392783,"event":{"mods":["BaseMod","Downfall","Minty Spire (QoL Compilation)","Relic Stats","StSLib"],"gold_per_floor":[99,99,117,136,5,33,56,66,78,104,122,136,153,170,182,182,182,182],"floor_reached":16,"language":"ENG","playtime":1015,"items_purged":[],"score":124,"play_id":"a8f2696e-8a57-4388-8b80-7f8c06ac310d","local_time":"20210123030623","is_ascension_mode":true,"campfire_choices":[{"floor":1,"key":"RECALL"}],"circlet_count":0,"master_deck":["bronze:Strike","bronze:Strike","bronze:Strike","bronze:Strike","bronze:Defend","bronze:Defend","bronze:Defend","bronze:Defend+1","bronze:Replicate","bronze:Goto","bronze:WhirlingStrike","bronze:FineTuning+1","Flash of Steel+1","bronze:Repulsor","bronze:ClassDefault","bronze:OilSpill+1","bronze:Shell","bronze:Shield","bronze:Deprecate","bronze:FollowUp","bronze:Frontload"],"relics":["bronze:BronzeCore","Bag of Preparation","War Paint","Vajra","Whetstone"],"acts_visited":["Exordium"],"potions_floor_usage":[6,6,10,10,12,12,12,12,16],"damage_taken":[{"damage":2,"enemies":"Jaw Worm","floor":3,"turns":5},{"damage":1,"enemies":"Cultist","floor":4,"turns":3},{"damage":0,"enemies":"downfall:FleeingMerchant","floor":5,"turns":4},{"damage":25,"enemies":"Gremlin Nob","floor":6,"turns":3},{"damage":0,"enemies":"Small Slimes","floor":8,"turns":3},{"damage":0,"enemies":"3 Louse","floor":9,"turns":1},{"damage":30,"enemies":"Lagavulin","floor":10,"turns":4},{"damage":2,"enemies":"Blue Slaver","floor":11,"turns":2},{"damage":0,"enemies":"Red Slaver","floor":12,"turns":1},{"damage":0,"enemies":"3 Louse","floor":13,"turns":2},{"damage":2,"enemies":"Blue Slaver","floor":14,"turns":2},{"damage":0,"enemies":"2 Fungi Beasts","floor":15,"turns":2},{"damage":11,"enemies":"DF_ARCHETYPE_STREAMLINE","floor":16,"turns":9}],"seed_played":"-327119063828695541","potions_obtained":[{"floor":2,"key":"BlessingOfTheForge"},{"floor":2,"key":"bronze:BurnAndBuffPotion"},{"floor":2,"key":"champ:CounterPotion"},{"floor":3,"key":"Fire Potion"},{"floor":8,"key":"EntropicBrew"},{"floor":11,"key":"EntropicBrew"}],"is_trial":false,"path_per_floor":["R","?","M","M","$","E","T","M","M","E","M","M","M","M","M","B"],"character_chosen":"THE_AUTOMATON","items_purchased":["Flash of Steel","bronze:Repulsor"],"campfire_rested":0,"item_purchase_floors":[5,5],"current_hp_per_floor":[70,70,68,67,67,42,42,42,42,12,10,10,10,8,8,0,0,0],"gold":182,"neow_bonus":"RANDOM_COMMON_RELIC","is_daily":false,"chose_seed":false,"campfire_upgraded":0,"win_rate":0.0,"timestamp":1611392783,"path_taken":["R","?","M","M","$","E","T","M","M","E","M","M","M","?","M","BOSS"],"items_purchased_type":["Card","Card"],"build_version":"2020-12-22","purchased_purges":0,"victory":false,"max_hp_per_floor":[70,70,70,70,70,70,70,70,70,70,70,70,70,70,70,70,70,70],"relic_stats":{"counters":[13,41],"Bag of Preparation":[26],"Whetstone":["Flash of Steel","bronze:OilSpill"],"War Paint":["bronze:Defend","bronze:FineTuning"],"obtain_stats":[{"bronze:BronzeCore":0,"Vajra":7,"Bag of Preparation":0,"Whetstone":10,"War Paint":6},{"bronze:BronzeCore":0,"Vajra":4,"Bag of Preparation":0,"Whetstone":7,"War Paint":4},{"bronze:BronzeCore":0,"Vajra":15,"Bag of Preparation":0,"Whetstone":23,"War Paint":15}]},"card_choices":[{"not_picked":["bronze:Frontload","bronze:Terminator"],"picked":"bronze:WhirlingStrike","floor":3},{"not_picked":["bronze:Philosophize","bronze:ItsAFeature"],"picked":"bronze:FineTuning","floor":4},{"not_picked":["bronze:WhirlingStrike","bronze:Return","bronze:BugBarrage"],"picked":"SKIP","floor":5},{"not_picked":["bronze:Safeguard","bronze:BuggyMess"],"picked":"bronze:ClassDefault","floor":6},{"not_picked":["bronze:GetLatest","bronze:CleanCode"],"picked":"bronze:OilSpill","floor":8},{"not_picked":["bronze:ItsAFeature","bronze:Return","bronze:Frontload"],"picked":"SKIP","floor":9},{"not_picked":["bronze:WildBeam","bronze:BugBarrage"],"picked":"bronze:Shell","floor":10},{"not_picked":["bronze:Branch","bronze:Philosophize"],"picked":"bronze:Shield","floor":11},{"not_picked":["bronze:CutThrough","bronze:Turbo"],"picked":"bronze:Deprecate","floor":12},{"not_picked":["bronze:Return","bronze:DelayedSlice"],"picked":"bronze:FollowUp","floor":13},{"not_picked":["bronze:DelayedGuard","bronze:DelayedSlice"],"picked":"bronze:Frontload","floor":14},{"not_picked":["bronze:Separator","bronze:DarkDash","bronze:Backtrace"],"picked":"SKIP","floor":15}],"player_experience":922963,"relics_obtained":[{"floor":6,"key":"War Paint"},{"floor":7,"key":"Vajra"},{"floor":10,"key":"Whetstone"}],"event_choices":[{"damage_healed":0,"gold_gain":0,"player_choice":"Got Potions","damage_taken":0,"max_hp_gain":0,"max_hp_loss":0,"event_name":"Lab","floor":2,"gold_loss":0}],"is_beta":false,"boss_relics":[],"items_purged_floors":[],"is_endless":false,"potions_floor_spawned":[3,8,10,11],"killed_by":"DF_ARCHETYPE_STREAMLINE","ascension_level":1}}