{"host":"gudagy66iu284b8o","time":1611394912,"event":{"mods":["Aspiration","BaseMod","Marisa（F雨　魔理沙）","Minty Spire (QoL Compilation)","Nova Terra(诺娃・泰拉)","StSLib","The Alterego","The Senshi","The Servant 0.9.4","UnlockEverythingMod","WarShipGirlsR/战舰少女R mod"],"gold_per_floor":[114,124,124,134,21,21,55,55,81,107,133,148,148,172,172,172,172],"floor_reached":16,"language":"ZHS","playtime":697,"items_purged":["Defend_B"],"score":110,"play_id":"07841eee-a60c-4518-bf2d-c705929ce19b","local_time":"20210123174152","is_ascension_mode":false,"campfire_choices":[{"data":"Redo","floor":6,"key":"SMITH"},{"data":"Loop","floor":8,"key":"SMITH"},{"floor":15,"key":"REST"}],"circlet_count":0,"master_deck":["Strike_B","Strike_B+1","Strike_B+1","Strike_B","Defend_B","Defend_B","Defend_B","Zap+1","Dualcast","Undo","Coolheaded","Redo+1","Loop+1","Self Repair","Hello World","Aggregate"],"relics":["Cracked Core","aspiration:HiddenCompartment","Bag of Preparation","Whetstone","Toy Ornithopter","Golden Idol"],"acts_visited":["Exordium"],"potions_floor_usage":[],"damage_taken":[{"damage":0,"enemies":"Cultist","floor":1,"turns":4},{"damage":8,"enemies":"2 Louse","floor":2,"turns":3},{"damage":0,"enemies":"Jaw Worm","floor":4,"turns":4},{"damage":36,"enemies":"3 Sentries","floor":7,"turns":8},{"damage":10,"enemies":"Lagavulin","floor":10,"turns":6},{"damage":16,"enemies":"Large Slime","floor":12,"turns":5},{"damage":10,"enemies":"2 Fungi Beasts","floor":14,"turns":3},{"damage":45,"enemies":"Hexaghost","floor":16,"turns":9}],"seed_played":"5202027435115990025","potions_obtained":[{"floor":1,"key":"FearPotion"},{"floor":2,"key":"AttackPotion"},{"floor":4,"key":"Strength Potion"},{"floor":12,"key":"Energy Potion"}],"is_trial":false,"path_per_floor":["M","M","?","M","$","R","E","R","T","E","T","M","?","M","R","B"],"character_chosen":"DEFECT","items_purchased":["Loop"],"campfire_rested":1,"item_purchase_floors":[5],"current_hp_per_floor":[82,74,74,74,74,74,38,38,38,35,35,26,26,23,45,0,0],"gold":172,"neow_bonus":"TEN_PERCENT_HP_BONUS","is_daily":false,"chose_seed":false,"campfire_upgraded":2,"win_rate":0.0,"timestamp":1611394912,"path_taken":["M","?","?","M","?","R","E","R","T","E","?","M","?","M","R","BOSS"],"items_purchased_type":["Card"],"build_version":"2020-12-22","purchased_purges":1,"victory":false,"max_hp_per_floor":[82,82,82,82,82,82,82,82,82,82,82,82,76,76,76,76,76],"card_choices":[{"not_picked":["Glacier","Reinforced Body"],"picked":"Undo","floor":1},{"not_picked":["Steam","FTL"],"picked":"Coolheaded","floor":2},{"not_picked":["Chill","Stack"],"picked":"Redo","floor":4},{"not_picked":["Scrape","Consume"],"picked":"Self Repair","floor":7},{"not_picked":["Hologram","Stack","Rebound"],"picked":"SKIP","floor":10},{"not_picked":["Turbo","Reinforced Body"],"picked":"Hello World","floor":12},{"not_picked":["Stack","Streamline"],"picked":"Aggregate","floor":14}],"player_experience":3901,"relics_obtained":[{"floor":7,"key":"aspiration:HiddenCompartment"},{"floor":9,"key":"Bag of Preparation"},{"floor":10,"key":"Whetstone"},{"floor":11,"key":"Toy Ornithopter"}],"event_choices":[{"damage_healed":0,"gold_gain":0,"player_choice":"Upgraded","damage_taken":0,"max_hp_gain":0,"max_hp_loss":0,"event_name":"Upgrade Shrine","floor":3,"gold_loss":0,"cards_upgraded":["Zap"]},{"damage_healed":0,"gold_gain":0,"player_choice":"Lose Max HP","damage_taken":0,"relics_obtained":["Golden Idol"],"max_hp_gain":0,"max_hp_loss":6,"event_name":"Golden Idol","floor":13,"gold_loss":0}],"is_beta":false,"boss_relics":[],"items_purged_floors":[5],"is_endless":false,"potions_floor_spawned":[1,2,4,12],"killed_by":"Hexaghost","ascension_level":0}}