{"host":"7wagoesq7cf4lu47","time":1611402655,"event":{"mods":["BaseMod","Downfall","Googly Eyes","Minty Spire (QoL Compilation)","StSLib"],"gold_per_floor":[99,113,124,137,62,75,75,25,125,35,35,61,78,78,95,95,95,95],"floor_reached":16,"language":"ZHS","playtime":723,"items_purged":["Slimebound:Strike_Slimebound"],"score":102,"play_id":"05bbac85-c91e-48db-9d72-fe06610ec593","local_time":"20210123195055","is_ascension_mode":false,"campfire_choices":[{"data":"Slimebound:Split","floor":1,"key":"SMITH"},{"data":"Slimebound:CorrosiveSpit","floor":8,"key":"SMITH"},{"data":"Slimebound:SlimeBarrage","floor":11,"key":"SMITH"}],"circlet_count":0,"master_deck":["Slimebound:Strike_Slimebound","Slimebound:Tackle","Slimebound:Defend_Slimebound","Slimebound:Defend_Slimebound","Slimebound:Defend_Slimebound","Slimebound:Defend_Slimebound","Slimebound:Split+1","Slimebound:CorrosiveSpit+1","Slimebound:LivingWall","Slimebound:Teamwork","Slimebound:ServeAndProtect","Slimebound:SlimeBarrage+1"],"relics":["Slimebound:AbsorbEndCombat","Bronze Scales","Slimebound:GreedOozeRelic","Gremlin Horn","Eternal Feather"],"acts_visited":["Exordium"],"potions_floor_usage":[],"damage_taken":[{"damage":6,"enemies":"Jaw Worm","floor":2,"turns":3},{"damage":7,"enemies":"2 Louse","floor":3,"turns":2},{"damage":0,"enemies":"Small Slimes","floor":4,"turns":3},{"damage":14,"enemies":"Exordium Wildlife","floor":6,"turns":3},{"damage":1,"enemies":"downfall:FleeingMerchant","floor":10,"turns":4},{"damage":14,"enemies":"3 Sentries","floor":12,"turns":5},{"damage":0,"enemies":"3 Louse","floor":13,"turns":1},{"damage":7,"enemies":"Gremlin Gang","floor":15,"turns":3},{"damage":37,"enemies":"DF_ARCHETYPE_STREAMLINE","floor":16,"turns":6}],"seed_played":"-2450071325237254901","potions_obtained":[{"floor":2,"key":"BlessingOfTheForge"},{"floor":3,"key":"Slimebound:SpawnSlimePotion"},{"floor":4,"key":"SneckoOil"}],"is_trial":false,"path_per_floor":["R","M","M","M","?","M","T","R","?","$","R","E","M","?","M","B"],"character_chosen":"SLIMEBOUND","items_purchased":[],"campfire_rested":0,"item_purchase_floors":[],"current_hp_per_floor":[65,61,56,60,60,46,46,46,46,49,49,35,35,35,30,0,0,0],"gold":95,"neow_bonus":"RANDOM_COMMON_RELIC","is_daily":false,"chose_seed":false,"campfire_upgraded":3,"win_rate":0.0,"timestamp":1611402655,"path_taken":["R","M","M","M","?","M","T","R","?","$","R","E","M","?","M","BOSS"],"items_purchased_type":[],"build_version":"2020-12-22","purchased_purges":1,"victory":false,"max_hp_per_floor":[65,65,65,65,65,65,65,65,65,65,65,65,65,65,65,65,65,65],"card_choices":[{"not_picked":["Slimebound:RejuvenatingLick","Slimebound:PressTheAttack","Slimebound:GoopTackle"],"picked":"SKIP","floor":2},{"not_picked":["Slimebound:RejuvenatingLick","Slimebound:PressTheAttack"],"picked":"Slimebound:LivingWall","floor":3},{"not_picked":["Slimebound:SplitMire","Slimebound:Grow"],"picked":"Slimebound:Teamwork","floor":4},{"not_picked":["Slimebound:ItLooksTasty","Slimebound:PressTheAttack"],"picked":"Slimebound:ServeAndProtect","floor":6},{"not_picked":["Slimebound:SpikyOuterGoop","Slimebound:ForwardTackle"],"picked":"Slimebound:SlimeBarrage","floor":10},{"not_picked":["Slimebound:ComboTackle","Slimebound:SlimeSpikes","Slimebound:Prepare"],"picked":"SKIP","floor":12},{"not_picked":["Slimebound:GoopSpray","Slimebound:PressTheAttack","Slimebound:SamplingLick"],"picked":"SKIP","floor":13},{"not_picked":["Slimebound:SamplingLick","Slimebound:RollThrough","Slimebound:SlimeBrawl"],"picked":"SKIP","floor":15}],"player_experience":182978,"relics_obtained":[{"floor":7,"key":"Gremlin Horn"},{"floor":12,"key":"Eternal Feather"}],"event_choices":[],"is_beta":false,"boss_relics":[],"items_purged_floors":[10],"is_endless":false,"potions_floor_spawned":[2,3,4,15],"killed_by":"DF_ARCHETYPE_STREAMLINE","ascension_level":0}}