{"host":"vgoo8hagqzs0eqkg","time":1611408344,"event":{"mods":["BaseMod","Downfall","Minty Spire (QoL Compilation)","Quick Restart","StSLib"],"gold_per_floor":[99,99,99,99,114,114,195,210,225,225,241,259,269,286,299,299,299,299],"floor_reached":16,"language":"ZHS","playtime":792,"items_purged":[],"score":96,"play_id":"410c0384-10d3-42b4-8c21-cc952bbe7dca","local_time":"20210123212544","is_ascension_mode":false,"campfire_choices":[{"data":"Guardian:CurlUp","floor":1,"key":"SMITH"},{"data":"Guardian:PrismaticBeam","floor":6,"key":"SMITH"},{"data":"Guardian:PiercingHide","floor":10,"key":"SMITH"}],"circlet_count":0,"master_deck":["Guardian:Strike_Guardian","Guardian:Strike_Guardian","Guardian:Strike_Guardian","Guardian:Strike_Guardian","Guardian:Defend_Guardian","Guardian:Defend_Guardian","Guardian:Defend_Guardian","Guardian:Defend_Guardian","Guardian:CurlUp+1","Guardian:TwinSlam","Guardian:PrismaticBeam+1","Guardian:CrystalBeam","Guardian:PiercingHide+1","Guardian:Gem_Blue","Guardian:ExploitGems","Guardian:Gem_Lightblue","Guardian:PiercingHide"],"relics":["Guardian:ModeShifter","downfall:HeartsMalice","Meat on the Bone"],"acts_visited":["Exordium"],"potions_floor_usage":[16,16],"damage_taken":[{"damage":0,"enemies":"Cultist","floor":2,"turns":1},{"damage":0,"enemies":"Jaw Worm","floor":3,"turns":1},{"damage":0,"enemies":"Small Slimes","floor":4,"turns":1},{"damage":15,"enemies":"Gremlin Gang","floor":5,"turns":7},{"damage":11,"enemies":"Exordium Wildlife","floor":8,"turns":3},{"damage":8,"enemies":"3 Louse","floor":9,"turns":4},{"damage":3,"enemies":"2 Fungi Beasts","floor":11,"turns":3},{"damage":0,"enemies":"Large Slime","floor":12,"turns":10},{"damage":11,"enemies":"Lots of Slimes","floor":13,"turns":5},{"damage":4,"enemies":"3 Louse","floor":14,"turns":4},{"damage":17,"enemies":"Large Slime","floor":15,"turns":8},{"damage":76,"enemies":"DF_ARCHETYPE_STREAMLINE","floor":16,"turns":14}],"seed_played":"-4729288637590958321","potions_obtained":[{"floor":5,"key":"GamblersBrew"},{"floor":11,"key":"EssenceOfSteel"},{"floor":13,"key":"LiquidMemories"}],"is_trial":false,"path_per_floor":["R","M","M","M","M","R","T","M","M","R","M","M","M","M","M","B"],"character_chosen":"GUARDIAN","items_purchased":[],"campfire_rested":0,"item_purchase_floors":[],"current_hp_per_floor":[80,80,80,80,65,65,65,54,46,46,43,43,44,52,47,0,0,0],"gold":299,"neow_bonus":"THREE_ENEMY_KILL","is_daily":false,"chose_seed":false,"campfire_upgraded":3,"win_rate":0.0,"timestamp":1611408344,"path_taken":["R","M","M","?","M","R","T","M","M","R","M","M","M","?","M","BOSS"],"items_purchased_type":[],"build_version":"2020-12-22","purchased_purges":0,"victory":false,"max_hp_per_floor":[80,80,80,80,80,80,80,80,80,80,80,80,80,80,80,80,80,80],"card_choices":[{"not_picked":["Guardian:Gem_Green","Guardian:Reroute"],"picked":"Guardian:PrismaticBeam","floor":2},{"not_picked":["Guardian:Incinerate","Guardian:Gem_Cyan"],"picked":"Guardian:Gem_Green","floor":3},{"not_picked":["Guardian:SpikerProtocol","Guardian:DecasProtection"],"picked":"Guardian:CrystalBeam","floor":4},{"not_picked":["Guardian:Suspension","Guardian:FloatingOrbs"],"picked":"Guardian:Gem_Fragmented","floor":5},{"not_picked":["Guardian:Planning","Guardian:WalkerClaw","Guardian:Harden"],"picked":"SKIP","floor":8},{"not_picked":["Guardian:ShieldCharger","Guardian:Reroute"],"picked":"Guardian:PiercingHide","floor":9},{"not_picked":["Guardian:TemporalShield","Guardian:Harden"],"picked":"Guardian:Gem_Blue","floor":11},{"not_picked":["Guardian:PrismaticBeam","Guardian:Gem_Lightblue"],"picked":"Guardian:ExploitGems","floor":12},{"not_picked":["Guardian:Planning","Guardian:TemporalShield"],"picked":"Guardian:Gem_Lightblue","floor":13},{"not_picked":["Guardian:Incinerate","Guardian:TimeBomb","Guardian:WalkerClaw"],"picked":"SKIP","floor":14},{"not_picked":["Guardian:FierceBash","Guardian:Gem_Cyan"],"picked":"Guardian:PiercingHide","floor":15}],"player_experience":439845,"relics_obtained":[{"floor":7,"key":"Meat on the Bone"}],"event_choices":[],"is_beta":false,"boss_relics":[],"items_purged_floors":[],"is_endless":false,"potions_floor_spawned":[5,11,13,14],"killed_by":"DF_ARCHETYPE_STREAMLINE","ascension_level":0}}