{"host":"wl47xhfxme4nig5w","time":1611364089,"event":{"mods":["BaseMod","Colored Map","Colored Powertips","Googly Eyes","Minty Spire (QoL Compilation)","StSLib","SuperFastMode","everything is the same but u backflip on backflip","slay the spire mod where everything is the same but ironclad has a cowboy hat"],"gold_per_floor":[114,114,183,194,319,319,348,398,398,416,49,64,64,64],"floor_reached":13,"language":"ENG","playtime":445,"items_purged":["Strike_R"],"score":102,"play_id":"291d3cb6-3842-4db6-8e2c-c20ef9bcbbf1","local_time":"20210122170809","is_ascension_mode":true,"campfire_choices":[{"data":"Pummel","floor":6,"key":"SMITH"}],"circlet_count":0,"master_deck":["Strike_R","Strike_R","Strike_R","Strike_R","Defend_R","Defend_R","Defend_R","Defend_R","Bash","Reaper","Feel No Pain","Pummel+1","Warcry","Exhume","Intimidate+1","Rage+1"],"relics":["Burning Blood","SsserpentHead","Matryoshka","Regal Pillow","Eternal Feather","Red Skull","Toxic Egg 2","TungstenRod"],"acts_visited":["Exordium"],"potions_floor_usage":[4,12,13,13],"damage_taken":[{"damage":8,"enemies":"2 Louse","floor":1,"turns":3},{"damage":9,"enemies":"Cultist","floor":3,"turns":5},{"damage":10,"enemies":"Jaw Worm","floor":4,"turns":4},{"damage":57,"enemies":"Gremlin Nob","floor":7,"turns":6},{"damage":5,"enemies":"Blue Slaver","floor":10,"turns":4},{"damage":8,"enemies":"Red Slaver","floor":12,"turns":2},{"damage":12,"enemies":"Lagavulin","floor":13,"turns":3}],"seed_played":"8500537771431970710","potions_obtained":[{"floor":3,"key":"ColorlessPotion"},{"floor":10,"key":"ElixirPotion"},{"floor":12,"key":"Dexterity Potion"}],"is_trial":false,"path_per_floor":["M","?","M","M","?","R","E","T","T","M","$","M","E"],"character_chosen":"IRONCLAD","items_purchased":["TungstenRod","Fire Potion"],"campfire_rested":0,"item_purchase_floors":[11,11],"current_hp_per_floor":[70,70,69,65,54,54,7,7,7,13,13,11,0,0],"gold":64,"neow_bonus":"THREE_RARE_CARDS","is_daily":false,"chose_seed":false,"campfire_upgraded":1,"win_rate":0.0,"timestamp":1611364089,"path_taken":["M","?","?","M","?","R","E","?","T","M","?","M","E"],"items_purchased_type":["Relic","Potion"],"build_version":"2020-12-22","purchased_purges":1,"victory":false,"max_hp_per_floor":[72,72,72,72,72,72,72,72,72,72,72,72,72,72],"card_choices":[{"not_picked":["Brutality","Corruption"],"picked":"Reaper","floor":0},{"not_picked":["Heavy Blade","Sword Boomerang"],"picked":"Feel No Pain","floor":1},{"not_picked":["Body Slam","Shrug It Off"],"picked":"Pummel","floor":3},{"not_picked":["Uppercut","Heavy Blade"],"picked":"Warcry","floor":4},{"not_picked":["Headbutt","Flame Barrier"],"picked":"Exhume","floor":7},{"not_picked":["Entrench+1","Carnage"],"picked":"Intimidate+1","floor":10},{"not_picked":["Bloodletting+1","Uppercut"],"picked":"Rage+1","floor":12}],"player_experience":347390,"relics_obtained":[{"floor":7,"key":"Matryoshka"},{"floor":8,"key":"Regal Pillow"},{"floor":8,"key":"Eternal Feather"},{"floor":9,"key":"Red Skull"},{"floor":9,"key":"Toxic Egg 2"}],"event_choices":[{"damage_healed":0,"gold_gain":0,"player_choice":"Trade","damage_taken":0,"relics_obtained":["SsserpentHead"],"max_hp_gain":0,"max_hp_loss":0,"event_name":"FaceTrader","floor":2,"gold_loss":0},{"damage_healed":0,"gold_gain":75,"player_choice":"Gather Gold","damage_taken":11,"max_hp_gain":0,"max_hp_loss":0,"event_name":"World of Goop","floor":5,"gold_loss":0}],"is_beta":false,"boss_relics":[],"items_purged_floors":[11],"is_endless":false,"potions_floor_spawned":[3,10,12],"killed_by":"Lagavulin","ascension_level":4}}