{"host":"v3mpq6flurzldi5g","time":1611426948,"event":{"mods":["AchievementEnabler","BaseMod","Colored Powertips","Highlight Path","Minty Spire (QoL Compilation)","StSLib"],"gold_per_floor":[111,123,135,57,71,97,97,125,125,125,50,50,80,80,80,175,175,193,193,45,45,61,61,92,92,170,170,170],"floor_reached":27,"language":"ENG","playtime":928,"items_purged":["Defend_B"],"score":367,"play_id":"ecb15e33-aa77-41be-a5ed-b9459f2686e8","local_time":"20210123133548","is_ascension_mode":true,"campfire_choices":[{"floor":7,"key":"REST"},{"floor":10,"key":"REST"},{"data":"Defragment","floor":12,"key":"SMITH"},{"data":"Genetic Algorithm","floor":15,"key":"SMITH"},{"data":"Defend_B","floor":23,"key":"SMITH"},{"floor":25,"key":"REST"}],"circlet_count":0,"master_deck":["AscendersBane","Strike_B","Strike_B","Strike_B","Defend_B","Defend_B+1","Defend_B","Zap","Dualcast","Leap","BootSequence","Capacitor","Defragment+1","Ball Lightning","Auto Shields","Genetic Algorithm+1","Electrodynamics","Defragment+1","Barrage","Chaos"],"relics":["Cracked Core","Orichalcum","Regal Pillow","MealTicket","SacredBark","DollysMirror","MutagenicStrength","Meat on the Bone","Question Card"],"acts_visited":["Exordium","TheCity"],"potions_floor_usage":[6,6,24,24],"damage_taken":[{"damage":4,"enemies":"2 Louse","floor":1,"turns":3},{"damage":3,"enemies":"Small Slimes","floor":2,"turns":3},{"damage":0,"enemies":"Cultist","floor":3,"turns":4},{"damage":3,"enemies":"Blue Slaver","floor":5,"turns":4},{"damage":13,"enemies":"3 Sentries","floor":6,"turns":5},{"damage":42,"enemies":"Lagavulin","floor":8,"turns":8},{"damage":55,"enemies":"Hexaghost","floor":16,"turns":10},{"damage":10,"enemies":"3 Byrds","floor":18,"turns":3},{"damage":19,"enemies":"Chosen","floor":22,"turns":5},{"damage":47,"enemies":"Slavers","floor":24,"turns":4},{"damage":49,"enemies":"Gremlin Leader","floor":27,"turns":3}],"seed_played":"1306412780710977933","potions_obtained":[{"floor":3,"key":"Block Potion"},{"floor":5,"key":"Explosive Potion"},{"floor":8,"key":"PotionOfCapacity"},{"floor":16,"key":"Ancient Potion"},{"floor":22,"key":"FocusPotion"},{"floor":24,"key":"SteroidPotion"}],"is_trial":false,"path_per_floor":["M","M","M","$","M","E","R","E","T","R","$","R","?","?","R","B",null,"M","?","$","?","M","R","E","R","T","E"],"character_chosen":"DEFECT","items_purchased":["Defragment","DollysMirror"],"campfire_rested":3,"item_purchase_floors":[4,20],"current_hp_per_floor":[71,68,68,68,65,52,76,34,34,73,82,82,82,82,82,27,68,58,58,73,73,54,54,7,46,46,0,0],"gold":170,"neow_bonus":"TEN_PERCENT_HP_BONUS","is_daily":false,"chose_seed":false,"campfire_upgraded":3,"win_rate":0.0,"timestamp":1611426948,"path_taken":["M","M","M","$","M","E","R","E","T","R","$","R","?","?","R","BOSS","M","?","$","?","M","R","E","R","T","E"],"items_purchased_type":["Card","Relic"],"build_version":"2020-12-22","purchased_purges":1,"victory":false,"max_hp_per_floor":[82,82,82,82,82,82,82,82,82,82,82,82,82,82,82,82,82,82,82,82,82,82,82,82,82,82,82,82],"card_choices":[{"not_picked":["Gash","Fusion"],"picked":"Leap","floor":1},{"not_picked":["Coolheaded","Steam Power"],"picked":"BootSequence","floor":2},{"not_picked":["Steam","Rip and Tear"],"picked":"Capacitor","floor":3},{"not_picked":["Hologram","Sunder"],"picked":"Ball Lightning","floor":5},{"not_picked":["Stack","Streamline"],"picked":"Auto Shields","floor":6},{"not_picked":["Static Discharge","Undo"],"picked":"Genetic Algorithm","floor":8},{"not_picked":["All For One","Machine Learning"],"picked":"Electrodynamics","floor":16},{"not_picked":["Steam Power","Scrape+1","Steam"],"picked":"SKIP","floor":18},{"not_picked":["Genetic Algorithm","Leap"],"picked":"Barrage","floor":22},{"not_picked":["Blizzard","Scrape"],"picked":"Chaos","floor":24}],"player_experience":1006068,"relics_obtained":[{"floor":6,"key":"Orichalcum"},{"floor":8,"key":"Regal Pillow"},{"floor":9,"key":"MealTicket"},{"floor":24,"key":"Meat on the Bone"},{"floor":26,"key":"Question Card"}],"event_choices":[{"damage_healed":0,"gold_gain":30,"player_choice":"Searched \u00271\u0027 times","damage_taken":0,"max_hp_gain":0,"max_hp_loss":0,"event_name":"Dead Adventurer","floor":13,"gold_loss":0},{"cards_removed":["Strike_B"],"damage_healed":0,"gold_gain":0,"player_choice":"Offered Basic","damage_taken":0,"max_hp_gain":0,"max_hp_loss":0,"event_name":"Bonfire Elementals","floor":14,"gold_loss":0},{"damage_healed":0,"gold_gain":0,"player_choice":"Ignored","damage_taken":0,"max_hp_gain":0,"max_hp_loss":0,"event_name":"Beggar","floor":19,"gold_loss":0},{"damage_healed":0,"gold_gain":0,"player_choice":"Inject Mutagens","damage_taken":0,"relics_obtained":["MutagenicStrength"],"max_hp_gain":0,"max_hp_loss":0,"event_name":"Drug Dealer","floor":21,"gold_loss":0}],"is_beta":false,"boss_relics":[{"not_picked":["Snecko Eye","Empty Cage"],"picked":"SacredBark"}],"items_purged_floors":[11],"is_endless":false,"potions_floor_spawned":[3,5,8,16,22,24],"killed_by":"Gremlin Leader","ascension_level":11}}