{"host":"l15sdf2mmi0nobpi","time":1611410876,"event":{"mods":["ATMod(°¢èªMod)","BaseMod","Highlight Path","Minty Spire (QoL Compilation)","Quick Restart","StSLib","¡¾¹¦ÄÜMod¡¿Neow½±Àø"],"gold_per_floor":[368,368,187,212,233,273,298,298,298,298,342,342,366,441,441,441,441],"floor_reached":16,"language":"ZHS","playtime":407,"items_purged":["Strike_B"],"score":220,"play_id":"6b828e72-9fb6-49d4-9b3b-ed33b9c19fb6","local_time":"20210123220756","is_ascension_mode":true,"campfire_choices":[{"data":"AT_RealColorLess","floor":8.0,"key":"SMITH"},{"data":"Sunder","floor":10.0,"key":"SMITH"},{"floor":12.0,"key":"REST"},{"data":"Dualcast","floor":15.0,"key":"SMITH"}],"circlet_count":0,"master_deck":["AscendersBane","Strike_B","Strike_B","Strike_B","Defend_B","Defend_B","Defend_B","Defend_B","Zap","Dualcast+1","AT_RealColorLess+1","Sunder+1","Cold Snap","Coolheaded","Glacier+1"],"relics":["Cracked Core","AT_ATBox","Golden Idol","Centennial Puzzle","Juzu Bracelet","Toxic Egg 2"],"acts_visited":["Exordium"],"potions_floor_usage":[],"damage_taken":[{"damage":0.0,"enemies":"2 Louse","floor":1.0,"turns":3.0},{"damage":4.0,"enemies":"Small Slimes","floor":4.0,"turns":4.0},{"damage":2.0,"enemies":"Jaw Worm","floor":5.0,"turns":3.0},{"damage":8.0,"enemies":"Gremlin Nob","floor":6.0,"turns":3.0},{"damage":10.0,"enemies":"Exordium Wildlife","floor":7.0,"turns":6.0},{"damage":11.0,"enemies":"3 Sentries","floor":11.0,"turns":4.0},{"damage":0.0,"enemies":"Blue Slaver","floor":13.0,"turns":4.0},{"damage":22,"enemies":"The Guardian","floor":16,"turns":2}],"seed_played":"6598787394053496905","potions_obtained":[{"floor":1.0,"key":"BlessingOfTheForge"}],"is_trial":false,"path_per_floor":["M","?","$","M","M","E","M","R","T","R","E","R","M","?","R","B"],"character_chosen":"DEFECT","items_purchased":["Fruit Juice"],"campfire_rested":1,"item_purchase_floors":[3],"current_hp_per_floor":[46,46,46,42,40,32,22,22,22,22,11,30,30,19,19,0,0],"gold":441,"neow_bonus":"TWO_FIFTY_GOLD","is_daily":false,"chose_seed":false,"campfire_upgraded":3,"win_rate":0.0,"timestamp":1611410876,"path_taken":["M","?","$","M","M","E","M","R","T","R","E","R","M","?","R","BOSS"],"items_purchased_type":["Potion"],"build_version":"2020-12-22","purchased_purges":1,"victory":false,"max_hp_per_floor":[71,64,64,64,64,64,64,64,64,64,64,64,64,64,64,64,64],"card_choices":[{"not_picked":["Blizzard","Leap","Go for the Eyes"],"picked":"SKIP","floor":1.0},{"not_picked":["Redo","Ball Lightning"],"picked":"Sunder","floor":4.0},{"not_picked":["Gash","Hologram","Sweeping Beam"],"picked":"SKIP","floor":5.0},{"not_picked":["Blizzard","Barrage"],"picked":"Cold Snap","floor":6.0},{"not_picked":["Gash","Beam Cell"],"picked":"Coolheaded","floor":7.0},{"not_picked":["Reinforced Body+1","Steam+1"],"picked":"Glacier+1","floor":11.0},{"not_picked":["Conserve Battery+1","Compile Driver","AT_WarpDrive+1"],"picked":"SKIP","floor":13.0}],"player_experience":494081,"relics_obtained":[{"floor":6.0,"key":"Centennial Puzzle"},{"floor":9.0,"key":"Juzu Bracelet"},{"floor":11.0,"key":"Toxic Egg 2"}],"event_choices":[{"damage_healed":0.0,"max_hp_gain":0.0,"max_hp_loss":7.0,"gold_gain":0.0,"event_name":"Golden Idol","player_choice":"Lose Max HP","floor":2.0,"gold_loss":0.0,"damage_taken":0.0,"relics_obtained":["Golden Idol"]},{"damage_healed":0.0,"max_hp_gain":0.0,"max_hp_loss":0.0,"gold_gain":75.0,"event_name":"World of Goop","player_choice":"Gather Gold","floor":14.0,"gold_loss":0.0,"damage_taken":11.0}],"is_beta":false,"boss_relics":[],"items_purged_floors":[3],"is_endless":false,"potions_floor_spawned":[1],"killed_by":"The Guardian","ascension_level":20}}