{"host":"Oniwa","time":1611407079,"event":{"mods":["BaseMod","Colored Map","Colored Powertips","Minty Spire (QoL Compilation)","Relic Stats","Slay the Relics Exporter","SpireBot","StSLib","ojb\u0027s Better Paths Mod","ojb\u0027s Info Mod"],"gold_per_floor":[110,110,123,123,139,164,164,177,177,201,227,227,69,89,89,163,163,178,204,222,235,51,51,69,69,122,37,55,55,55,55,55,55,55],"floor_reached":33,"language":"JPN","playtime":1755,"items_purged":["Parasite","Strike_G"],"score":610,"play_id":"f341026b-38b9-4e4b-b040-629e4b087401","local_time":"20210123220439","is_ascension_mode":true,"campfire_choices":[{"floor":7,"key":"REST"},{"data":"Crippling Poison","floor":15,"key":"SMITH"},{"floor":23,"key":"REST"},{"floor":25,"key":"REST"},{"data":"Well Laid Plans","floor":30,"key":"SMITH"},{"data":"Corpse Explosion","floor":32,"key":"SMITH"}],"circlet_count":0,"master_deck":["AscendersBane","Strike_G+1","Strike_G","Strike_G","Strike_G","Defend_G","Defend_G","Defend_G","Defend_G","Defend_G","Survivor+1","Neutralize","Crippling Poison+1","Bane","Corpse Explosion+1","Dagger Spray","Well Laid Plans+1","Cloak And Dagger","Poisoned Stab","Endless Agony","Malaise","Acrobatics","Backflip","Noxious Fumes+1","Cloak And Dagger","Backflip","PiercingWail"],"relics":["Ring of the Snake","Tiny Chest","Potion Belt","Vajra","Bag of Preparation","Ninja Scroll","WristBlade","Red Mask","Bronze Scales","Strawberry","Matryoshka","FaceOfCleric"],"acts_visited":["Exordium","TheCity"],"potions_floor_usage":[6,11,16,16,16,20,21,24,24,33],"damage_taken":[{"damage":1,"enemies":"Jaw Worm","floor":1,"turns":5},{"damage":0,"enemies":"2 Louse","floor":3,"turns":2},{"damage":8,"enemies":"Small Slimes","floor":5,"turns":3},{"damage":24,"enemies":"Gremlin Nob","floor":6,"turns":4},{"damage":10,"enemies":"Blue Slaver","floor":8,"turns":4},{"damage":13,"enemies":"Lagavulin","floor":11,"turns":6},{"damage":0,"enemies":"Looter","floor":14,"turns":3},{"damage":0,"enemies":"Slime Boss","floor":16,"turns":4},{"damage":0,"enemies":"Chosen","floor":18,"turns":3},{"damage":25,"enemies":"Masked Bandits","floor":19,"turns":4},{"damage":15,"enemies":"Shell Parasite","floor":20,"turns":2},{"damage":9,"enemies":"Snake Plant","floor":21,"turns":4},{"damage":3,"enemies":"Cultist and Chosen","floor":24,"turns":5},{"damage":4,"enemies":"Centurion and Healer","floor":28,"turns":3},{"damage":86,"enemies":"Champ","floor":33,"turns":11}],"seed_played":"-9066060466790111599","potions_obtained":[{"floor":3,"key":"Poison Potion"},{"floor":6,"key":"Poison Potion"},{"floor":11,"key":"SteroidPotion"},{"floor":14,"key":"Swift Potion"},{"floor":18,"key":"PowerPotion"},{"floor":19,"key":"Fire Potion"},{"floor":20,"key":"LiquidMemories"},{"floor":21,"key":"LiquidMemories"}],"is_trial":false,"path_per_floor":["M","?","M","?","M","E","R","M","T","T","E","?","$","M","R","B",null,"M","?","M","M","$","R","M","R","T","?","M","T","R","?","R","B"],"character_chosen":"THE_SILENT","items_purchased":["Fire Potion","Poisoned Stab","Regen Potion"],"campfire_rested":3,"item_purchase_floors":[13,13,22],"current_hp_per_floor":[58,58,58,38,30,6,25,15,15,15,2,18,18,18,18,18,52,52,27,12,3,3,21,32,50,50,57,53,53,53,53,53,0,0],"gold":55,"neow_bonus":"RANDOM_COMMON_RELIC","is_daily":false,"chose_seed":false,"campfire_upgraded":3,"win_rate":0.0,"timestamp":1611407079,"path_taken":["M","?","M","?","M","E","R","?","T","?","E","?","$","M","R","BOSS","M","?","M","M","$","R","M","R","T","?","M","?","R","?","R","BOSS"],"items_purchased_type":["Potion","Card","Potion"],"build_version":"2020-12-18","purchased_purges":2,"victory":false,"max_hp_per_floor":[66,66,66,66,66,66,66,66,66,66,66,66,63,63,63,63,63,63,63,63,63,63,63,63,63,63,70,70,70,70,70,70,70,70],"relic_stats":{"FaceOfCleric":0,"counters":[15,63],"Bronze Scales":[24],"Tiny Chest":2,"Bag of Preparation":[2],"obtain_stats":[{"Potion Belt":6,"Matryoshka":29,"WristBlade":17,"FaceOfCleric":31,"Ninja Scroll":11,"Bronze Scales":26,"Strawberry":27,"Vajra":9,"Tiny Chest":0,"Bag of Preparation":10,"Red Mask":19,"Ring of the Snake":0},{"Potion Belt":4,"Matryoshka":14,"WristBlade":8,"FaceOfCleric":14,"Ninja Scroll":6,"Bronze Scales":13,"Strawberry":13,"Vajra":5,"Tiny Chest":0,"Bag of Preparation":5,"Red Mask":10,"Ring of the Snake":0},{"Potion Belt":14,"Matryoshka":52,"WristBlade":31,"FaceOfCleric":52,"Ninja Scroll":24,"Bronze Scales":49,"Strawberry":49,"Vajra":18,"Tiny Chest":0,"Bag of Preparation":18,"Red Mask":38,"Ring of the Snake":0}],"Ring of the Snake":[27]},"card_choices":[{"not_picked":["Slice","Dodge and Roll"],"picked":"Crippling Poison","floor":1},{"not_picked":["Prepared","Deflect"],"picked":"Bane","floor":3},{"not_picked":["Dagger Throw","Backflip"],"picked":"Corpse Explosion","floor":5},{"not_picked":["Corpse Explosion","Accuracy"],"picked":"Dagger Spray","floor":6},{"not_picked":["Flying Knee","Dagger Spray"],"picked":"Well Laid Plans","floor":8},{"not_picked":["Bane","Concentrate"],"picked":"Cloak And Dagger","floor":11},{"not_picked":["Bane","Cloak And Dagger"],"picked":"Endless Agony","floor":14},{"not_picked":["Storm of Steel","Corpse Explosion"],"picked":"Malaise","floor":16},{"not_picked":["Finisher","Deflect"],"picked":"Acrobatics","floor":18},{"not_picked":["Outmaneuver","Terror"],"picked":"Backflip","floor":19},{"not_picked":["Outmaneuver","Poisoned Stab"],"picked":"Noxious Fumes+1","floor":20},{"not_picked":["All Out Attack","Quick Slash"],"picked":"Cloak And Dagger","floor":21},{"not_picked":["Heel Hook","Deflect"],"picked":"Backflip","floor":24},{"not_picked":["Dodge and Roll","Terror"],"picked":"PiercingWail","floor":28}],"player_experience":2574741,"relics_obtained":[{"floor":6,"key":"Potion Belt"},{"floor":9,"key":"Vajra"},{"floor":10,"key":"Bag of Preparation"},{"floor":11,"key":"Ninja Scroll"},{"floor":19,"key":"Red Mask"},{"floor":26,"key":"Bronze Scales"},{"floor":29,"key":"Matryoshka"}],"event_choices":[{"damage_healed":0,"gold_gain":0,"player_choice":"Ignored","damage_taken":0,"max_hp_gain":0,"max_hp_loss":0,"event_name":"Liars Game","floor":2,"gold_loss":0},{"damage_healed":0,"gold_gain":0,"player_choice":"Entered Light","damage_taken":20,"max_hp_gain":0,"max_hp_loss":0,"event_name":"Shining Light","floor":4,"gold_loss":0,"cards_upgraded":["Strike_G","Survivor"]},{"damage_healed":16,"gold_gain":0,"player_choice":"Healed and dodged fight","damage_taken":0,"max_hp_gain":0,"max_hp_loss":0,"event_name":"Mushrooms","floor":12,"gold_loss":0,"cards_obtained":["Parasite"]},{"damage_healed":0,"gold_gain":0,"player_choice":"Fought Bandits","damage_taken":0,"max_hp_gain":0,"max_hp_loss":0,"event_name":"Masked Bandits","floor":19,"gold_loss":0},{"damage_healed":0,"gold_gain":0,"player_choice":"Obtained Relic","damage_taken":0,"relics_obtained":["Strawberry"],"max_hp_gain":0,"max_hp_loss":0,"event_name":"Addict","floor":27,"gold_loss":85},{"damage_healed":0,"gold_gain":0,"player_choice":"Trade","damage_taken":0,"relics_obtained":["FaceOfCleric"],"max_hp_gain":0,"max_hp_loss":0,"event_name":"FaceTrader","floor":31,"gold_loss":0}],"is_beta":true,"boss_relics":[{"not_picked":["Tiny House","HoveringKite"],"picked":"WristBlade"}],"items_purged_floors":[13,22],"is_endless":false,"potions_floor_spawned":[3,6,11,14,18,19,20,21],"killed_by":"Champ","ascension_level":20}}