{"host":"n0ykgl4ktp706po3","time":1611382992,"event":{"mods":["Act Like it!","Arknights The Spire","BaseMod","Gensokyo","Koishi","Minty Spire (QoL Compilation)","RumiaBox-Â¶Ã×æ«µÄÉñÃØºÐ×Ó","StSLib","Youmu£¨»êÆÇÑýÃÎ£©"],"gold_per_floor":[111,111,124,124,44,76,87,113,113,125,125,139,139,165,165,165,165],"floor_reached":16,"language":"ZHS","playtime":1118,"items_purged":[],"score":135,"play_id":"98a64160-28a9-49bd-8df0-14835ebbe538","local_time":"20210123142312","is_ascension_mode":false,"campfire_choices":[{"data":"ats:Emotion Absorption","floor":11,"key":"SMITH"},{"data":"ats:Closed Bolt Burst Fire","floor":15,"key":"SMITH"}],"circlet_count":0,"master_deck":["ats:Strike C","ats:Strike G","ats:Strike S","ats:Strike V","ats:Armor Crushing Shot","ats:Defend","ats:Defend","ats:Defend","ats:Defend","ats:Emotion Absorption+1","ats:Serious Mode","ats:Very Hot Blade","ats:Hook Shot","ats:Phantom","ats:Sword Rain","ats:Cat Scratch","ats:Red Shift","ats:Closed Bolt Burst Fire+1"],"relics":["ats:Sanity","NeowsBlessing","Tiny Chest","FaceOfCleric","ats:Originium","GodSword7","Darkstone Periapt","ats:Hidden Killer","Omamori"],"acts_visited":["Exordium"],"potions_floor_usage":[8,16],"damage_taken":[{"damage":0,"enemies":"Jaw Worm","floor":1,"turns":1},{"damage":0,"enemies":"Small Slimes","floor":3,"turns":1},{"damage":0,"enemies":"3 Sentries","floor":6,"turns":1},{"damage":4,"enemies":"Cultist","floor":7,"turns":4},{"damage":56,"enemies":"Lagavulin","floor":8,"turns":7},{"damage":3,"enemies":"3 Louse","floor":10,"turns":5},{"damage":24,"enemies":"Lots of Slimes","floor":12,"turns":4},{"damage":32,"enemies":"Hexaghost","floor":16,"turns":9}],"seed_played":"2924725586730899262","potions_obtained":[{"floor":3,"key":"LiquidMemories"},{"floor":6,"key":"SteroidPotion"},{"floor":10,"key":"FairyPotion"}],"is_trial":false,"path_per_floor":["M","?","M","?","$","E","M","E","T","M","R","M","?","T","R","B"],"character_chosen":"DOCTOR_CLASS","items_purchased":["ats:Hook Shot"],"campfire_rested":0,"item_purchase_floors":[5],"current_hp_per_floor":[72,72,72,72,72,73,70,15,15,13,13,6,6,6,6,0,0],"gold":165,"neow_bonus":"THREE_ENEMY_KILL","is_daily":false,"chose_seed":false,"campfire_upgraded":2,"win_rate":0.0,"timestamp":1611382992,"path_taken":["M","?","M","?","$","E","M","E","T","M","R","?","?","?","R","BOSS"],"items_purchased_type":["Card"],"build_version":"2020-12-22","purchased_purges":0,"victory":false,"max_hp_per_floor":[72,72,72,72,72,73,74,75,75,76,76,77,77,77,77,77,77],"card_choices":[{"not_picked":["ats:Childhood Dance","ats:Revitalization"],"picked":"ats:Serious Mode","floor":1},{"not_picked":["ats:Shadow Raid","ats:Spore Proliferation"],"picked":"ats:Very Hot Blade","floor":3},{"not_picked":["ats:Fractured Body","ats:Apocalypse"],"picked":"ats:Phantom","floor":6},{"not_picked":["ats:Apocalypse","ats:Charging Defense"],"picked":"ats:Sword Rain","floor":7},{"not_picked":["ats:LN2 Cannon","ats:Encircling Forest"],"picked":"ats:Cat Scratch","floor":8},{"not_picked":["ats:Blood Oath","ats:Powerful Strike"],"picked":"ats:Red Shift","floor":10},{"not_picked":["ats:Poison Spread","ats:Beaten Up"],"picked":"ats:Closed Bolt Burst Fire","floor":12}],"player_experience":74755,"relics_obtained":[{"floor":6,"key":"ats:Originium"},{"floor":6,"key":"GodSword7"},{"floor":8,"key":"ats:Originium"},{"floor":8,"key":"Darkstone Periapt"},{"floor":9,"key":"ats:Hidden Killer"},{"floor":14,"key":"Omamori"}],"event_choices":[{"damage_healed":0,"gold_gain":0,"player_choice":"Box","damage_taken":0,"relics_obtained":["Tiny Chest"],"max_hp_gain":0,"max_hp_loss":0,"event_name":"Big Fish","floor":2,"gold_loss":0,"cards_obtained":["Regret"]},{"damage_healed":0,"gold_gain":0,"player_choice":"Trade","damage_taken":0,"relics_obtained":["FaceOfCleric"],"max_hp_gain":0,"max_hp_loss":0,"event_name":"FaceTrader","floor":4,"gold_loss":0},{"cards_removed":["Regret"],"damage_healed":0,"gold_gain":0,"player_choice":"Removed Curses","damage_taken":0,"max_hp_gain":0,"max_hp_loss":0,"event_name":"Fountain of Cleansing","floor":13,"gold_loss":0}],"is_beta":false,"boss_relics":[],"items_purged_floors":[],"is_endless":false,"potions_floor_spawned":[3,6,10],"killed_by":"Hexaghost","ascension_level":0}}