{"host":"7lqra3rfanasaqnt","time":1611439197,"event":{"mods":["AchievementEnabler","Act Like it!","BaseMod","Colored Powertips","Downfall","Friendly Minions","Minty Spire (QoL Compilation)","StSLib"],"gold_per_floor":[99,109,125,125,136,149,173,185,219,219,219,219,219,246,262,262,262,262],"floor_reached":16,"language":"ENG","playtime":615,"items_purged":[],"score":118,"play_id":"67fe9b31-a0e7-4747-8eb5-b05f784cb92a","local_time":"20210123145957","is_ascension_mode":true,"campfire_choices":[{"floor":11,"key":"REST"},{"floor":13,"key":"REST"}],"circlet_count":0,"master_deck":["sneckomod:Strike","sneckomod:Strike","sneckomod:Strike","sneckomod:Defend","sneckomod:Defend","sneckomod:Defend","sneckomod:TailWhip","sneckomod:SnekBite+1","sneckomod:Unknown+1","sneckomod:UnknownRareAttack+1","hexamod:AdvancingGuard+1","sneckomod:DefensiveFlair+1","sneckomod:UnknownUncommonSkill","sneckomod:UnknownStrike","sneckomod:SlitherStrike","sneckomod:UnendingSupply","sneckomod:UnknownColorless","sneckomod:CheapStock","sneckomod:WideSting","sneckomod:SoulCleanse","sneckomod:UnknownExhaust"],"relics":["sneckomod:SneckoSoul","War Paint","Dream Catcher","InkBottle","Molten Egg 2"],"acts_visited":["Exordium"],"potions_floor_usage":[8,9,16,16],"damage_taken":[{"damage":0.0,"enemies":"Small Slimes","floor":2.0,"turns":2.0},{"damage":0.0,"enemies":"Cultist","floor":3.0,"turns":3.0},{"damage":0.0,"enemies":"2 Louse","floor":5.0,"turns":1.0},{"damage":15.0,"enemies":"Lots of Slimes","floor":6.0,"turns":5.0},{"damage":9,"enemies":"2 Fungi Beasts","floor":8,"turns":2},{"damage":36,"enemies":"3 Sentries","floor":9,"turns":7},{"damage":29,"enemies":"Gremlin Nob","floor":14,"turns":5},{"damage":9,"enemies":"Blue Slaver","floor":15,"turns":4},{"damage":38,"enemies":"WA_ARCHETYPE_RETAIN","floor":16,"turns":7}],"seed_played":"4857357459688567114","potions_obtained":[{"floor":6.0,"key":"SteroidPotion"},{"floor":8,"key":"sneckomod:MuddlingPotion"},{"floor":9,"key":"Explosive Potion"},{"floor":14,"key":"GamblersBrew"},{"floor":15,"key":"SneckoOil"}],"is_trial":false,"path_per_floor":["R","M","M","?","M","M","T","M","E","T","R","?","R","E","M","B"],"character_chosen":"THE_SNECKO","items_purchased":[],"campfire_rested":2,"item_purchase_floors":[],"current_hp_per_floor":[63,63,63,63,63,48,48,39,3,3,30,30,57,28,19,0,0,0],"gold":262,"neow_bonus":"THREE_RARE_CARDS","is_daily":false,"chose_seed":false,"campfire_upgraded":0,"win_rate":0.0,"timestamp":1611439197,"path_taken":["R","M","M","?","M","M","T","?","E","?","R","?","R","E","M","BOSS"],"items_purchased_type":[],"build_version":"2020-12-22","purchased_purges":0,"victory":false,"max_hp_per_floor":[90,90,90,90,90,90,90,90,90,90,90,90,90,90,90,90,90,90],"card_choices":[{"not_picked":["sneckomod:UnlimitedRolls","sneckomod:DangerNoodle"],"picked":"sneckomod:UnknownRareAttack","floor":0.0},{"not_picked":["sneckomod:SoulDraw","sneckomod:WideSting"],"picked":"sneckomod:DefensiveFlair","floor":2.0},{"not_picked":["sneckomod:QuickMove","sneckomod:SoulDraw"],"picked":"sneckomod:UnknownUncommonSkill","floor":3.0},{"not_picked":["sneckomod:UnknownCommonSkill","sneckomod:DiceBlock"],"picked":"sneckomod:UnknownStrike","floor":5.0},{"not_picked":["sneckomod:SoulCleanse","sneckomod:MasterEye"],"picked":"sneckomod:SlitherStrike","floor":6.0},{"not_picked":["sneckomod:UnknownStrength","sneckomod:UnknownDexterity"],"picked":"sneckomod:UnendingSupply","floor":8},{"not_picked":["sneckomod:QuickBite","sneckomod:MasterEye"],"picked":"sneckomod:UnknownColorless","floor":9},{"not_picked":["sneckomod:Unknown2Cost","sneckomod:SoulDraw"],"picked":"sneckomod:CheapStock","floor":11},{"not_picked":["sneckomod:QuickMove","sneckomod:UnknownStrike"],"picked":"sneckomod:WideSting","floor":13},{"not_picked":["sneckomod:UnknownCommonSkill","sneckomod:SlitherStrike+1"],"picked":"sneckomod:SoulCleanse","floor":14},{"not_picked":["sneckomod:RainOfDice+1","sneckomod:Nope"],"picked":"sneckomod:UnknownExhaust","floor":15}],"player_experience":581295,"relics_obtained":[{"floor":7.0,"key":"War Paint"},{"floor":9,"key":"Dream Catcher"},{"floor":10,"key":"InkBottle"},{"floor":14,"key":"Molten Egg 2"}],"event_choices":[],"is_beta":false,"boss_relics":[],"items_purged_floors":[],"is_endless":false,"potions_floor_spawned":[6,8,9,14,15],"killed_by":"WA_ARCHETYPE_RETAIN","ascension_level":1}}