{"host":"rn4c402gwd40h2z6","time":1611411985,"event":{"mods":["100% Spire Juice","Act Like it!","Arknights The Spire","BaseMod","CapriCore","Challenge The Spire","Data Control","Downfall","Gensokyo","Good Game Mod","KinomotoSakuraMod(Ä¾Ö®±¾Ó£)","Koishi","Lobotomy","LobotomyExtend","Luminous","Marisa£¨ìFÓê¡¡Ä§ÀíÉ³£©","Minty Spire (QoL Compilation)","Pale of the Ancients","Quick Restart","Reimu£¨²©ÀöÁéÃÎ£©","Remilia£¨ÀÙÃ×ÀòÑÇ£©","Replay The Spire","RumiaBox-Â¶Ã×æ«µÄÉñÃØºÐ×Ó","StSLib","Td1madao Mod","The Alterego","The Bug Knight","The Cursed","The Hierophant","The Immortal","The Poker Player","The Saiyan","The Senshi","Yakumo Yukari mod","Youmu£¨»êÆÇÑýÃÎ£©","Yuyuko","vexMod","¡¾¹¦ÄÜMod¡¿»ìãçÖ®»·ÐÞ¸´²¹¶¡"],"gold_per_floor":[9999,10013,9999,9999,9999,10010,10025,9999,9999,10019,10009,10010,10014,10017,10024,9999,9999,9999,9999,10013,10031,10011,10011,9999,9999,9999,10019,9999,10016,9999,9999,10080,9999,10015,10019,10011,9999,9999,9999,10010,9999],"floor_reached":34,"language":"ZHS","playtime":2675,"items_purged":["Injury","TheCursedMod:Dregs"],"score":766,"play_id":"97963e21-aa24-4d35-bf97-b3fb7025b2e7","local_time":"20210123222625","is_ascension_mode":true,"campfire_choices":[{"data":"ats:Sword Rain","floor":1,"key":"SMITH"},{"floor":8,"key":"RECALL"},{"data":"hexamod:SwordOfDarkness","floor":1,"key":"SMITH"},{"data":"hexamod:Hexaguard","floor":18,"key":"SMITH"},{"floor":23,"key":"REST"}],"circlet_count":0,"master_deck":["hexamod:Strike","hexamod:Strike","hexamod:Strike","hexamod:Defend+1","hexamod:Sear","hexamod:Float+1","ats:Sword Rain+1","hexamod:ThermalTransfer","hexamod:NightmareGuise","Master of Strategy","hexamod:SwordOfDarkness+1","hexamod:GhostShield+1","hexamod:NightmareStrike+1","hexamod:GhostShield","hexamod:DynamicBlow","hexamod:Toasty","hexamod:Haunt","hexamod:SuperheatedStrike","hexamod:GhostLash","hexamod:BacktrackSmack","hexamod:SwordOfDarkness","hexamod:Hexaguard+1","hexamod:GhostflameBarrier","hexamod:SuperheatedStrike","hexamod:Rewind","hexamod:NightmareGuise","hexamod:BacktrackSmack","hexamod:SwordOfDarkness","hexamod:SwordOfDarkness","hexamod:ShieldOfDarkness","hexamod:NightmareStrike","hexamod:NightmareGuise+1","hexamod:SwordOfDarkness+1","hexamod:HauntingEcho+1","Gensokyo:GreaterSplit","Doubt","hexamod:NightmareGuise+1","downfall:Haunted","downfall:Haunted","Writhe","hexamod:UnlimitedPower","hexamod:SpectersWail","hexamod:SuperheatedStrike"],"relics":["hexamod:SpiritBrand","REME:ComplimentaryCards","Guardian:PocketSentry","Orichalcum","Mummified Hand","Prayer Wheel","Orrery","Lantern","Gaze_r","downfall:HeartBlessingRed","LetterFromLob","Pantograph","champ:DeflectingBracers","Chemical X","LaetitiaHeart","Oddly Smooth Stone","downfall:HeartBlessingGreen","Replay:Multitool","HandDrill","vexMod:PaidLearning","TentaclePot:ReiMu","Frozen Eye","Iron Hammer","Darkstone Periapt"],"acts_visited":["Gensokyo:Gensokyo","Gensokyo:Gensokyoest"],"potions_floor_usage":[],"damage_taken":[{"damage":0,"enemies":"Gensokyo:3_Fairies","floor":2,"turns":2},{"damage":0,"enemies":"downfall:FleeingMerchant","floor":5,"turns":4},{"damage":0,"enemies":"Gensokyo:Python","floor":6,"turns":1},{"damage":0,"enemies":"Gensokyo:Gryphon","floor":9,"turns":3},{"damage":0,"enemies":"Small Slimes","floor":2,"turns":2},{"damage":0,"enemies":"2 Louse","floor":3,"turns":1},{"damage":0,"enemies":"Cultist","floor":4,"turns":2},{"damage":0,"enemies":"Red Slaver","floor":5,"turns":2},{"damage":0,"enemies":"3 Louse","floor":6,"turns":1},{"damage":0,"enemies":"downfall:FleeingMerchant","floor":10,"turns":4},{"damage":2,"enemies":"Large Slime","floor":11,"turns":2},{"damage":0,"enemies":"Large Slime","floor":11,"turns":1},{"damage":0,"enemies":"Large Slime","floor":12,"turns":2},{"damage":0,"enemies":"3 Sentries","floor":13,"turns":2},{"damage":0,"enemies":"2 Fungi Beasts","floor":14,"turns":1},{"damage":0,"enemies":"Blue Slaver","floor":15,"turns":1},{"damage":0,"enemies":"SI_MIRROR_ARCHETYPE","floor":16,"turns":3},{"damage":0,"enemies":"Gensokyo:3_Boulders","floor":19,"turns":3},{"damage":0,"enemies":"Gensokyo:3_Bats","floor":21,"turns":2},{"damage":0,"enemies":"Gensokyo:Rafflesia","floor":26,"turns":3},{"damage":0,"enemies":"Gensokyo:SeedOfUnknown","floor":27,"turns":3},{"damage":0,"enemies":"Gensokyo:Sharpion","floor":28,"turns":3},{"damage":0,"enemies":"Gensokyo:Rafflesia","floor":32,"turns":3},{"damage":2,"enemies":"WA_ARCHETYPE_DIVINITY","floor":33,"turns":5}],"seed_played":"4136115764733353439","potions_obtained":[{"floor":4,"key":"SteroidPotion"},{"floor":5,"key":"Toxic Potion"},{"floor":6,"key":"Fire Potion"}],"is_trial":false,"path_per_floor":["R","M","?","?","$","M","T","R","M","R","M","M","M","M","M","T","?","?","$","M","M","E","M","M","B",null,"R","M","?","M","COS","R","T","?","M","M","M","?","R","?","M","B",null],"character_chosen":"THE_SPIRIT","items_purchased":["Master of Strategy","Mummified Hand","Prayer Wheel","Orrery","Pantograph","champ:DeflectingBracers","Chemical X"],"campfire_rested":1,"item_purchase_floors":[5,5,5,5,10,10,10],"current_hp_per_floor":[70,70,70,70,70,70,70,70,70,70,70,70,70,70,70,70,70,70,70,70,70,70,70,70,70,70,70,42,42,42,63,63,63,63,63,63,63,70,88,88,86],"gold":9999,"neow_bonus":"RANDOM_COMMON_RELIC","is_daily":false,"chose_seed":false,"campfire_upgraded":3,"win_rate":0.0,"timestamp":1611411985,"path_taken":["R","M","?","?","$","?","T","R","M","R","M","M","M","M","M","T","?","?","$","M","?","E","M","M","BOSS","R","M","?","M","COS","R","T","?","M","M","M","?","R","?","M","BOSS"],"items_purchased_type":["Card","Relic","Relic","Relic","Relic","Relic","Relic"],"build_version":"2020-12-22","purchased_purges":2,"victory":true,"max_hp_per_floor":[70,70,70,70,70,70,70,70,70,70,70,70,70,70,70,70,70,70,70,70,70,70,70,70,70,70,70,70,70,70,70,70,70,70,70,70,70,70,88,88,88],"card_choices":[{"not_picked":["hexamod:EtherealExpedition","hexamod:HeatShield"],"picked":"hexamod:ThermalTransfer","floor":2},{"not_picked":["hexamod:SpectralAdrenaline","hexamod:ThermalTransfer"],"picked":"hexamod:NightmareGuise","floor":5},{"not_picked":["hexamod:GhostLash","hexamod:BacktrackSmack"],"picked":"hexamod:SwordOfDarkness","floor":5},{"not_picked":["hexamod:CatchUp","hexamod:Again"],"picked":"hexamod:GhostShield","floor":5},{"not_picked":["hexamod:Firestarter","hexamod:RadiantFlame"],"picked":"hexamod:NightmareStrike","floor":6},{"not_picked":["hexamod:InspiringFlames","hexamod:Firestarter"],"picked":"hexamod:GhostShield","floor":6},{"not_picked":["hexamod:GhostShield","hexamod:SecondSeal"],"picked":"hexamod:DynamicBlow","floor":2},{"not_picked":["hexamod:FlamesFromBeyond","hexamod:ThermalTransfer"],"picked":"hexamod:Toasty","floor":2},{"not_picked":["hexamod:EmpoweredFlame","hexamod:InspiringFlames"],"picked":"hexamod:Haunt","floor":3},{"not_picked":["hexamod:BurningTouch","hexamod:FlamesFromBeyond","hexamod:ThermalTransfer"],"picked":"SKIP","floor":3},{"not_picked":["hexamod:EtherealExpedition","hexamod:FlamesFromBeyond"],"picked":"hexamod:SuperheatedStrike","floor":4},{"not_picked":["hexamod:HeatShield","hexamod:SkipABeat"],"picked":"hexamod:GhostLash","floor":4},{"not_picked":["hexamod:InspiringFlames","hexamod:HauntingEcho"],"picked":"hexamod:BacktrackSmack","floor":5},{"not_picked":["hexamod:Firestarter","hexamod:SuperheatedStrike"],"picked":"hexamod:SwordOfDarkness","floor":5},{"not_picked":["hexamod:GhostShield","hexamod:WildfireWeapon"],"picked":"hexamod:Hexaguard","floor":6},{"not_picked":["hexamod:Rewind","hexamod:FlamesFromBeyond","hexamod:BurningTouch"],"picked":"SKIP","floor":6},{"not_picked":["hexamod:HeatMetal","hexamod:ThermalTransfer"],"picked":"hexamod:NightmareGuise","floor":10},{"not_picked":["hexamod:Incineration","hexamod:SwordOfDarkness"],"picked":"hexamod:BacktrackSmack","floor":12},{"not_picked":["hexamod:HauntingEcho","hexamod:Firestarter","hexamod:PowerFromBeyond"],"picked":"SKIP","floor":12},{"not_picked":["hexamod:FastForward","hexamod:ParanormalForm"],"picked":"hexamod:SwordOfDarkness","floor":13},{"not_picked":["hexamod:BurningTouch","hexamod:SpectralSpark"],"picked":"hexamod:SwordOfDarkness","floor":14},{"not_picked":["hexamod:GhostShield","hexamod:FlamesFromBeyond"],"picked":"hexamod:ShieldOfDarkness","floor":14},{"not_picked":["hexamod:SuperheatedStrike","hexamod:GhostLash"],"picked":"hexamod:NightmareStrike","floor":15},{"not_picked":["hexamod:Incineration","hexamod:FlamesFromBeyond","hexamod:TimeOfNeed"],"picked":"SKIP","floor":15},{"not_picked":["hexamod:HeatMetal","hexamod:PhantomCloak+1"],"picked":"hexamod:NightmareGuise","floor":19},{"not_picked":["hexamod:NecessarySacrifice","hexamod:SkipABeat+1","hexamod:Rewind"],"picked":"SKIP","floor":19},{"not_picked":["hexamod:FastForward","hexamod:BacktrackSmack+1"],"picked":"hexamod:SwordOfDarkness+1","floor":21},{"not_picked":["hexamod:CatchUp+1","hexamod:ChargedBarrage"],"picked":"hexamod:HauntingEcho+1","floor":21},{"not_picked":["hexamod:BurningTouch+1","hexamod:PowerFromBeyond"],"picked":"hexamod:NightmareGuise+1","floor":26},{"not_picked":["hexamod:SpectralSpark+1","hexamod:InspiringFlames","hexamod:ThirdSeal"],"picked":"SKIP","floor":26},{"not_picked":["hexamod:ThermalTransfer","hexamod:ShieldOfDarkness+1","hexamod:FlamesFromBeyond+1"],"picked":"SKIP","floor":27},{"not_picked":["hexamod:Incineration","hexamod:HeatMetal+1","hexamod:Rewind"],"picked":"SKIP","floor":27},{"not_picked":["hexamod:RetreatToShadows","hexamod:ForkedFlame","hexamod:ThermalTransfer"],"picked":"SKIP","floor":28},{"not_picked":["hexamod:PhantomCloak+1","hexamod:FourthSeal","hexamod:GhostShield"],"picked":"SKIP","floor":28},{"not_picked":["hexamod:ChargedBarrage+1","hexamod:HauntingEcho"],"picked":"hexamod:SpectersWail","floor":32},{"not_picked":["hexamod:Incineration","hexamod:HeatMetal"],"picked":"hexamod:SuperheatedStrike","floor":32}],"player_experience":39044,"relics_obtained":[{"floor":2,"key":"LetterFromLob"},{"floor":7,"key":"Lantern"},{"floor":2,"key":"LetterFromLob"},{"floor":13,"key":"Oddly Smooth Stone"},{"floor":24,"key":"Iron Hammer"}],"event_choices":[],"is_beta":false,"boss_relics":[{"not_picked":["bronze:MakeshiftBattery","hexamod:IceCube","Velvet Choker"]}],"items_purged_floors":[5,10],"is_endless":false,"potions_floor_spawned":[9,4,5,6,11,13,15,19,27,28],"ascension_level":1}}