{"host":"b96hyfeqj1peltkw","time":1611374239,"event":{"mods":["AchievementEnabler","Act Like it!","BaseMod","Block Reminder","Gensokyo","Hermit","Marisa（霧雨　魔理沙）","Minty Spire (QoL Compilation)","Practice Mode","Reimu（博丽灵梦）","StSLib"],"gold_per_floor":[116,130,149,162,242,242,255,255,255,274,0,0,35,3,3,3,3,14,14,14,14,34,34,34,34,34,48,48,8,18,47,47,143,143,163,163,163,181,201,201,201,201,201,220,240,21,33,45,45,25],"floor_reached":51,"language":"ZHS","playtime":4619,"items_purged":["Strike_Lin:ReiMu"],"score":619,"play_id":"9bc67c85-f708-4277-8bce-720da22f7e6f","local_time":"20210123115719","is_ascension_mode":false,"campfire_choices":[{"data":"LearningPray:ReiMu","floor":6.0,"key":"SMITH"},{"data":"BlastKick2:ReiMu","floor":8.0,"key":"SMITH"},{"floor":15.0,"key":"REST"},{"data":"NineCharacters:ReiMu","floor":23.0,"key":"SMITH"},{"data":"InherentArray:ReiMu","floor":25.0,"key":"SMITH"},{"data":"SafetyPray:ReiMu","floor":28.0,"key":"SMITH"},{"floor":32.0,"key":"REST"},{"data":"Meditation:ReiMu","floor":40.0,"key":"PURGE"},{"data":"Dreaming2:ReiMu","floor":42,"key":"SMITH"},{"floor":49,"key":"REST"}],"circlet_count":0,"master_deck":["Strike_Lin:ReiMu","Strike_Lin:ReiMu","Strike_Lin:ReiMu","Defend_Lin:ReiMu","Defend_Lin:ReiMu","Defend_Lin:ReiMu","Defend_Lin:ReiMu","NB:ReiMu","Stagnation:ReiMu","Dreaming2:ReiMu+1","LearningPray:ReiMu+1","SpreadBorder2:ReiMu","BlastKick2:ReiMu+1","AirStrike:ReiMu","UpKicking:ReiMu","SubAcupoint:ReiMu","Gathering:ReiMu","Determination:ReiMu+1","NineCharacters:ReiMu+1","SafetyPray:ReiMu+1","InherentArray:ReiMu+1","YinYang:ReiMu+1","CurseOfTheBell","SpreadBorder2:ReiMu","FantasyMoon:ReiMu","Amulet:ReiMu","Amulet:ReiMu+1","PrayRite:ReiMu","ForcedLanding:ReiMu+1","Gensokyo:SalamanderShield","NineCharacters:ReiMu+1"],"relics":["ShineYinYang:ReiMu","NeowsBlessing","Peace Pipe","Orrery","Question Card","Calling Bell","Oddly Smooth Stone","Darkstone Periapt","Shovel","Gensokyo:SongOfSouls","Omamori","Ginger","Dead Branch","Regal Pillow","DollysMirror"],"acts_visited":["Gensokyo:Gensokyo","Gensokyo:Gensokyoer","Gensokyo:Gensokyoest"],"potions_floor_usage":[44,45,50],"damage_taken":[{"damage":0.0,"enemies":"Gensokyo:Gryphon","floor":1.0,"turns":1.0},{"damage":0.0,"enemies":"Gensokyo:2_Kodama","floor":2.0,"turns":2.0},{"damage":0.0,"enemies":"Gensokyo:Python","floor":3.0,"turns":1.0},{"damage":1.0,"enemies":"Gensokyo:LivingMonolith","floor":4.0,"turns":5.0},{"damage":31.0,"enemies":"Gensokyo:3_Kodama","floor":7.0,"turns":6.0},{"damage":25.0,"enemies":"Gensokyo:Python_and_Kodama","floor":10.0,"turns":8.0},{"damage":3.0,"enemies":"Gensokyo:Cirno","floor":13.0,"turns":13.0},{"damage":10.0,"enemies":"Gensokyo:Kokoro","floor":16.0,"turns":14.0},{"damage":15.0,"enemies":"Gensokyo:2_Gloops","floor":18.0,"turns":7.0},{"damage":3.0,"enemies":"Gensokyo:Chomper","floor":22.0,"turns":6.0},{"damage":3.0,"enemies":"Gensokyo:Swordslinger","floor":27.0,"turns":7.0},{"damage":4.0,"enemies":"Gensokyo:Slime_Group","floor":30.0,"turns":9.0},{"damage":28.0,"enemies":"Gensokyo:Koishi","floor":31.0,"turns":10.0},{"damage":14.0,"enemies":"Gensokyo:Eiki","floor":33.0,"turns":17.0},{"damage":1.0,"enemies":"Gensokyo:3_Bats","floor":35.0,"turns":6.0},{"damage":0.0,"enemies":"Gensokyo:AncientGuardian","floor":38.0,"turns":9.0},{"damage":13.0,"enemies":"Gensokyo:AtlasGolem","floor":39.0,"turns":7.0},{"damage":4,"enemies":"Gensokyo:Rafflesia","floor":44,"turns":7},{"damage":13,"enemies":"Gensokyo:3_Boulders","floor":45,"turns":8},{"damage":16,"enemies":"Gensokyo:4_Bats","floor":47,"turns":6},{"damage":0,"enemies":"Gensokyo:SeedOfUnknown","floor":48,"turns":7},{"damage":19,"enemies":"Gensokyo:Shinki","floor":50,"turns":17}],"seed_played":"505657599194400622","potions_obtained":[{"floor":1.0,"key":"FairyPotion"},{"floor":3.0,"key":"Weak Potion"},{"floor":10.0,"key":"SpeedPotion"},{"floor":13.0,"key":"Energy Potion"},{"floor":22.0,"key":"DistilledChaos"},{"floor":33.0,"key":"SkillPotion"},{"floor":38.0,"key":"DuplicationPotion"},{"floor":44,"key":"Regen Potion"}],"is_trial":false,"path_per_floor":["M","M","M","M","?","R","M","R","T","M","$","?","E","COS","R","B",null,"M","?","$","?","M","R","?","R","T","M","R","?","M","E","R","B",null,"M","?","?","M","M","R","?","R","T","M","M","COS","M","M","R","B",null],"character_chosen":"REIMU","items_purchased":["SubAcupoint:ReiMu","Orrery"],"campfire_rested":3,"item_purchase_floors":[11,11],"current_hp_per_floor":[65,65,65,64,64,64,33,33,33,8,8,8,5,5,24,14,65,50,50,50,50,47,47,47,47,47,44,44,44,40,12,31,17,65,64,38,38,38,25,25,25,25,25,21,23,23,7,7,41,22],"gold":25,"neow_bonus":"THREE_ENEMY_KILL","is_daily":false,"chose_seed":false,"campfire_upgraded":6,"win_rate":0.0,"timestamp":1611374239,"path_taken":["M","M","M","M","?","R","M","R","T","M","$","?","E","COS","R","BOSS","M","?","$","?","?","R","?","R","T","M","R","?","M","E","R","BOSS","M","?","?","M","?","R","?","R","T","M","M","COS","M","?","R","BOSS"],"items_purchased_type":["Card","Relic"],"build_version":"2020-12-22","purchased_purges":1,"victory":true,"max_hp_per_floor":[65,65,65,65,65,65,65,65,65,65,65,65,65,65,65,65,65,65,65,65,65,65,65,65,65,65,65,65,65,65,65,65,65,65,65,65,65,65,65,65,65,65,65,65,65,65,65,65,65,65],"card_choices":[{"not_picked":["SafetyPray:ReiMu","SpringWay:ReiMu"],"picked":"Dreaming2:ReiMu","floor":1.0},{"not_picked":["FineLineFantasy:ReiMu","RainPray2:ReiMu"],"picked":"LearningPray:ReiMu","floor":2.0},{"not_picked":["Enchanting:ReiMu","PrepareRite:ReiMu"],"picked":"SpreadBorder2:ReiMu","floor":3.0},{"not_picked":["WonderfulDomain:ReiMu","AlertArray:ReiMu"],"picked":"BlastKick2:ReiMu","floor":4.0},{"not_picked":["Intuition:ReiMu","SafetyPray:ReiMu"],"picked":"AirStrike:ReiMu","floor":7.0},{"not_picked":["EmergencyTakeOff:ReiMu","YinYangSange:ReiMu"],"picked":"UpKicking:ReiMu","floor":10.0},{"not_picked":["FantasyBorder:ReiMu","AlertArray:ReiMu"],"picked":"Gathering:ReiMu","floor":11.0},{"not_picked":["WonderfulDomain:ReiMu","EmergencyTakeOff:ReiMu"],"picked":"Determination:ReiMu","floor":11.0},{"not_picked":["TightArray:ReiMu","SubcavityInstant:ReiMu"],"picked":"NineCharacters:ReiMu","floor":11.0},{"not_picked":["SpringWay:ReiMu","Gathering:ReiMu"],"picked":"SafetyPray:ReiMu","floor":11.0},{"not_picked":["SpringWay:ReiMu","FineLineFantasy:ReiMu"],"picked":"InherentArray:ReiMu","floor":11.0},{"not_picked":["SubcavityInstant:ReiMu","EmergencyTakeOff:ReiMu"],"picked":"Meditation:ReiMu","floor":13.0},{"not_picked":["Dreaming:ReiMu+1","Determination:ReiMu+1","Authority:ReiMu+1"],"picked":"YinYang:ReiMu+1","floor":16.0},{"not_picked":["PrepareRite:ReiMu+1","OrbThrow:ReiMu+1","SpringWay:ReiMu"],"picked":"SpreadBorder2:ReiMu","floor":18.0},{"not_picked":["Determination:ReiMu","ForcedLanding:ReiMu","SpreadBorder2:ReiMu"],"picked":"FantasyMoon:ReiMu","floor":22.0},{"not_picked":["PhosphorusFlame:ReiMu","EmergencyTakeOff:ReiMu+1","FoulBorder2:ReiMu"],"picked":"Amulet:ReiMu+1","floor":27.0},{"not_picked":["Meditation:ReiMu","AlertArray:ReiMu","SpringWay:ReiMu+1","OctopathBindingBorder2:ReiMu"],"picked":"SKIP","floor":30.0},{"not_picked":["SubAcupoint:ReiMu","OrbThrow:ReiMu","YinYangSign:ReiMu","ForcedLanding:ReiMu"],"picked":"SKIP","floor":31.0},{"not_picked":["Dreaming:ReiMu","YinYang:ReiMu","Determination:ReiMu"],"picked":"PrayRite:ReiMu","floor":33.0},{"not_picked":["LovePray:ReiMu+1","SpiritualOutbreak2:ReiMu+1","AirStrike:ReiMu"],"picked":"ForcedLanding:ReiMu+1","floor":35.0},{"not_picked":["Gensokyo:NewMoon","Gensokyo:MorningMist"],"picked":"Gensokyo:SalamanderShield","floor":37.0},{"not_picked":["Intuition:ReiMu","Crusade:ReiMu","PayForSelf:ReiMu+1","Conquer:ReiMu"],"picked":"SKIP","floor":38.0},{"not_picked":["SafetyPray:ReiMu","BarrageOfMoneybags:ReiMu+1","SpreadBorder2:ReiMu","Conquer:ReiMu"],"picked":"SKIP","floor":39.0},{"not_picked":["KyokaiOfKami:ReiMu","BarrageOfMoneybags:ReiMu+1","LovePray:ReiMu+1","TightArray:ReiMu"],"picked":"SKIP","floor":44},{"not_picked":["PrepareRite:ReiMu+1","TightArray:ReiMu+1","EmergencyTakeOff:ReiMu","SpringWay:ReiMu+1"],"picked":"SKIP","floor":45},{"not_picked":["FantasyMoon:ReiMu","SpiritualOutbreak2:ReiMu","Intuition:ReiMu+1","EmergencyTakeOff:ReiMu"],"picked":"SKIP","floor":47},{"not_picked":["MikOfLucky:ReiMu","UniversalSpiritual:ReiMu","PhosphorusFlame:ReiMu","FantasyBorder:ReiMu+1"],"picked":"SKIP","floor":48}],"player_experience":1412973,"relics_obtained":[{"floor":9.0,"key":"Peace Pipe"},{"floor":13.0,"key":"Question Card"},{"floor":17.0,"key":"Oddly Smooth Stone"},{"floor":17.0,"key":"Darkstone Periapt"},{"floor":17.0,"key":"Shovel"},{"floor":26.0,"key":"Omamori"},{"floor":31.0,"key":"Ginger"},{"floor":43,"key":"Regal Pillow"}],"event_choices":[],"is_beta":false,"boss_relics":[{"not_picked":["RedLine:ReiMu","Velvet Choker"],"picked":"Calling Bell"},{"not_picked":["Coffee Dripper","Tiny House"],"picked":"ShineYinYang:ReiMu"}],"items_purged_floors":[11],"is_endless":false,"potions_floor_spawned":[1,3,10,13,22,27,33,38,44],"ascension_level":0}}