{"host":"vgoo8hagqzs0eqkg","time":1611406374,"event":{"mods":["BaseMod","Downfall","Minty Spire (QoL Compilation)","Quick Restart","StSLib"],"gold_per_floor":[99,113,129,142,45,63,63,213,213,213,213,229,229,242,255,361,361,361,71,98,112,126,126,150,150,175,175,187,97,97,126,140,140,140,140],"floor_reached":33,"language":"ZHS","playtime":2124,"items_purged":["downfall:Icky"],"score":279,"play_id":"1d207387-ff1b-4017-b827-b25a56a5dffc","local_time":"20210123205254","is_ascension_mode":false,"campfire_choices":[{"data":"hexamod:Float","floor":1.0,"key":"SMITH"},{"data":"expansioncontent:AwakenDeath","floor":9.0,"key":"SMITH"},{"floor":11.0,"key":"REST"},{"floor":13.0,"key":"REST"},{"data":"hexamod:HexaLevel","floor":18.0,"key":"SMITH"},{"data":"expansioncontent:StudyTheSpire","floor":23.0,"key":"SMITH"},{"data":"hexamod:GhostOfSpirePresent","floor":25.0,"key":"SMITH"},{"floor":30,"key":"REST"}],"circlet_count":0,"master_deck":["hexamod:Strike+1","hexamod:Strike","hexamod:Strike","hexamod:Strike+1","hexamod:Defend+1","hexamod:Defend+1","hexamod:Defend+1","hexamod:Defend+1","hexamod:Sear+1","hexamod:Float+1","hexamod:HeatMetal+1","hexamod:Hexaguard","hexamod:SpectersWail","expansioncontent:AwakenDeath+1","hexamod:TimeWarp","hexamod:HexaLevel+1","hexamod:GhostOfSpirePresent+1","hexamod:EmpoweredFlame","expansioncontent:PolyBeam","expansioncontent:StudyTheSpire+1","hexamod:InspiringFlames","hexamod:HexaLevel","Madness","hexamod:GhostOfSpirePresent","hexamod:FastForward","hexamod:HeatShield","hexamod:SpectralAdrenaline","hexamod:StepThrough+1"],"relics":["hexamod:SpiritBrand","Art of War","Orichalcum","Mummified Hand","bronze:MakeshiftBattery","hexamod:TheBrokenSeal","Nunchaku","CaptainsWheel","Blood Vial"],"acts_visited":["Exordium","TheCity"],"potions_floor_usage":[28,29,29,31],"damage_taken":[{"damage":0.0,"enemies":"2 Louse","floor":2.0,"turns":2.0},{"damage":0.0,"enemies":"Cultist","floor":3.0,"turns":3.0},{"damage":7.0,"enemies":"Small Slimes","floor":4.0,"turns":5.0},{"damage":0.0,"enemies":"downfall:FleeingMerchant","floor":5.0,"turns":4.0},{"damage":26.0,"enemies":"3 Louse","floor":6.0,"turns":4.0},{"damage":4.0,"enemies":"Blue Slaver","floor":12.0,"turns":4.0},{"damage":18.0,"enemies":"Gremlin Gang","floor":14.0,"turns":4.0},{"damage":8.0,"enemies":"Red Slaver","floor":15.0,"turns":4.0},{"damage":44.0,"enemies":"DF_ARCHETYPE_STREAMLINE","floor":16.0,"turns":11.0},{"damage":0.0,"enemies":"downfall:FleeingMerchant","floor":19.0,"turns":4.0},{"damage":10.0,"enemies":"3 Byrds","floor":20.0,"turns":6.0},{"damage":0.0,"enemies":"Chosen","floor":21.0,"turns":4.0},{"damage":9.0,"enemies":"Snake Plant","floor":22.0,"turns":3.0},{"damage":67.0,"enemies":"Gremlin Leader","floor":26.0,"turns":9.0},{"damage":0,"enemies":"3 Cultists","floor":28,"turns":5},{"damage":0,"enemies":"downfall:FleeingMerchant","floor":29,"turns":4},{"damage":4,"enemies":"Slavers","floor":31,"turns":3},{"damage":0,"enemies":"Cultist and Chosen","floor":32,"turns":5},{"damage":29,"enemies":"WA_ARCHETYPE_CALM","floor":33,"turns":8}],"seed_played":"-4048353005622654677","potions_obtained":[{"floor":6.0,"key":"champ:CounterPotion"},{"floor":12.0,"key":"PowerPotion"},{"floor":14.0,"key":"Block Potion"},{"floor":16.0,"key":"Fire Potion"},{"floor":16.0,"key":"Ancient Potion"},{"floor":19.0,"key":"Block Potion"},{"floor":26.0,"key":"Explosive Potion"},{"floor":28,"key":"LiquidMemories"},{"floor":31,"key":"SteroidPotion"}],"is_trial":false,"path_per_floor":["R","M","M","M","$","M","T","?","R","?","R","M","R","M","M","B",null,"R","$","M","M","M","R","T","R","E","?","M","$","R","E","M","B"],"character_chosen":"THE_SPIRIT","items_purchased":["expansioncontent:AwakenDeath","expansioncontent:PolyBeam","expansioncontent:StudyTheSpire"],"campfire_rested":3,"item_purchase_floors":[5,19,19],"current_hp_per_floor":[70,70,70,63,63,37,37,37,37,25,46,42,63,45,37,30,70,70,70,80,80,71,71,71,71,4,4,4,4,28,24,26,0,0,0],"gold":140,"neow_bonus":"RANDOM_COMMON_RELIC","is_daily":false,"chose_seed":false,"campfire_upgraded":5,"win_rate":0.0,"timestamp":1611406374,"path_taken":["R","M","M","M","$","M","T","?","R","?","R","M","R","M","M","BOSS","R","$","M","M","M","R","T","R","E","?","?","?","R","E","M","BOSS"],"items_purchased_type":["Card","Card","Card"],"build_version":"2020-12-22","purchased_purges":1,"victory":false,"max_hp_per_floor":[70,70,70,70,70,70,70,70,70,70,70,70,70,70,70,70,70,70,70,80,80,80,80,80,80,80,80,80,80,80,80,80,80,80,80],"card_choices":[{"not_picked":["hexamod:SwordOfDarkness","hexamod:GhostLash"],"picked":"hexamod:HeatMetal","floor":2.0},{"not_picked":["hexamod:FourthSeal","hexamod:Incineration"],"picked":"hexamod:FifthSeal","floor":3.0},{"not_picked":["hexamod:ThirdSeal","hexamod:FourthSeal"],"picked":"hexamod:SixthSeal","floor":4.0},{"not_picked":["hexamod:ThermalTransfer","hexamod:NightmareGuise"],"picked":"hexamod:ThirdSeal","floor":4.0},{"not_picked":["hexamod:AdvancingGuard","hexamod:UnleashSpirits"],"picked":"hexamod:Hexaguard","floor":5.0},{"not_picked":["hexamod:DynamicBlow","hexamod:FlamesFromBeyond"],"picked":"hexamod:SpectersWail","floor":5.0},{"not_picked":["hexamod:SecondSeal","hexamod:ThirdSeal"],"picked":"hexamod:FourthSeal","floor":6.0},{"not_picked":["hexamod:ThermalTransfer","hexamod:NightmareStrike"],"picked":"hexamod:TimeWarp","floor":6.0},{"not_picked":["hexamod:RetreatToShadows","hexamod:ThirdSeal","hexamod:FastForward"],"picked":"SKIP","floor":6.0},{"not_picked":["hexamod:EtherealExpedition","hexamod:GhostOfSpireFuture","hexamod:SpectersWail"],"picked":"SKIP","floor":12.0},{"not_picked":["hexamod:Hexaguard","hexamod:AdvancingGuard","hexamod:Again"],"picked":"SKIP","floor":12.0},{"not_picked":["hexamod:NecessarySacrifice","hexamod:StepThrough","hexamod:NightmareStrike"],"picked":"SKIP","floor":14.0},{"not_picked":["hexamod:SixthSeal","hexamod:FourthSeal"],"picked":"hexamod:SecondSeal","floor":15.0},{"not_picked":["hexamod:HeatShield","hexamod:Firestarter","hexamod:HauntingEcho"],"picked":"SKIP","floor":15.0},{"not_picked":["hexamod:BurningTouch","hexamod:InspiringFlames","hexamod:FastForward"],"picked":"SKIP","floor":15.0},{"not_picked":["hexamod:TimeWarp","hexamod:FifthSeal"],"picked":"hexamod:HexaLevel","floor":16.0},{"not_picked":["hexamod:GhostflameInferno","hexamod:VolcanoVisage"],"picked":"hexamod:GhostOfSpirePresent","floor":16.0},{"not_picked":["hexamod:SixthSeal","hexamod:ThirdSeal"],"picked":"hexamod:FirstSeal","floor":19.0},{"not_picked":["hexamod:SecondSeal","hexamod:ExtraCrispy"],"picked":"hexamod:EmpoweredFlame","floor":19.0},{"not_picked":["hexamod:FourthSeal","hexamod:SwordOfDarkness+1","hexamod:GhostShield"],"picked":"SKIP","floor":19.0},{"not_picked":["hexamod:FlamesFromBeyond+1","hexamod:RecurringNightmare"],"picked":"hexamod:InspiringFlames","floor":20.0},{"not_picked":["hexamod:NightmareGuise","hexamod:ShieldOfDarkness","hexamod:SpectersWail"],"picked":"SKIP","floor":21.0},{"not_picked":["hexamod:ShieldOfDarkness","hexamod:FourthSeal","hexamod:RadiantFlame+1"],"picked":"SKIP","floor":22.0},{"not_picked":["hexamod:HeatCrush","hexamod:GhostShield"],"picked":"hexamod:HexaLevel","floor":26.0},{"not_picked":["hexamod:Firestarter+1","hexamod:NightmareGuise"],"picked":"hexamod:SpectralAdrenaline","floor":28},{"not_picked":["hexamod:ChargedBarrage","hexamod:FirstSeal","hexamod:DynamicBlow+1"],"picked":"SKIP","floor":29},{"not_picked":["hexamod:BacktrackSmack","hexamod:SpectralAdrenaline","hexamod:GhostShield"],"picked":"SKIP","floor":31},{"not_picked":["hexamod:FlamesFromBeyond","hexamod:ChargedBarrage"],"picked":"hexamod:StepThrough+1","floor":32}],"player_experience":437032,"relics_obtained":[{"floor":7.0,"key":"Orichalcum"},{"floor":24.0,"key":"Nunchaku"},{"floor":26.0,"key":"CaptainsWheel"},{"floor":31,"key":"Blood Vial"}],"event_choices":[{"damage_healed":0.0,"max_hp_gain":0.0,"max_hp_loss":0.0,"gold_gain":0.0,"event_name":"Scrap Ooze","player_choice":"Success","floor":10.0,"gold_loss":0.0,"damage_taken":12.0,"relics_obtained":["Mummified Hand"]}],"is_beta":false,"boss_relics":[{"not_picked":["Runic Pyramid","Pandora\u0027s Box"],"picked":"bronze:MakeshiftBattery"}],"items_purged_floors":[29],"is_endless":false,"potions_floor_spawned":[6,14,15,16,21,26,28,31],"killed_by":"WA_ARCHETYPE_CALM","ascension_level":0}}