{"host":"agbyy69nq62afhwx","time":1611431030,"event":{"mods":["BaseMod","Colored Map","DeckTracker","Highlight Path","Keyboard Shortcuts","Minty Spire (QoL Compilation)","Quick Restart","StSLib","SuperFastMode","everything is the same but u backflip on backflip"],"gold_per_floor":[109,129,140,55,130,130,164,64,64,74,74,74,74,94,94,171,171,183,183,108,21,55,55,73,98,98,98,113,146,146,146,146,146,146],"floor_reached":33,"language":"KOR","playtime":796,"items_purged":[],"score":570,"play_id":"c2520442-369b-491d-9c8d-e95afc5276f4","local_time":"20210124044350","is_ascension_mode":true,"campfire_choices":[{"data":"Blood for Blood","floor":6.0,"key":"SMITH"},{"data":"Offering","floor":11.0,"key":"SMITH"},{"data":"Bash","floor":13.0,"key":"SMITH"},{"data":"Finesse","floor":15.0,"key":"SMITH"},{"floor":23.0,"key":"REST"},{"floor":27.0,"key":"REST"},{"floor":30.0,"key":"REST"},{"floor":32.0,"key":"REST"}],"circlet_count":0,"master_deck":["AscendersBane","Strike_R","Strike_R","Strike_R","Strike_R","Defend_R","Defend_R","Defend_R","Defend_R","Bash+1","Panacea","Blood for Blood+1","Pommel Strike","Pummel","Offering+1","Finesse+1","Burning Pact","Demon Form","Intimidate+1","Entrench","Dual Wield","Armaments+1"],"relics":["Burning Blood","Sundial","Akabeko","Snecko Eye","Red Mask","Molten Egg 2","Pear","Paper Frog"],"acts_visited":["Exordium","TheCity"],"potions_floor_usage":[33],"damage_taken":[{"damage":10.0,"enemies":"Small Slimes","floor":1.0,"turns":4.0},{"damage":2.0,"enemies":"2 Louse","floor":2.0,"turns":4.0},{"damage":9.0,"enemies":"Jaw Worm","floor":3.0,"turns":3.0},{"damage":41.0,"enemies":"3 Sentries","floor":7.0,"turns":7.0},{"damage":6.0,"enemies":"2 Fungi Beasts","floor":10.0,"turns":2.0},{"damage":0.0,"enemies":"Exordium Thugs","floor":12.0,"turns":1.0},{"damage":0.0,"enemies":"Blue Slaver","floor":14.0,"turns":1.0},{"damage":26.0,"enemies":"Hexaghost","floor":16.0,"turns":5.0},{"damage":6.0,"enemies":"Chosen","floor":18.0,"turns":3.0},{"damage":15.0,"enemies":"Masked Bandits","floor":22.0,"turns":3.0},{"damage":8.0,"enemies":"3 Byrds","floor":24.0,"turns":6.0},{"damage":31.0,"enemies":"Slavers","floor":25.0,"turns":5.0},{"damage":24.0,"enemies":"Snake Plant","floor":28.0,"turns":4.0},{"damage":39.0,"enemies":"Gremlin Leader","floor":29.0,"turns":4.0},{"damage":0.0,"enemies":"Centurion and Healer","floor":31.0,"turns":1.0},{"damage":77,"enemies":"Automaton","floor":33,"turns":6}],"seed_played":"-3632010649663196680","potions_obtained":[{"floor":2.0,"key":"SkillPotion"},{"floor":7.0,"key":"SmokeBomb"},{"floor":24.0,"key":"Swift Potion"},{"floor":28.0,"key":"SmokeBomb"},{"floor":29.0,"key":"Dexterity Potion"}],"is_trial":false,"path_per_floor":["M","M","M","$","?","R","E","$","T","M","R","M","R","M","R","B",null,"M","?","?","$","?","R","M","E","T","R","M","E","R","M","R","B"],"character_chosen":"IRONCLAD","items_purchased":["Offering","Finesse","Entrench"],"campfire_rested":4,"item_purchase_floors":[4,8,21],"current_hp_per_floor":[64,68,65,65,54,54,19,19,19,19,19,25,25,31,31,11,59,59,38,38,38,29,53,51,26,36,63,45,12,39,45,72,0,0],"gold":146,"neow_bonus":"RANDOM_COLORLESS","is_daily":false,"chose_seed":false,"campfire_upgraded":4,"win_rate":0.0,"timestamp":1611431030,"path_taken":["M","M","M","$","?","R","E","$","T","M","R","M","R","M","R","BOSS","M","?","?","?","?","R","?","E","T","R","M","E","R","M","R","BOSS"],"items_purchased_type":["Card","Card","Card"],"build_version":"2020-12-22","purchased_purges":0,"victory":false,"max_hp_per_floor":[75,75,75,75,75,75,75,75,75,75,75,75,75,75,75,75,75,75,80,80,80,80,80,80,80,90,90,90,90,90,90,90,90,90],"card_choices":[{"not_picked":["Bandage Up","Blind"],"picked":"Panacea","floor":0.0},{"not_picked":["Infernal Blade","Shrug It Off"],"picked":"Blood for Blood","floor":1.0},{"not_picked":["Anger","Rage"],"picked":"Pommel Strike","floor":2.0},{"not_picked":["Combust","Iron Wave"],"picked":"Pummel","floor":3.0},{"not_picked":["Headbutt","Cleave","Perfected Strike"],"picked":"SKIP","floor":7.0},{"not_picked":["Warcry","Brutality","Headbutt"],"picked":"SKIP","floor":10.0},{"not_picked":["Uppercut","Power Through"],"picked":"Burning Pact","floor":14.0},{"not_picked":["Bludgeon","Exhume"],"picked":"Demon Form","floor":16.0},{"not_picked":["Perfected Strike","Headbutt"],"picked":"Intimidate+1","floor":18.0},{"not_picked":["Warcry","Anger"],"picked":"Dual Wield","floor":24.0},{"not_picked":["Armaments","Wild Strike+1","Infernal Blade"],"picked":"SKIP","floor":25.0},{"not_picked":["Shockwave","Metallicize","Thunderclap+1"],"picked":"SKIP","floor":28.0},{"not_picked":["Pommel Strike+1","Spot Weakness"],"picked":"Armaments+1","floor":29.0}],"player_experience":456729,"relics_obtained":[{"floor":7.0,"key":"Sundial"},{"floor":9.0,"key":"Akabeko"},{"floor":22.0,"key":"Red Mask"},{"floor":25.0,"key":"Molten Egg 2"},{"floor":26.0,"key":"Pear"},{"floor":29.0,"key":"Paper Frog"}],"event_choices":[{"damage_healed":0.0,"max_hp_gain":0.0,"max_hp_loss":0.0,"gold_gain":75.0,"event_name":"World of Goop","player_choice":"Gather Gold","floor":5.0,"gold_loss":0.0,"damage_taken":11.0},{"damage_healed":0.0,"max_hp_gain":5.0,"max_hp_loss":0.0,"gold_gain":0.0,"event_name":"Forgotten Altar","player_choice":"Shed Blood","floor":19.0,"gold_loss":0.0,"damage_taken":26.0},{"cards_removed":["Strike_R"],"damage_healed":0.0,"max_hp_gain":0.0,"max_hp_loss":0.0,"gold_gain":0.0,"event_name":"Beggar","player_choice":"Gave Gold","floor":20.0,"gold_loss":75.0,"damage_taken":0.0},{"damage_healed":0.0,"max_hp_gain":0.0,"max_hp_loss":0.0,"gold_gain":0.0,"event_name":"Masked Bandits","player_choice":"Fought Bandits","floor":22.0,"gold_loss":0.0,"damage_taken":0.0}],"is_beta":false,"boss_relics":[{"not_picked":["Philosopher\u0027s Stone","Ectoplasm"],"picked":"Snecko Eye"}],"items_purged_floors":[],"is_endless":false,"potions_floor_spawned":[2,7,12,24,28,29,31],"killed_by":"Automaton","ascension_level":20}}