{"host":"cfluht5kr2kfk9p9","time":1611387829,"event":{"mods":["Arknights The Spire","BaseMod","Minty Spire (QoL Compilation)","Quick Restart","Rare Cards Sparkle","Relic Stats","StSLib"],"gold_per_floor":[118,118,136,136,154,154,181,181,181,181,200,167,185,208,208,208,208],"floor_reached":16,"language":"ZHS","playtime":403,"items_purged":[],"score":122,"play_id":"79c8ad03-676f-4929-acf8-d432ec8c1425","local_time":"20210123154349","is_ascension_mode":true,"campfire_choices":[{"data":"ats:Overload","floor":6.0,"key":"SMITH"},{"data":"ats:Emotion Absorption","floor":10.0,"key":"SMITH"},{"data":"ats:Armor Crushing Shot","floor":15,"key":"SMITH"}],"circlet_count":0,"master_deck":["ats:Strike C+1","ats:Strike G+1","ats:Strike S","ats:Strike V","ats:Armor Crushing Shot+1","ats:Defend","ats:Defend","ats:Defend","ats:Defend","ats:Emotion Absorption+1","ats:Automatic Cover","ats:Ignite","ats:Overload+1","ats:Curse Doll+1"],"relics":["ats:Sanity","NeowsBlessing","Calipers","ats:Originium","Singing Bowl","Golden Idol","Toxic Egg 2"],"acts_visited":["Exordium"],"potions_floor_usage":[13,13,13,13],"damage_taken":[{"damage":0.0,"enemies":"Small Slimes","floor":1.0,"turns":1.0},{"damage":0.0,"enemies":"2 Louse","floor":3.0,"turns":1.0},{"damage":0.0,"enemies":"Jaw Worm","floor":5.0,"turns":1.0},{"damage":48.0,"enemies":"3 Sentries","floor":7.0,"turns":9.0},{"damage":0.0,"enemies":"Looter","floor":11.0,"turns":2.0},{"damage":7,"enemies":"Exordium Thugs","floor":13,"turns":2},{"damage":0,"enemies":"Large Slime","floor":14,"turns":2},{"damage":7,"enemies":"Hexaghost","floor":16,"turns":9}],"seed_played":"2228262658721234760","potions_obtained":[{"floor":1.0,"key":"BlessingOfTheForge"},{"floor":3.0,"key":"EntropicBrew"},{"floor":11.0,"key":"LiquidMemories"}],"is_trial":false,"path_per_floor":["M","?","M","?","M","R","E","?","T","R","M","?","M","M","R","B"],"character_chosen":"DOCTOR_CLASS","items_purchased":[],"campfire_rested":0,"item_purchase_floors":[],"current_hp_per_floor":[72,69,69,55,55,55,9,9,9,9,9,9,4,6,6,0,0],"gold":208,"neow_bonus":"THREE_ENEMY_KILL","is_daily":false,"chose_seed":false,"campfire_upgraded":3,"win_rate":0.0,"timestamp":1611387829,"path_taken":["M","?","M","?","M","R","E","?","T","R","M","?","M","M","R","BOSS"],"items_purchased_type":[],"build_version":"2020-12-22","purchased_purges":0,"victory":false,"max_hp_per_floor":[72,72,72,72,72,72,74,69,69,69,69,69,71,73,73,73,73],"relic_stats":{"Singing Bowl":6,"counters":[8,27],"Golden Idol":13,"obtain_stats":[{"Calipers":2,"NeowsBlessing":0,"ats:Originium":7,"Singing Bowl":7,"Golden Idol":8,"ats:Sanity":0,"Toxic Egg 2":9},{"Calipers":1,"NeowsBlessing":0,"ats:Originium":4,"Singing Bowl":4,"Golden Idol":4,"ats:Sanity":0,"Toxic Egg 2":4},{"Calipers":1,"NeowsBlessing":0,"ats:Originium":12,"Singing Bowl":12,"Golden Idol":12,"ats:Sanity":0,"Toxic Egg 2":12}]},"card_choices":[{"not_picked":["ats:Magnetic Hammer","ats:Song Of Battle"],"picked":"ats:Automatic Cover","floor":1.0},{"not_picked":["ats:Counter Healing Mode","ats:Assault Order"],"picked":"ats:Ignite","floor":3.0},{"not_picked":["ats:Charging Defense","ats:Phantom"],"picked":"ats:Overload","floor":5.0},{"not_picked":["ats:Poison Spread","ats:Thermite Blade","ats:Blood Oath"],"picked":"Singing Bowl","floor":7.0},{"not_picked":["ats:Song Of Battle","ats:Cat Scratch"],"picked":"ats:Curse Doll+1","floor":11.0},{"not_picked":["ats:Sunburst","ats:Shadow Raid+1","ats:Childhood Dance+1"],"picked":"Singing Bowl","floor":13},{"not_picked":["ats:Flexible Camouflage+1","ats:Blood Oath","ats:Chain Hook"],"picked":"Singing Bowl","floor":14}],"player_experience":61217,"relics_obtained":[{"floor":7.0,"key":"ats:Originium"},{"floor":7.0,"key":"Singing Bowl"},{"floor":9.0,"key":"Toxic Egg 2"}],"event_choices":[{"damage_healed":0.0,"max_hp_gain":0.0,"max_hp_loss":0.0,"gold_gain":0.0,"event_name":"Scrap Ooze","player_choice":"Success","floor":2.0,"gold_loss":0.0,"damage_taken":3.0,"relics_obtained":["Calipers"]},{"damage_healed":0.0,"max_hp_gain":0.0,"max_hp_loss":0.0,"gold_gain":0.0,"event_name":"Shining Light","player_choice":"Entered Light","floor":4.0,"gold_loss":0.0,"damage_taken":14.0,"cards_upgraded":["ats:Strike C","ats:Strike G"]},{"damage_healed":0.0,"max_hp_gain":0.0,"max_hp_loss":5.0,"gold_gain":0.0,"event_name":"Golden Idol","player_choice":"Lose Max HP","floor":8.0,"gold_loss":0.0,"damage_taken":0.0,"relics_obtained":["Golden Idol"]},{"damage_healed":0.0,"max_hp_gain":0.0,"max_hp_loss":0.0,"gold_gain":0.0,"event_name":"World of Goop","player_choice":"Left Gold","floor":12.0,"gold_loss":33.0,"damage_taken":0.0}],"is_beta":false,"boss_relics":[],"items_purged_floors":[],"is_endless":false,"potions_floor_spawned":[1,3,11],"killed_by":"Hexaghost","ascension_level":4}}