{"host":"5jyeqch4fosnsiz2","time":1611439104,"event":{"mods":["BaseMod","Bestiary","Colored Map","Colored Powertips","Filter the Spire","Minty Spire (QoL Compilation)","Relic Stats","StSLib","Waifu the Spire","ojb\u0027s Better Paths Mod","ojb\u0027s Info Mod"],"gold_per_floor":[117,117,137,137,150,188,212,230,279,178,217,236,266,285,285,405,405,424,79,79,99,112,112,128,128,128,28,61,74,90,115,115,239,239,260,1259,1273,823,823,864,864,878,878,896,896,896,932,947,947,947,947],"floor_reached":50,"language":"ENG","playtime":2230,"items_purged":["Strike_B","Defend_B","Normality"],"score":563,"play_id":"fc89ed06-0ad0-4450-96bd-e599dcd51446","local_time":"20210123165824","is_ascension_mode":false,"campfire_choices":[{"data":"Electrodynamics","floor":15,"key":"SMITH"},{"data":"Aggregate","floor":23,"key":"SMITH"},{"data":"Loop","floor":25,"key":"SMITH"},{"data":"Rainbow","floor":32,"key":"SMITH"},{"data":"Self Repair","floor":41,"key":"SMITH"},{"data":"Dualcast","floor":45,"key":"SMITH"},{"data":"Doom and Gloom","floor":49,"key":"SMITH"}],"circlet_count":0,"master_deck":["Strike_B","Strike_B","Strike_B","Defend_B","Defend_B","Defend_B","Zap","Dualcast+1","Ball Lightning","Doom and Gloom+1","Hologram","Electrodynamics+1","Coolheaded","Aggregate+1","Cold Snap","Rainbow+1","Recycle+1","Loop+1","Doom and Gloom","BootSequence","White Noise+1","Self Repair+1","Conserve Battery+1","Echo Form","Glacier+1","Heatsinks+1","Bloodletting+1","Redo"],"relics":["Black Star","Golden Idol","MealTicket","Letter Opener","Orichalcum","Happy Flower","FossilizedHelix","Odd Mushroom","SacredBark","DollysMirror","Bag of Preparation","DataDisk","Toy Ornithopter","Ancient Tea Set","Cables","SlaversCollar","PrismaticShard","Pear","Pantograph","Potion Belt","Art of War"],"acts_visited":["Exordium","TheCity","TheBeyond"],"potions_floor_usage":[6,7,13,18,28,28,28,33,35,40,40,47,50],"damage_taken":[{"damage":5,"enemies":"Small Slimes","floor":1,"turns":4},{"damage":1,"enemies":"Jaw Worm","floor":3,"turns":3},{"damage":7,"enemies":"2 Louse","floor":5,"turns":2},{"damage":17,"enemies":"3 Sentries","floor":6,"turns":5},{"damage":6,"enemies":"Exordium Wildlife","floor":7,"turns":2},{"damage":11,"enemies":"2 Fungi Beasts","floor":8,"turns":3},{"damage":30,"enemies":"Gremlin Nob","floor":11,"turns":5},{"damage":5,"enemies":"Exordium Thugs","floor":12,"turns":3},{"damage":0,"enemies":"The Mushroom Lair","floor":13,"turns":3},{"damage":0,"enemies":"Blue Slaver","floor":14,"turns":4},{"damage":3,"enemies":"Slime Boss","floor":16,"turns":8},{"damage":16,"enemies":"Shell Parasite","floor":18,"turns":3},{"damage":14,"enemies":"Chosen","floor":21,"turns":7},{"damage":2,"enemies":"Snecko","floor":22,"turns":4},{"damage":0,"enemies":"Shelled Parasite and Fungi","floor":24,"turns":4},{"damage":2,"enemies":"Book of Stabbing","floor":28,"turns":4},{"damage":0,"enemies":"3 Cultists","floor":29,"turns":2},{"damage":15,"enemies":"Snake Plant","floor":30,"turns":3},{"damage":0,"enemies":"Chosen and Byrds","floor":31,"turns":4},{"damage":25,"enemies":"Collector","floor":33,"turns":7},{"damage":26,"enemies":"3 Darklings","floor":35,"turns":5},{"damage":0,"enemies":"3 Shapes","floor":37,"turns":3},{"damage":17,"enemies":"Reptomancer","floor":40,"turns":6},{"damage":19,"enemies":"Sphere and 2 Shapes","floor":42,"turns":3},{"damage":21,"enemies":"3 Darklings","floor":44,"turns":3},{"damage":37,"enemies":"Nemesis","floor":47,"turns":9},{"damage":26,"enemies":"Maw","floor":48,"turns":8},{"damage":89,"enemies":"Awakened One","floor":50,"turns":15}],"seed_played":"4587499774487668589","potions_obtained":[{"floor":3,"key":"LiquidMemories"},{"floor":6,"key":"Fire Potion"},{"floor":8,"key":"SkillPotion"},{"floor":11,"key":"EssenceOfDarkness"},{"floor":16,"key":"PowerPotion"},{"floor":18,"key":"PowerPotion"},{"floor":22,"key":"Swift Potion"},{"floor":28,"key":"PotionOfCapacity"},{"floor":30,"key":"BlessingOfTheForge"},{"floor":37,"key":"DistilledChaos"},{"floor":44,"key":"DistilledChaos"},{"floor":48,"key":"DuplicationPotion"}],"is_trial":false,"path_per_floor":["M","?","M","?","M","E","M","M","T","$","E","M","?","M","R","B",null,"M","$","?","M","M","R","M","R","T","$","E","M","M","M","R","B",null,"M","?","M","$","?","E","R","M","T","M","R","?","E","M","R","B"],"character_chosen":"DEFECT","items_purchased":["Coolheaded","Loop","DollysMirror","Bag of Preparation","FairyPotion","EssenceOfSteel","PrismaticShard"],"campfire_rested":0,"item_purchase_floors":[10,19,19,19,38,38,38],"current_hp_per_floor":[70,69,68,73,66,49,43,32,32,47,17,12,12,12,12,9,74,58,73,73,59,57,57,57,57,57,72,72,72,57,64,64,51,74,48,48,48,63,63,73,73,64,64,43,43,43,21,70,70,0,0],"gold":947,"neow_bonus":"BOSS_RELIC","is_daily":false,"chose_seed":false,"campfire_upgraded":7,"win_rate":0.0,"timestamp":1611439104,"path_taken":["M","?","M","?","M","E","?","M","T","$","E","M","?","M","R","BOSS","M","$","?","M","M","R","M","R","T","$","E","M","M","M","R","BOSS","M","?","M","$","?","E","R","M","T","?","R","?","E","?","R","BOSS"],"items_purchased_type":["Card","Card","Relic","Relic","Potion","Potion","Relic"],"build_version":"2020-12-22","purchased_purges":3,"victory":false,"max_hp_per_floor":[75,69,69,74,74,74,74,74,74,74,74,74,74,74,74,74,74,74,74,74,74,74,74,74,74,74,74,74,74,74,74,74,74,74,74,74,74,74,74,84,84,84,84,84,84,84,84,84,84,84,84],"relic_stats":{"Happy Flower":[36],"counters":[28,132],"Golden Idol":159,"Bag of Preparation":[32],"Letter Opener":[286],"Orichalcum":[132],"Cables":[54,20,24,10,0],"Pantograph":14,"MealTicket":60,"Black Star":5,"Art of War":[4],"obtain_stats":[{"Potion Belt":47,"Pear":40,"Happy Flower":11,"Golden Idol":2,"SacredBark":17,"Bag of Preparation":19,"Letter Opener":6,"Orichalcum":9,"Odd Mushroom":13,"Ancient Tea Set":28,"PrismaticShard":38,"Cables":28,"SlaversCollar":34,"DataDisk":20,"DollysMirror":19,"Pantograph":40,"MealTicket":6,"Black Star":0,"Art of War":47,"Cracked Core":0,"FossilizedHelix":11,"Toy Ornithopter":26},{"Potion Belt":26,"Pear":23,"Happy Flower":7,"Golden Idol":1,"SacredBark":11,"Bag of Preparation":12,"Letter Opener":4,"Orichalcum":6,"Odd Mushroom":9,"Ancient Tea Set":16,"PrismaticShard":22,"Cables":16,"SlaversCollar":20,"DataDisk":12,"DollysMirror":12,"Pantograph":23,"MealTicket":4,"Black Star":0,"Art of War":26,"Cracked Core":0,"FossilizedHelix":7,"Toy Ornithopter":15},{"Potion Belt":109,"Pear":94,"Happy Flower":24,"Golden Idol":4,"SacredBark":42,"Bag of Preparation":45,"Letter Opener":14,"Orichalcum":19,"Odd Mushroom":30,"Ancient Tea Set":64,"PrismaticShard":88,"Cables":64,"SlaversCollar":80,"DataDisk":45,"DollysMirror":45,"Pantograph":94,"MealTicket":14,"Black Star":0,"Art of War":109,"Cracked Core":0,"FossilizedHelix":24,"Toy Ornithopter":60}],"Toy Ornithopter":22},"card_choices":[{"not_picked":["Compile Driver","Stack"],"picked":"Ball Lightning","floor":1},{"not_picked":["Leap","Redo","Streamline"],"picked":"SKIP","floor":3},{"not_picked":["Cold Snap","Coolheaded"],"picked":"Doom and Gloom","floor":5},{"not_picked":["Steam","Leap"],"picked":"Hologram","floor":6},{"not_picked":["Coolheaded","Ball Lightning"],"picked":"Electrodynamics","floor":7},{"not_picked":["Ball Lightning","FTL","Sweeping Beam"],"picked":"SKIP","floor":8},{"not_picked":["Leap","Reinforced Body"],"picked":"Aggregate","floor":11},{"not_picked":["Capacitor","Steam","Hologram"],"picked":"SKIP","floor":12},{"not_picked":["Doom and Gloom","Recycle"],"picked":"Cold Snap","floor":14},{"not_picked":["Multi-Cast","Hyperbeam"],"picked":"Rainbow","floor":16},{"not_picked":["Coolheaded","Redo"],"picked":"Recycle+1","floor":18},{"not_picked":["Ball Lightning","Gash"],"picked":"BootSequence","floor":21},{"not_picked":["Hologram","Capacitor","Beam Cell"],"picked":"SKIP","floor":22},{"not_picked":["Leap","Gash"],"picked":"White Noise+1","floor":24},{"not_picked":["Hologram","Doom and Gloom+1"],"picked":"Self Repair","floor":28},{"not_picked":["Ball Lightning","Scrape"],"picked":"Conserve Battery+1","floor":29},{"not_picked":["Rebound","Heatsinks","Skim+1"],"picked":"SKIP","floor":30},{"not_picked":["Machine Learning","Chill+1","Auto Shields"],"picked":"SKIP","floor":31},{"not_picked":["Hyperbeam","Thunder Strike"],"picked":"Echo Form","floor":33},{"not_picked":["Barrage+1","Compile Driver","Conserve Battery+1"],"picked":"SKIP","floor":35},{"not_picked":["Undo+1","Hologram"],"picked":"Glacier+1","floor":37},{"not_picked":["Gash+1","Deflect+1","Ball Lightning+1"],"picked":"SKIP","floor":40},{"not_picked":["Bane","Perfected Strike+1"],"picked":"Heatsinks+1","floor":42},{"not_picked":["Evolve+1","Steam+1","Stack"],"picked":"SKIP","floor":44},{"not_picked":["LessonLearned","Finesse"],"picked":"Bloodletting+1","floor":47},{"not_picked":["Heavy Blade","Accuracy+1"],"picked":"Redo","floor":48}],"player_experience":324944,"relics_obtained":[{"floor":6,"key":"MealTicket"},{"floor":6,"key":"Letter Opener"},{"floor":9,"key":"Orichalcum"},{"floor":11,"key":"Happy Flower"},{"floor":11,"key":"FossilizedHelix"},{"floor":13,"key":"Odd Mushroom"},{"floor":26,"key":"Toy Ornithopter"},{"floor":28,"key":"Ancient Tea Set"},{"floor":28,"key":"Cables"},{"floor":40,"key":"Pear"},{"floor":40,"key":"Pantograph"},{"floor":47,"key":"Potion Belt"},{"floor":47,"key":"Art of War"}],"event_choices":[{"damage_healed":0,"gold_gain":0,"player_choice":"Lose Max HP","damage_taken":0,"relics_obtained":["Golden Idol"],"max_hp_gain":0,"max_hp_loss":6,"event_name":"Golden Idol","floor":2,"gold_loss":0},{"damage_healed":0,"gold_gain":0,"player_choice":"Donut","damage_taken":0,"max_hp_gain":5,"max_hp_loss":0,"event_name":"Big Fish","floor":4,"gold_loss":0},{"damage_healed":0,"gold_gain":0,"player_choice":"Fought Mushrooms","damage_taken":0,"max_hp_gain":0,"max_hp_loss":0,"event_name":"Mushrooms","floor":13,"gold_loss":0},{"damage_healed":0,"gold_gain":0,"player_choice":"Opened","damage_taken":0,"relics_obtained":["DataDisk"],"max_hp_gain":0,"max_hp_loss":0,"event_name":"The Mausoleum","floor":20,"gold_loss":0,"cards_obtained":["Writhe"]},{"damage_healed":0,"gold_gain":999,"player_choice":"Gold","damage_taken":0,"max_hp_gain":0,"max_hp_loss":0,"event_name":"MindBloom","floor":36,"gold_loss":0,"cards_obtained":["Normality","Normality"]},{"damage_healed":0,"gold_gain":0,"cards_transformed":["Normality"],"player_choice":"Transformed","damage_taken":0,"max_hp_gain":0,"max_hp_loss":0,"event_name":"Transmorgrifier","floor":39,"gold_loss":0,"cards_obtained":["Pain"]},{"cards_removed":["Pain","Writhe"],"damage_healed":0,"gold_gain":0,"player_choice":"Removed Curses","damage_taken":0,"max_hp_gain":0,"max_hp_loss":0,"event_name":"Fountain of Cleansing","floor":46,"gold_loss":0}],"is_beta":false,"boss_relics":[{"not_picked":["Empty Cage","Velvet Choker"],"picked":"SacredBark"},{"not_picked":["Philosopher\u0027s Stone","Tiny House"],"picked":"SlaversCollar"}],"items_purged_floors":[10,27,38],"is_endless":false,"potions_floor_spawned":[3,6,8,11,16,18,22,28,30,37,44,48],"killed_by":"Awakened One","ascension_level":0}}