{"host":"gobyjzz6xbwq9f9i","time":1611371889,"event":{"mods":["AchievementEnabler","BaseMod","Bestiary","Colored Map","Minty Spire (QoL Compilation)"],"gold_per_floor":[115,127,138,138,149,149,182,182,235,255,255,285,302,2,2,100,100,119,135,146,2,21,62,62,96,105,114,130,171,196,205,205,309,309,330,330,357,368,396,435,435,464,473,473,473,264,289,9,9,9],"floor_reached":51,"language":"ENG","playtime":2920,"items_purged":["Shame","Strike_G"],"score":1177,"play_id":"1b4cecce-cbcf-4b06-8d17-256e819f5844","local_time":"20210122191809","is_ascension_mode":true,"campfire_choices":[{"data":"Sucker Punch","floor":6,"key":"SMITH"},{"data":"Choke","floor":8,"key":"SMITH"},{"data":"Flying Knee","floor":11,"key":"SMITH"},{"data":"Footwork","floor":15,"key":"SMITH"},{"data":"Caltrops","floor":24,"key":"SMITH"},{"floor":27,"key":"REST"},{"data":"Backflip","floor":32,"key":"SMITH"},{"data":"Neutralize","floor":41,"key":"SMITH"},{"data":"Catalyst","floor":49,"key":"SMITH"}],"circlet_count":0,"master_deck":["AscendersBane","Strike_G","Strike_G","Strike_G","Strike_G","Defend_G","Defend_G","Defend_G","Defend_G","Defend_G","Survivor","Flying Knee+1","Sucker Punch+1","Choke+1","Blade Dance","Calculated Gamble","PiercingWail","Footwork+1","Corpse Explosion","Dodge and Roll+1","Bouncing Flask+1","Blur","Caltrops+1","Backflip+1","Escape Plan","Crippling Poison","Backflip+1","Doppelganger","After Image+1","Infinite Blades+1","Accuracy+1","Footwork+1","After Image+1","Catalyst+1","Well Laid Plans+1","Catalyst","Endless Agony+1","Well Laid Plans+1"],"relics":["Ring of the Snake","Bag of Preparation","Eternal Feather","Regal Pillow","Akabeko","Dream Catcher","Vajra","Snake Skull","Cursed Key","CeramicFish","PreservedInsect","Frozen Egg 2","Bronze Scales","Paper Crane","Coffee Dripper","StrikeDummy","Toy Ornithopter","Happy Flower"],"acts_visited":["Exordium","TheCity","TheBeyond"],"potions_floor_usage":[7,23,33,33,33,50],"damage_taken":[{"damage":2,"enemies":"2 Louse","floor":1,"turns":4},{"damage":0,"enemies":"Cultist","floor":2,"turns":3},{"damage":0,"enemies":"Small Slimes","floor":3,"turns":4},{"damage":2,"enemies":"Red Slaver","floor":5,"turns":4},{"damage":12,"enemies":"3 Sentries","floor":7,"turns":8},{"damage":0,"enemies":"2 Fungi Beasts","floor":10,"turns":2},{"damage":7,"enemies":"Lagavulin","floor":12,"turns":4},{"damage":0,"enemies":"3 Louse","floor":13,"turns":3},{"damage":24,"enemies":"Hexaghost","floor":16,"turns":12},{"damage":0,"enemies":"3 Byrds","floor":18,"turns":2},{"damage":2,"enemies":"2 Thieves","floor":19,"turns":3},{"damage":0,"enemies":"3 Cultists","floor":20,"turns":2},{"damage":11,"enemies":"Cultist and Chosen","floor":22,"turns":7},{"damage":16,"enemies":"Gremlin Leader","floor":23,"turns":6},{"damage":30,"enemies":"Slavers","floor":25,"turns":2},{"damage":13,"enemies":"Snecko","floor":28,"turns":4},{"damage":5,"enemies":"Book of Stabbing","floor":29,"turns":4},{"damage":1,"enemies":"3 Cultists","floor":30,"turns":4},{"damage":21,"enemies":"Champ","floor":33,"turns":14},{"damage":20,"enemies":"3 Darklings","floor":35,"turns":4},{"damage":0,"enemies":"3 Shapes","floor":37,"turns":3},{"damage":3,"enemies":"Maw","floor":38,"turns":6},{"damage":0,"enemies":"Jaw Worm Horde","floor":39,"turns":2},{"damage":0,"enemies":"Giant Head","floor":40,"turns":7},{"damage":3,"enemies":"4 Shapes","floor":42,"turns":4},{"damage":0,"enemies":"Spire Growth","floor":47,"turns":5},{"damage":37,"enemies":"Donu and Deca","floor":50,"turns":9}],"seed_played":"1689916779859495497","potions_obtained":[{"floor":2,"key":"SteroidPotion"},{"floor":3,"key":"EssenceOfSteel"},{"floor":5,"key":"Poison Potion"},{"floor":18,"key":"PowerPotion"},{"floor":29,"key":"Fire Potion"},{"floor":30,"key":"GhostInAJar"},{"floor":39,"key":"GamblersBrew"},{"floor":47,"key":"CunningPotion"}],"is_trial":false,"path_per_floor":["M","M","M","?","M","R","E","R","T","M","R","E","M","$","R","B",null,"M","M","M","$","M","E","R","E","T","R","M","E","M","T","R","B",null,"M","?","M","M","M","E","R","M","T","?","?","$","M","$","R","B",null],"character_chosen":"THE_SILENT","items_purchased":["Vajra","Snake Skull","Blur","Caltrops","Well Laid Plans+1","Catalyst","Happy Flower","Well Laid Plans+1"],"campfire_rested":1,"item_purchase_floors":[14,14,21,21,46,46,48,48],"current_hp_per_floor":[61,61,61,61,59,68,56,65,65,65,70,63,63,63,70,46,64,64,62,62,62,51,35,50,20,20,70,57,52,51,51,69,48,65,45,45,45,42,42,42,63,60,60,60,60,60,60,60,64,29],"gold":9,"neow_bonus":"RANDOM_COMMON_RELIC","is_daily":false,"chose_seed":false,"campfire_upgraded":8,"win_rate":0.0,"timestamp":1611371889,"path_taken":["M","M","M","?","M","R","E","R","T","M","R","E","M","$","R","BOSS","M","?","M","?","M","E","R","E","T","R","M","E","M","?","R","BOSS","M","?","M","M","?","E","R","M","T","?","?","?","M","$","R","BOSS"],"items_purchased_type":["Relic","Relic","Card","Card","Card","Card","Relic","Card"],"build_version":"2020-12-22","purchased_purges":2,"victory":true,"max_hp_per_floor":[70,70,70,70,70,70,70,70,70,70,70,70,70,70,70,70,70,70,70,70,70,70,70,70,70,70,70,70,70,70,70,70,70,70,70,67,67,67,67,67,67,67,67,64,64,64,64,64,64,64],"card_choices":[{"not_picked":["Quick Slash","Deadly Poison"],"picked":"Flying Knee","floor":1},{"not_picked":["Quick Slash","Acrobatics"],"picked":"Sucker Punch","floor":2},{"not_picked":["Cloak And Dagger","Prepared","Underhanded Strike"],"picked":"SKIP","floor":3},{"not_picked":["Blur","Flying Knee"],"picked":"Choke","floor":5},{"not_picked":["Flechettes","Acrobatics"],"picked":"Blade Dance","floor":7},{"not_picked":["Setup","Finisher"],"picked":"Calculated Gamble","floor":10},{"not_picked":["Dodge and Roll","Storm of Steel"],"picked":"PiercingWail","floor":12},{"not_picked":["Flying Knee","Dagger Spray"],"picked":"Footwork","floor":13},{"not_picked":["Tools of the Trade","Night Terror"],"picked":"Corpse Explosion","floor":16},{"not_picked":["Acrobatics","Deflect"],"picked":"Dodge and Roll+1","floor":18},{"not_picked":["Blur","All Out Attack+1"],"picked":"Bouncing Flask+1","floor":19},{"not_picked":["Deadly Poison","Choke","Prepared"],"picked":"SKIP","floor":20},{"not_picked":["Calculated Gamble","Underhanded Strike","Accuracy"],"picked":"SKIP","floor":22},{"not_picked":["Phantasmal Killer","Quick Slash"],"picked":"Backflip+1","floor":23},{"not_picked":["Skewer+1","Deadly Poison"],"picked":"Escape Plan","floor":25},{"not_picked":["Blur","Blade Dance"],"picked":"Crippling Poison","floor":27},{"not_picked":["All Out Attack","Sucker Punch+1","Tactician"],"picked":"SKIP","floor":28},{"not_picked":["Quick Slash+1","Finisher"],"picked":"Backflip","floor":29},{"not_picked":["Acrobatics","Finisher"],"picked":"Doppelganger","floor":30},{"not_picked":["Storm of Steel","Phantasmal Killer"],"picked":"After Image+1","floor":33},{"not_picked":["Backflip","Setup"],"picked":"Infinite Blades+1","floor":35},{"not_picked":["Dagger Throw+1","Eviscerate"],"picked":"Accuracy+1","floor":37},{"not_picked":["Deflect","Dagger Throw+1","Outmaneuver"],"picked":"SKIP","floor":38},{"not_picked":["Infinite Blades+1","Backflip+1"],"picked":"Footwork+1","floor":39},{"not_picked":["Outmaneuver+1","Reflex"],"picked":"After Image+1","floor":40},{"not_picked":["Dagger Spray+1","Blade Dance"],"picked":"Catalyst","floor":42},{"not_picked":["Predator","Flying Knee+1"],"picked":"Endless Agony+1","floor":47}],"player_experience":1127298,"relics_obtained":[{"floor":7,"key":"Regal Pillow"},{"floor":9,"key":"Akabeko"},{"floor":12,"key":"Dream Catcher"},{"floor":23,"key":"CeramicFish"},{"floor":25,"key":"PreservedInsect"},{"floor":26,"key":"Frozen Egg 2"},{"floor":29,"key":"Bronze Scales"},{"floor":31,"key":"Paper Crane"},{"floor":40,"key":"StrikeDummy"},{"floor":43,"key":"Toy Ornithopter"}],"event_choices":[{"damage_healed":0,"gold_gain":0,"player_choice":"Gave Potion","damage_taken":0,"relics_obtained":["Eternal Feather"],"max_hp_gain":0,"max_hp_loss":0,"event_name":"WeMeetAgain","floor":4,"gold_loss":0},{"cards_removed":["Shame","Parasite"],"damage_healed":0,"gold_gain":0,"player_choice":"Removed Curses","damage_taken":0,"max_hp_gain":0,"max_hp_loss":0,"event_name":"Fountain of Cleansing","floor":36,"gold_loss":0},{"damage_healed":0,"gold_gain":0,"player_choice":"Max HP","damage_taken":0,"max_hp_gain":0,"max_hp_loss":3,"event_name":"Winding Halls","floor":44,"gold_loss":0},{"cards_removed":["Neutralize"],"damage_healed":0,"gold_gain":0,"player_choice":"Removed Attack","damage_taken":0,"max_hp_gain":0,"max_hp_loss":0,"event_name":"Falling","floor":45,"gold_loss":0}],"is_beta":false,"boss_relics":[{"not_picked":["Pandora\u0027s Box","Tiny House"],"picked":"Cursed Key"},{"not_picked":["Runic Pyramid","SlaversCollar"],"picked":"Coffee Dripper"}],"items_purged_floors":[46,48],"is_endless":false,"potions_floor_spawned":[2,3,5,18,29,30,39,47],"ascension_level":10}}