{"host":"824exx23qlyrdtjz","time":1611365026,"event":{"mods":["BaseMod","Colored Map","Downfall","Minty Spire (QoL Compilation)","StSLib"],"gold_per_floor":[99,118,118,134,134,153,153,53,73,100,112,144,156,175,192,192,192,192],"floor_reached":16,"language":"ENG","playtime":416,"items_purged":[],"score":116,"play_id":"7f4cdad5-41f5-4252-a24c-cd21811a9181","local_time":"20210122202346","is_ascension_mode":false,"campfire_choices":[{"floor":1,"key":"RECALL"},{"data":"bronze:Overheat","floor":8,"key":"SMITH"}],"circlet_count":0,"master_deck":["bronze:Strike","bronze:Strike+1","bronze:Strike","bronze:Strike+1","bronze:Defend+1","bronze:Defend","bronze:Defend","bronze:Defend","bronze:Replicate+1","bronze:Goto","bronze:Overheat+1","downfall:Malfunctioning","bronze:Iterate","bronze:WhirlingStrike","bronze:Shield","bronze:SpaghettiCode","bronze:OilSpill","bronze:WildBeam","bronze:Flail","bronze:FineTuning","bronze:CutThrough"],"relics":["bronze:BronzeCore","CaptainsWheel","Gremlin Horn","downfall:HeartBlessingRed","Centennial Puzzle","bronze:ProtectiveGoggles"],"acts_visited":["Exordium"],"potions_floor_usage":[10,10,11,14],"damage_taken":[{"damage":5,"enemies":"2 Louse","floor":2,"turns":3},{"damage":18,"enemies":"Jaw Worm","floor":4,"turns":3},{"damage":6,"enemies":"Cultist","floor":6,"turns":3},{"damage":0,"enemies":"Gremlin Gang","floor":9,"turns":2},{"damage":9,"enemies":"3 Sentries","floor":10,"turns":3},{"damage":4,"enemies":"Large Slime","floor":11,"turns":7},{"damage":14,"enemies":"Gremlin Nob","floor":12,"turns":4},{"damage":7,"enemies":"Blue Slaver","floor":13,"turns":2},{"damage":0,"enemies":"2 Fungi Beasts","floor":14,"turns":1},{"damage":0,"enemies":"Large Slime","floor":15,"turns":3},{"damage":5,"enemies":"WA_ARCHETYPE_RETAIN","floor":16,"turns":1}],"seed_played":"-7644308614715147526","potions_obtained":[{"floor":2,"key":"Ancient Potion"},{"floor":9,"key":"SteroidPotion"},{"floor":10,"key":"BlessingOfTheForge"},{"floor":13,"key":"Explosive Potion"},{"floor":14,"key":"sneckomod:MuddlingPotion"},{"floor":15,"key":"SkillPotion"}],"is_trial":false,"path_per_floor":["R","M","?","M","?","M","T","R","M","E","M","E","M","M","M","B"],"character_chosen":"THE_AUTOMATON","items_purchased":[],"campfire_rested":0,"item_purchase_floors":[],"current_hp_per_floor":[70,65,65,47,44,38,38,38,38,29,25,11,4,4,4,0,0,0],"gold":192,"neow_bonus":"UPGRADE_CARD","is_daily":false,"chose_seed":false,"campfire_upgraded":1,"win_rate":0.0,"timestamp":1611365026,"path_taken":["R","M","?","M","?","M","T","R","M","E","M","E","M","M","M","BOSS"],"items_purchased_type":[],"build_version":"2020-12-22","purchased_purges":0,"victory":false,"max_hp_per_floor":[70,70,70,70,70,70,70,70,70,70,70,70,70,70,70,70,70,70],"card_choices":[{"not_picked":["bronze:BitShift","bronze:DelayedGuard"],"picked":"bronze:Overheat","floor":2},{"not_picked":["bronze:Philosophize","bronze:FollowUp"],"picked":"bronze:Iterate","floor":4},{"not_picked":["bronze:Shell","bronze:MaxOutput"],"picked":"bronze:WhirlingStrike","floor":6},{"not_picked":["bronze:Iterate","bronze:BitShift"],"picked":"bronze:Shield","floor":9},{"not_picked":["bronze:FineTuning","bronze:Shield"],"picked":"bronze:SpaghettiCode","floor":10},{"not_picked":["bronze:WildBeam","bronze:Overheat"],"picked":"bronze:OilSpill","floor":11},{"not_picked":["bronze:ForLoop","bronze:ChildClass"],"picked":"bronze:WildBeam","floor":12},{"not_picked":["bronze:Iterate","bronze:CutThrough"],"picked":"bronze:Flail","floor":13},{"not_picked":["bronze:Philosophize","bronze:Safeguard"],"picked":"bronze:FineTuning","floor":14},{"not_picked":["bronze:Turbo","bronze:Shield"],"picked":"bronze:CutThrough","floor":15}],"player_experience":193607,"relics_obtained":[{"floor":7,"key":"Gremlin Horn"},{"floor":10,"key":"Centennial Puzzle"},{"floor":12,"key":"bronze:ProtectiveGoggles"}],"event_choices":[{"damage_healed":0,"gold_gain":0,"player_choice":"Success","damage_taken":3,"relics_obtained":["CaptainsWheel"],"max_hp_gain":0,"max_hp_loss":0,"event_name":"Scrap Ooze","floor":5,"gold_loss":0}],"is_beta":false,"boss_relics":[],"items_purged_floors":[],"is_endless":false,"potions_floor_spawned":[2,9,10,13,14,15],"killed_by":"WA_ARCHETYPE_RETAIN","ascension_level":0}}