{"host":"lreod2rejfd0az5i","time":1611442910,"event":{"mods":["AchievementEnabler","Aspiration","BaseMod","Colored Powertips","Conspire","Downfall","Highlight Path","Hubris","Infinite Spire","Mad Scientist","Minty Spire (QoL Compilation)","Rare Cards Sparkle","Relic Stats","Replay The Spire","StSLib","The Bug Knight","The Jungle"],"gold_per_floor":[115,40,87,101,101,132,132,142,169,169,169,169,129,144,144,7,7,78,78,88,103,103,103,113,113,313,325,325,325,325,325],"floor_reached":30,"language":"ENG","playtime":792,"items_purged":["Strike_G","Strike_G"],"score":527,"play_id":"7d4f1e14-ce89-439e-9394-f15014e49839","local_time":"20210123160150","is_ascension_mode":true,"campfire_choices":[{"data":"Poisoned Stab","floor":7,"key":"SMITH"},{"data":"Poisoned Stab","floor":15,"key":"SMITH"},{"data":"Poisoned Stab","floor":17,"key":"SMITH"},{"floor":25,"key":"REST"},{"floor":29,"key":"REST"}],"circlet_count":0,"master_deck":["AscendersBane","Strike_G","Strike_G","Strike_G","Defend_G","Defend_G","Defend_G","Defend_G","Defend_G","Survivor","Neutralize","Crippling Poison+1","Poisoned Stab+1","Backflip","Poisoned Stab+1","Poisoned Stab+1","Poisoned Stab","Phantasmal Killer"],"relics":["Ring of the Snake","NeowsBlessing","aspiration:ChemicalBlood","aspiration:SneckoTail","aspiration:TomeofQuesting","Black Star","hubris:Towel","Potion Belt"],"acts_visited":["Exordium","TheCity"],"potions_floor_usage":[18,20,21,24,30,30],"damage_taken":[{"damage":0,"enemies":"Cultist","floor":1,"turns":1},{"damage":0,"enemies":"Small Slimes","floor":4,"turns":1},{"damage":0,"enemies":"Lagavulin","floor":6,"turns":1},{"damage":0,"enemies":"conspire:RoseBush","floor":8,"turns":3},{"damage":0,"enemies":"Looter","floor":13,"turns":4},{"damage":9,"enemies":"Blue Slaver","floor":14,"turns":3},{"damage":4,"enemies":"The Guardian","floor":18,"turns":9},{"damage":16,"enemies":"3 Byrds","floor":20,"turns":4},{"damage":32,"enemies":"Chosen and Byrds","floor":21,"turns":4},{"damage":8,"enemies":"conspire:HollyBat","floor":24,"turns":9},{"damage":16,"enemies":"Snake Plant","floor":27,"turns":4},{"damage":34,"enemies":"Gremlin Leader","floor":30,"turns":2}],"seed_played":"-7766354789017762914","potions_obtained":[{"floor":1,"key":"Weak Potion"},{"floor":8,"key":"EssenceOfSteel"},{"floor":18,"key":"CunningPotion"},{"floor":24,"key":"Weak Potion"},{"floor":27,"key":"BlessingOfTheForge"}],"is_trial":false,"path_per_floor":["M","$","T","M","?","E","R","M","T","PTL","PTL","$","M","M","R","$","R","B",null,"M","M","$","?","M","R","?","M","T","R","E"],"character_chosen":"THE_SILENT","items_purchased":["Poisoned Stab"],"campfire_rested":2,"item_purchase_floors":[16],"current_hp_per_floor":[59,59,59,59,59,59,59,59,59,59,59,59,59,50,50,50,50,46,61,45,13,13,13,5,24,24,8,8,27,0,0],"gold":325,"neow_bonus":"THREE_ENEMY_KILL","is_daily":false,"chose_seed":false,"campfire_upgraded":3,"win_rate":0.0,"timestamp":1611442910,"path_taken":["M","?","?","?","?","E","R","M","T","PTL","PTL","$","M","?","R","$","R","BOSS","M","M","$","?","M","R","?","?","T","R","E"],"items_purchased_type":["Card"],"build_version":"2020-12-22","purchased_purges":2,"victory":false,"max_hp_per_floor":[66,66,66,66,66,66,66,66,66,66,66,66,66,66,66,66,66,66,66,66,66,66,66,66,66,66,66,66,66,66,66],"relic_stats":{"counters":[12,45],"Black Star":0,"obtain_stats":[{"Potion Belt":28,"NeowsBlessing":0,"aspiration:SneckoTail":6,"aspiration:TomeofQuesting":9,"Black Star":19,"hubris:Towel":23,"Ring of the Snake":0,"aspiration:ChemicalBlood":3},{"Potion Belt":11,"NeowsBlessing":0,"aspiration:SneckoTail":3,"aspiration:TomeofQuesting":4,"Black Star":7,"hubris:Towel":9,"Ring of the Snake":0,"aspiration:ChemicalBlood":1},{"Potion Belt":43,"NeowsBlessing":0,"aspiration:SneckoTail":3,"aspiration:TomeofQuesting":6,"Black Star":22,"hubris:Towel":30,"Ring of the Snake":0,"aspiration:ChemicalBlood":1}],"Ring of the Snake":[24]},"card_choices":[{"not_picked":["hubris:SlightOfHand","Slice"],"picked":"Crippling Poison","floor":1},{"not_picked":["PiercingWail","ReplayTheSpireMod:The Works","Fluid Movement"],"picked":"SKIP","floor":4},{"not_picked":["Quick Slash","Sucker Punch"],"picked":"Poisoned Stab","floor":6},{"not_picked":["Toxin Wave","hubris:SlightOfHand"],"picked":"Backflip","floor":8},{"not_picked":["Skewer","Dagger Throw","Prepared"],"picked":"SKIP","floor":13},{"not_picked":["Sucker Punch","Leg Sweep"],"picked":"Poisoned Stab","floor":14},{"not_picked":["Atom Bomb","Storm of Steel"],"picked":"Phantasmal Killer","floor":18},{"not_picked":["hubris:SlightOfHand+1","Backstab","Cloak And Dagger"],"picked":"SKIP","floor":20},{"not_picked":["Backflip","Backstab","Underhanded Strike+1"],"picked":"SKIP","floor":21},{"not_picked":["Underhanded Strike+1","Flying Knee","After Image"],"picked":"SKIP","floor":24},{"not_picked":["Acrobatics+1","Deadly Poison","Choke"],"picked":"SKIP","floor":27}],"player_experience":885249,"relics_obtained":[{"floor":3,"key":"aspiration:ChemicalBlood"},{"floor":6,"key":"aspiration:SneckoTail"},{"floor":9,"key":"aspiration:TomeofQuesting"},{"floor":28,"key":"Potion Belt"}],"event_choices":[{"damage_healed":0,"gold_gain":0,"player_choice":"Forge","damage_taken":0,"max_hp_gain":0,"max_hp_loss":0,"event_name":"Accursed Blacksmith","floor":5,"gold_loss":0,"cards_upgraded":["Crippling Poison"]},{"damage_healed":0,"gold_gain":250,"player_choice":"Bet on Owner","damage_taken":0,"max_hp_gain":0,"max_hp_loss":0,"event_name":"The Joust","floor":26,"gold_loss":50}],"is_beta":false,"boss_relics":[{"not_picked":["Replay:Fungal Core","Snecko Heart"],"picked":"Black Star"}],"items_purged_floors":[2,16],"is_endless":false,"potions_floor_spawned":[1,8,18,24,27],"killed_by":"Gremlin Leader","ascension_level":20}}