{"host":"AZZAM","time":1611423202,"event":{"mods":["BaseMod","Minty Spire (QoL Compilation)","Relic Stats"],"gold_per_floor":[114,134,434,447,462,497,556,582,582,609,627,652,32,83,83,180,180,217,233,85,85,85,113,113,163,163,163,163,163],"floor_reached":28,"language":"ENG","playtime":1244,"items_purged":["Strike_B","Strike_B"],"score":351,"play_id":"cc8b4ac0-adf8-4092-a501-97b020be7b18","local_time":"20210123203322","is_ascension_mode":true,"campfire_choices":[{"data":"Buffer","floor":15,"key":"SMITH"},{"data":"Defragment","floor":24,"key":"SMITH"},{"data":"HandOfGreed","floor":27,"key":"SMITH"}],"circlet_count":0,"master_deck":["Strike_B+1","Strike_B+1","Defend_B+1","Defend_B+1","Defend_B+1","Defend_B+1","Zap","Dualcast+1","Conserve Battery","Rebound","Doom and Gloom","Ball Lightning","Buffer+1","Ball Lightning","Aggregate","Defragment","Darkness","Genetic Algorithm","Hologram","HandOfGreed+1","Defragment+1","Creative AI","Turbo","White Noise+1"],"relics":["Cracked Core","Old Coin","War Paint","Prayer Wheel","Bottled Tornado","Pocketwatch","Orichalcum","Lizard Tail","Bottled Lightning","Busted Crown","Cables","Pear","Pantograph"],"acts_visited":["Exordium","TheCity"],"potions_floor_usage":[6,8,12,14,18,23,28],"damage_taken":[{"damage":9,"enemies":"Jaw Worm","floor":1,"turns":4},{"damage":2,"enemies":"Small Slimes","floor":2,"turns":4},{"damage":3,"enemies":"2 Louse","floor":4,"turns":2},{"damage":0,"enemies":"Large Slime","floor":5,"turns":4},{"damage":3,"enemies":"Gremlin Nob","floor":6,"turns":3},{"damage":8,"enemies":"3 Sentries","floor":8,"turns":5},{"damage":8,"enemies":"Lagavulin","floor":10,"turns":5},{"damage":0,"enemies":"Looter","floor":11,"turns":2},{"damage":7,"enemies":"3 Sentries","floor":12,"turns":5},{"damage":0,"enemies":"Gremlin Nob","floor":14,"turns":3},{"damage":10,"enemies":"The Guardian","floor":16,"turns":10},{"damage":20,"enemies":"3 Byrds","floor":18,"turns":4},{"damage":0,"enemies":"Chosen","floor":19,"turns":4},{"damage":73,"enemies":"Slavers","floor":23,"turns":5},{"damage":9,"enemies":"Book of Stabbing","floor":25,"turns":5},{"damage":39,"enemies":"Slavers","floor":28,"turns":3}],"seed_played":"-5321836660501508827","potions_obtained":[{"floor":0,"key":"Energy Potion"},{"floor":0,"key":"Weak Potion"},{"floor":0,"key":"DistilledChaos"},{"floor":10,"key":"SkillPotion"},{"floor":11,"key":"Strength Potion"},{"floor":25,"key":"SkillPotion"}],"is_trial":false,"path_per_floor":["M","M","?","M","M","E","?","E","T","E","M","E","$","E","R","B",null,"M","M","$","?","?","E","R","E","T","R","E"],"character_chosen":"DEFECT","items_purchased":["Hologram","HandOfGreed","Lizard Tail","Energy Potion"],"campfire_rested":0,"item_purchase_floors":[13,13,13,20],"current_hp_per_floor":[66,64,46,43,43,40,40,32,32,24,24,17,17,17,17,7,75,55,55,55,55,55,37,37,38,38,38,0,0],"gold":163,"neow_bonus":"THREE_SMALL_POTIONS","is_daily":false,"chose_seed":false,"campfire_upgraded":3,"win_rate":0.0,"timestamp":1611423202,"path_taken":["M","M","?","M","M","E","?","E","T","E","M","E","$","E","R","BOSS","M","M","$","?","?","E","R","E","T","R","E"],"items_purchased_type":["Card","Card","Relic","Potion"],"build_version":"2020-12-18","purchased_purges":2,"victory":false,"max_hp_per_floor":[75,75,75,75,75,75,75,75,75,75,75,75,75,75,75,75,75,75,75,75,75,75,75,75,85,85,85,85,85],"relic_stats":{"Lizard Tail":37,"Busted Crown":12,"counters":[16,68],"Pantograph":0,"Prayer Wheel":3,"War Paint":["Defend_B","Dualcast"],"Orichalcum":[54],"obtain_stats":[{"Pear":25,"War Paint":6,"Bottled Tornado":9,"Orichalcum":12,"Old Coin":3,"Cables":23,"Lizard Tail":13,"Busted Crown":17,"Pantograph":26,"Prayer Wheel":8,"Bottled Lightning":14,"Cracked Core":0,"Pocketwatch":10},{"Pear":15,"War Paint":5,"Bottled Tornado":6,"Orichalcum":9,"Old Coin":2,"Cables":14,"Lizard Tail":9,"Busted Crown":11,"Pantograph":15,"Prayer Wheel":6,"Bottled Lightning":10,"Cracked Core":0,"Pocketwatch":7},{"Pear":65,"War Paint":17,"Bottled Tornado":22,"Orichalcum":34,"Old Coin":8,"Cables":60,"Lizard Tail":34,"Busted Crown":47,"Pantograph":65,"Prayer Wheel":22,"Bottled Lightning":37,"Cracked Core":0,"Pocketwatch":27}],"Pocketwatch":[36],"Cables":[6,4,0,2,0]},"card_choices":[{"not_picked":["Heatsinks","Turbo"],"picked":"Conserve Battery","floor":1},{"not_picked":["Turbo","Reinforced Body"],"picked":"Rebound","floor":2},{"not_picked":["Leap","Scrape"],"picked":"Doom and Gloom","floor":4},{"not_picked":["Steam","Rebound"],"picked":"Ball Lightning","floor":5},{"not_picked":["Chill","Streamline"],"picked":"Buffer","floor":6},{"not_picked":["Steam","Steam Power"],"picked":"Ball Lightning","floor":8},{"not_picked":["Steam","Chaos"],"picked":"Aggregate","floor":10},{"not_picked":["Tempest","Cold Snap"],"picked":"Defragment","floor":11},{"not_picked":["Blizzard","Coolheaded"],"picked":"Darkness","floor":11},{"not_picked":["Turbo","Rebound"],"picked":"Genetic Algorithm","floor":12},{"not_picked":["Gash","Sweeping Beam"],"picked":"Defragment","floor":14},{"not_picked":["Buffer","Multi-Cast"],"picked":"Creative AI","floor":16},{"not_picked":[],"picked":"Turbo","floor":18},{"not_picked":["Streamline"],"picked":"SKIP","floor":18},{"not_picked":["Hello World+1"],"picked":"SKIP","floor":19},{"not_picked":["Sunder"],"picked":"SKIP","floor":19},{"not_picked":["Ball Lightning"],"picked":"SKIP","floor":23},{"not_picked":[],"picked":"White Noise+1","floor":25}],"player_experience":51428,"relics_obtained":[{"floor":6,"key":"War Paint"},{"floor":8,"key":"Prayer Wheel"},{"floor":9,"key":"Bottled Tornado"},{"floor":10,"key":"Pocketwatch"},{"floor":12,"key":"Orichalcum"},{"floor":14,"key":"Bottled Lightning"},{"floor":23,"key":"Cables"},{"floor":25,"key":"Pear"},{"floor":26,"key":"Pantograph"}],"event_choices":[{"damage_healed":0,"gold_gain":0,"player_choice":"Success","damage_taken":18,"relics_obtained":["Old Coin"],"max_hp_gain":0,"max_hp_loss":0,"event_name":"Scrap Ooze","floor":3,"gold_loss":0},{"damage_healed":0,"gold_gain":59,"player_choice":"Gained Gold","damage_taken":0,"max_hp_gain":0,"max_hp_loss":0,"event_name":"Golden Wing","floor":7,"gold_loss":0},{"damage_healed":0,"gold_gain":0,"player_choice":"Ignored","damage_taken":0,"max_hp_gain":0,"max_hp_loss":0,"event_name":"Ghosts","floor":21,"gold_loss":0},{"damage_healed":0,"gold_gain":0,"player_choice":"Simplicity","damage_taken":0,"max_hp_gain":0,"max_hp_loss":0,"event_name":"Back to Basics","floor":22,"gold_loss":0,"cards_upgraded":["Strike_B","Strike_B","Defend_B","Defend_B","Defend_B"]}],"is_beta":true,"boss_relics":[{"not_picked":["Sozu","Tiny House"],"picked":"Busted Crown"}],"items_purged_floors":[13,20],"is_endless":false,"potions_floor_spawned":[2,5,10,11,25],"killed_by":"Slavers","ascension_level":2}}