{"host":"k7udt7atmcuzf6l0","time":1611374885,"event":{"mods":["AchievementEnabler","BaseMod","Colored Map","Colored Powertips","Highlight Path","Minty Spire (QoL Compilation)","Quick Restart","Rare Cards Sparkle","StSLib","UnlockEverythingMod"],"gold_per_floor":[118,10,21,39,57,57,89,106,184,184,195,207,207,234,234,336,336,349,366,20,35,55,55,89,89,89,89,124,143,143,158,158,262,262,280,39,39,51,51,51,51,62,88,414,424,424,424,424],"floor_reached":47,"language":"ZHT","playtime":1292,"items_purged":[],"score":576,"play_id":"a37a0c11-5ac1-4c4f-baf1-6946c44cdae5","local_time":"20210123120805","is_ascension_mode":false,"campfire_choices":[{"data":"Flex","floor":6,"key":"SMITH"},{"data":"Armaments","floor":10,"key":"SMITH"},{"data":"Body Slam","floor":13,"key":"SMITH"},{"data":"Double Tap","floor":15,"key":"SMITH"},{"data":"Limit Break","floor":23,"key":"SMITH"},{"data":"Dual Wield","floor":25,"key":"SMITH"},{"data":"Inflame","floor":32,"key":"SMITH"},{"data":"Sword Boomerang","floor":40,"key":"SMITH"}],"circlet_count":0,"master_deck":["Strike_R","Strike_R","Strike_R","Strike_R","Defend_R","Defend_R","Bash","Body Slam+1","Pommel Strike","Flex+1","Sword Boomerang+1","Inflame+1","Double Tap+1","Armaments+1","Cleave+1","Thunderclap+1","Limit Break+1","Reaper+1","Combust+1","Berserk+1","Spot Weakness","Dual Wield+1","Twin Strike+1","Clash+1","Hemokinesis+1","Warcry+1","Inflame+1","Headbutt+1","Iron Wave+1","Bludgeon+1","Sword Boomerang+1","Berserk+1","Infernal Blade+1","Shrug It Off+1","Sword Boomerang+1","Pummel+1"],"relics":["Burning Blood","NeowsBlessing","Molten Egg 2","Ornamental Fan","Odd Mushroom","Astrolabe","HandDrill","Happy Flower","Mango","The Courier","Boot","Runic Cube","Bird Faced Urn","Oddly Smooth Stone","Vajra","Old Coin"],"acts_visited":["Exordium","TheCity","TheBeyond"],"potions_floor_usage":[7,11,14,14,21,21,22,33,35,44,45,46],"damage_taken":[{"damage":0,"enemies":"Small Slimes","floor":1,"turns":1},{"damage":0,"enemies":"2 Louse","floor":3,"turns":1},{"damage":0,"enemies":"Jaw Worm","floor":4,"turns":1},{"damage":17,"enemies":"Exordium Thugs","floor":5,"turns":4},{"damage":2,"enemies":"Gremlin Nob","floor":7,"turns":3},{"damage":2,"enemies":"3 Louse","floor":8,"turns":3},{"damage":2,"enemies":"Lots of Slimes","floor":11,"turns":4},{"damage":26,"enemies":"Exordium Thugs","floor":12,"turns":3},{"damage":14,"enemies":"The Mushroom Lair","floor":14,"turns":3},{"damage":19,"enemies":"Slime Boss","floor":16,"turns":7},{"damage":19,"enemies":"2 Thieves","floor":18,"turns":3},{"damage":17,"enemies":"3 Byrds","floor":19,"turns":4},{"damage":24,"enemies":"Snecko","floor":21,"turns":6},{"damage":4,"enemies":"3 Cultists","floor":22,"turns":3},{"damage":30,"enemies":"Gremlin Leader","floor":24,"turns":4},{"damage":28,"enemies":"Slavers","floor":28,"turns":4},{"damage":33,"enemies":"Snake Plant","floor":29,"turns":4},{"damage":0,"enemies":"Snecko","floor":31,"turns":2},{"damage":49,"enemies":"Collector","floor":33,"turns":5},{"damage":22,"enemies":"3 Shapes","floor":35,"turns":3},{"damage":6,"enemies":"Orb Walker","floor":38,"turns":2},{"damage":21,"enemies":"3 Darklings","floor":42,"turns":3},{"damage":30,"enemies":"Reptomancer","floor":44,"turns":3},{"damage":16,"enemies":"Sphere and 2 Shapes","floor":45,"turns":4},{"damage":0,"enemies":"Jaw Worm Horde","floor":46,"turns":1},{"damage":79,"enemies":"Nemesis","floor":47,"turns":4}],"seed_played":"-4287721720081942135","potions_obtained":[{"floor":3,"key":"Block Potion"},{"floor":5,"key":"Energy Potion"},{"floor":8,"key":"Swift Potion"},{"floor":12,"key":"BloodPotion"},{"floor":18,"key":"CultistPotion"},{"floor":19,"key":"Block Potion"},{"floor":21,"key":"PowerPotion"},{"floor":29,"key":"Dexterity Potion"},{"floor":33,"key":"HeartOfIron"},{"floor":42,"key":"FearPotion"},{"floor":44,"key":"SkillPotion"},{"floor":45,"key":"SmokeBomb"}],"is_trial":false,"path_per_floor":["M","$","M","M","M","R","E","M","T","R","M","M","R","?","R","B",null,"M","M","$","M","M","R","E","R","T","?","E","M","?","M","R","B",null,"M","$","?","M","$","R","?","M","T","E","M","M","E"],"character_chosen":"IRONCLAD","items_purchased":["Body Slam","Pommel Strike","HandDrill","Happy Flower","Twin Strike+1","Bird Faced Urn"],"campfire_rested":0,"item_purchase_floors":[2,2,20,20,20,36],"current_hp_per_floor":[80,80,80,80,69,69,73,77,77,77,80,60,60,68,68,55,80,67,56,56,60,62,62,72,72,72,53,41,14,47,63,63,20,99,94,94,94,96,96,96,96,83,83,77,71,77,0,0],"gold":424,"neow_bonus":"THREE_ENEMY_KILL","is_daily":false,"chose_seed":false,"campfire_upgraded":8,"win_rate":0.0,"timestamp":1611374885,"path_taken":["M","$","M","M","M","R","E","M","T","R","M","M","R","?","R","BOSS","M","M","$","M","M","R","E","R","T","?","E","M","?","M","R","BOSS","M","$","?","M","?","R","?","M","T","E","?","M","E"],"items_purchased_type":["Card","Card","Relic","Relic","Card","Relic"],"build_version":"2020-12-22","purchased_purges":0,"victory":false,"max_hp_per_floor":[80,80,80,80,80,80,80,80,80,80,80,80,80,80,80,80,80,80,80,80,80,80,80,94,94,94,99,99,99,99,99,99,99,99,99,99,99,99,99,99,99,99,99,99,99,99,99,99],"card_choices":[{"not_picked":["Burning Pact","Entrench"],"picked":"Clash","floor":1},{"not_picked":["Armaments","Anger"],"picked":"Flex","floor":3},{"not_picked":["Havoc","Wild Strike"],"picked":"Sword Boomerang","floor":4},{"not_picked":["Havoc","Pommel Strike"],"picked":"Inflame","floor":5},{"not_picked":["Immolate+1","Clash+1"],"picked":"Double Tap","floor":7},{"not_picked":["Rampage+1","Combust"],"picked":"Armaments","floor":8},{"not_picked":["Evolve","Clothesline+1","Armaments"],"picked":"SKIP","floor":11},{"not_picked":["Wild Strike+1","Heavy Blade+1"],"picked":"Cleave+1","floor":12},{"not_picked":["Sentinel","Power Through"],"picked":"Thunderclap+1","floor":14},{"not_picked":["Bludgeon+1","Fiend Fire+1"],"picked":"Limit Break","floor":16},{"not_picked":["Clothesline+1","Heavy Blade+1"],"picked":"Spot Weakness","floor":18},{"not_picked":["Rage+1","Clash+1"],"picked":"Dual Wield","floor":19},{"not_picked":["Cleave+1","Thunderclap+1"],"picked":"Clash+1","floor":21},{"not_picked":["Juggernaut","Wild Strike+1"],"picked":"Hemokinesis+1","floor":22},{"not_picked":["Clothesline+1","Blood for Blood+1"],"picked":"Warcry+1","floor":24},{"not_picked":["Flex","Double Tap"],"picked":"Inflame+1","floor":28},{"not_picked":["Flex","Body Slam+1"],"picked":"Headbutt+1","floor":29},{"not_picked":["Combust","True Grit"],"picked":"Iron Wave+1","floor":31},{"not_picked":["Juggernaut","Fiend Fire+1"],"picked":"Bludgeon+1","floor":33},{"not_picked":["Reckless Charge+1","Power Through"],"picked":"Sword Boomerang+1","floor":35},{"not_picked":["Warcry+1","Shrug It Off"],"picked":"Infernal Blade+1","floor":38},{"not_picked":["Carnage+1","True Grit"],"picked":"Shrug It Off+1","floor":42},{"not_picked":["Disarm","Searing Blow+1"],"picked":"Sword Boomerang+1","floor":44},{"not_picked":["Burning Pact+1","Flame Barrier"],"picked":"Pummel+1","floor":45}],"player_experience":108347,"relics_obtained":[{"floor":7,"key":"Molten Egg 2"},{"floor":9,"key":"Ornamental Fan"},{"floor":14,"key":"Odd Mushroom"},{"floor":24,"key":"Mango"},{"floor":26,"key":"The Courier"},{"floor":28,"key":"Boot"},{"floor":43,"key":"Vajra"},{"floor":44,"key":"Old Coin"}],"event_choices":[{"damage_healed":0,"gold_gain":0,"player_choice":"Fought Mushrooms","damage_taken":0,"max_hp_gain":0,"max_hp_loss":0,"event_name":"Mushrooms","floor":14,"gold_loss":0},{"damage_healed":0,"gold_gain":0,"player_choice":"Shed Blood","damage_taken":24,"max_hp_gain":5,"max_hp_loss":0,"event_name":"Forgotten Altar","floor":27,"gold_loss":0},{"damage_healed":33,"gold_gain":0,"player_choice":"Heal","damage_taken":0,"max_hp_gain":0,"max_hp_loss":0,"event_name":"The Library","floor":30,"gold_loss":0},{"damage_healed":0,"gold_gain":0,"player_choice":"Copied","damage_taken":0,"max_hp_gain":0,"max_hp_loss":0,"event_name":"Duplicator","floor":37,"gold_loss":0,"cards_obtained":["Berserk"]},{"cards_removed":["Clash"],"damage_healed":0,"gold_gain":0,"player_choice":"Gave Card","damage_taken":0,"relics_obtained":["Oddly Smooth Stone"],"max_hp_gain":0,"max_hp_loss":0,"event_name":"WeMeetAgain","floor":41,"gold_loss":0}],"is_beta":false,"boss_relics":[{"not_picked":["Black Blood","Pandora\u0027s Box"],"picked":"Astrolabe"},{"not_picked":["Mark of Pain","Snecko Eye"],"picked":"Runic Cube"}],"items_purged_floors":[],"is_endless":false,"potions_floor_spawned":[3,5,8,12,18,19,21,29,33,42,44,45],"killed_by":"Nemesis","ascension_level":0}}