{"host":"x8sop9v6zw8yitbt","time":1611374183,"event":{"mods":["BaseMod","Best Route Mod","Block Reminder","Colored Powertips","Dark Map","DeckTracker","Minty Spire (QoL Compilation)","Permanent Neow","Quick Restart","Relic Stats","Slay-I","StSLib"],"gold_per_floor":[111,131,145,220,220,252,252,252,252],"floor_reached":8,"language":"ENG","playtime":178,"items_purged":[],"score":59,"play_id":"9a30d591-9c40-4fee-9d0b-438afc902471","local_time":"20210122225623","is_ascension_mode":true,"campfire_choices":[{"data":"Whirlwind","floor":7,"key":"SMITH"}],"circlet_count":0,"master_deck":["Strike_R","Strike_R","Strike_R","Strike_R","Strike_R","Defend_R","Defend_R","Defend_R","Defend_R","Bash","Feed","Whirlwind+1","Shockwave","Shrug It Off"],"relics":["Burning Blood","Darkstone Periapt"],"acts_visited":["Exordium"],"potions_floor_usage":[],"damage_taken":[{"damage":3,"enemies":"Jaw Worm","floor":1,"turns":4},{"damage":2,"enemies":"Small Slimes","floor":2,"turns":3},{"damage":1,"enemies":"Cultist","floor":3,"turns":4},{"damage":58,"enemies":"Lagavulin","floor":6,"turns":9},{"damage":4,"enemies":"3 Sentries","floor":8,"turns":2}],"seed_played":"-1526554063517603145","potions_obtained":[{"floor":2,"key":"Fire Potion"}],"is_trial":false,"path_per_floor":["M","M","M","?","?","E","R","E"],"character_chosen":"IRONCLAD","items_purchased":[],"campfire_rested":0,"item_purchase_floors":[],"current_hp_per_floor":[83,86,89,78,78,26,26,22,22],"gold":252,"neow_bonus":"ONE_RANDOM_RARE_CARD","is_daily":false,"chose_seed":false,"campfire_upgraded":1,"win_rate":0.0,"timestamp":1611374183,"path_taken":["M","M","M","?","?","E","R","E"],"items_purchased_type":[],"build_version":"2020-12-22","purchased_purges":0,"victory":false,"max_hp_per_floor":[83,86,89,89,89,89,89,89,89],"relic_stats":{"Darkstone Periapt":0,"counters":[5,22],"obtain_stats":[{"Darkstone Periapt":6,"Burning Blood":0},{"Darkstone Periapt":4,"Burning Blood":0},{"Darkstone Periapt":20,"Burning Blood":0}],"Burning Blood":12},"card_choices":[{"not_picked":["Pommel Strike","Iron Wave"],"picked":"Whirlwind","floor":1},{"not_picked":["Entrench","Dual Wield","Thunderclap"],"picked":"SKIP","floor":2},{"not_picked":["Bloodletting","Thunderclap"],"picked":"Shockwave","floor":3},{"not_picked":["Intimidate","Cleave"],"picked":"Shrug It Off","floor":6}],"player_experience":880019,"relics_obtained":[{"floor":6,"key":"Darkstone Periapt"}],"event_choices":[{"damage_healed":0,"gold_gain":75,"player_choice":"Gather Gold","damage_taken":11,"max_hp_gain":0,"max_hp_loss":0,"event_name":"World of Goop","floor":4,"gold_loss":0},{"damage_healed":0,"gold_gain":0,"player_choice":"Ignored","damage_taken":0,"max_hp_gain":0,"max_hp_loss":0,"event_name":"Liars Game","floor":5,"gold_loss":0}],"is_beta":false,"boss_relics":[],"items_purged_floors":[],"is_endless":false,"potions_floor_spawned":[2],"killed_by":"3 Sentries","ascension_level":1}}