{"host":"yqveedbda5h7irme","time":1611415806,"event":{"mods":["AchievementEnabler","Aspiration","BaseMod","BetterRewards","Colored Powertips","Conspire","Downfall","GifTheSpireLib","Hermit","Hubris","Infinite Spire","Marked Mod","Minty Spire (QoL Compilation)","Replay The Spire","StSLib","Stuff the Spire","The Jungle","The Necromancer","The Servant 0.9.4"],"gold_per_floor":[99,111,130,149,169,187,210,223,223,174,207,207,221,241,252,252,252,252],"floor_reached":16,"language":"ENG","playtime":941,"items_purged":[],"score":108,"play_id":"5822150c-6646-4b13-9c0e-b68f396d696b","local_time":"20210123163006","is_ascension_mode":false,"campfire_choices":[{"data":"Guardian:CurlUp","floor":1,"key":"SMITH"},{"data":"Guardian:TwinSlam","floor":9,"key":"SMITH"},{"data":"1","floor":12,"key":"LIFT"}],"circlet_count":0,"master_deck":["Guardian:Strike_Guardian","Guardian:Strike_Guardian","Guardian:Strike_Guardian","Guardian:Strike_Guardian","Guardian:Defend_Guardian","Guardian:Defend_Guardian","Guardian:Defend_Guardian","Guardian:Defend_Guardian","Guardian:CurlUp+1","Guardian:TwinSlam+1","Guardian:PrimingBeam","Guardian:WalkerClaw","Guardian:EvasiveProtocol","Guardian:HyperBeam_Guardian","Guardian:EvasiveProtocol","Guardian:PrismaticBeam","Guardian:TimeBomb","Guardian:Incinerate","Guardian:Gem_Cyan","Guardian:ChargeCore","Guardian:ShieldCharger"],"relics":["Guardian:ModeShifter","Girya"],"acts_visited":["Exordium"],"potions_floor_usage":[16,16,16],"damage_taken":[{"damage":1,"enemies":"Jaw Worm","floor":2,"turns":4},{"damage":0,"enemies":"Cultist","floor":3,"turns":6},{"damage":7,"enemies":"Small Slimes","floor":4,"turns":3},{"damage":7,"enemies":"3 Louse","floor":5,"turns":3},{"damage":13,"enemies":"Red Slaver","floor":6,"turns":3},{"damage":0,"enemies":"Large Slime","floor":8,"turns":3},{"damage":0,"enemies":"downfall:FleeingMerchant","floor":10,"turns":4},{"damage":9,"enemies":"Replay:BlueRogue","floor":11,"turns":7},{"damage":12,"enemies":"Blue Slaver","floor":13,"turns":3},{"damage":20,"enemies":"Exordium Thugs","floor":14,"turns":3},{"damage":0,"enemies":"2 Fungi Beasts","floor":15,"turns":2},{"damage":22,"enemies":"IC_STATUS_ARCHETYPE","floor":16,"turns":8}],"seed_played":"-547207964282333011","potions_obtained":[{"floor":4,"key":"Cursed Concoction"},{"floor":5,"key":"Dexterity Potion"},{"floor":6,"key":"Guardian:BlockOnCardUsePotion"},{"floor":8,"key":"Doom Potion"}],"is_trial":false,"path_per_floor":["R","M","M","M","M","M","T","M","R","$","E","R","M","M","M","B"],"character_chosen":"GUARDIAN","items_purchased":["Guardian:TimeBomb"],"campfire_rested":0,"item_purchase_floors":[10],"current_hp_per_floor":[88,87,87,80,73,60,60,60,60,60,51,51,39,19,19,0,0,0],"gold":252,"neow_bonus":"TEN_PERCENT_HP_BONUS","is_daily":false,"chose_seed":false,"campfire_upgraded":2,"win_rate":0.0,"timestamp":1611415806,"path_taken":["R","M","M","M","M","M","T","M","R","$","E","R","M","M","M","BOSS"],"items_purchased_type":["Card"],"build_version":"2020-12-22","purchased_purges":0,"victory":false,"max_hp_per_floor":[88,88,88,88,88,88,88,88,88,88,88,88,88,88,88,88,88,88],"card_choices":[{"not_picked":["Guardian:Gem_Cyan","Guardian:Preprogram"],"picked":"Guardian:Gem_Red","floor":2},{"not_picked":["Guardian:ChargeCore","Guardian:Reroute"],"picked":"Guardian:PrimingBeam","floor":3},{"not_picked":["Guardian:MultiBeam","Guardian:Suspension"],"picked":"Guardian:WalkerClaw","floor":4},{"not_picked":["Guardian:Incinerate","Guardian:WalkerClaw"],"picked":"Guardian:EvasiveProtocol","floor":5},{"not_picked":["Guardian:MultiBeam","Guardian:WalkerClaw"],"picked":"Guardian:HyperBeam_Guardian","floor":6},{"not_picked":["Guardian:Planning","Guardian:Incinerate"],"picked":"Guardian:EvasiveProtocol","floor":8},{"not_picked":["Guardian:Gem_Cyan","Guardian:TemporalShield"],"picked":"Guardian:PrismaticBeam","floor":10},{"not_picked":["Guardian:RollAttack","Guardian:PiercingHide"],"picked":"Guardian:Incinerate","floor":11},{"not_picked":["Guardian:Recover","Guardian:TemporalShield"],"picked":"Guardian:Gem_Cyan","floor":13},{"not_picked":["Guardian:PrismaticBarrier","Guardian:VentSteam"],"picked":"Guardian:ChargeCore","floor":14},{"not_picked":["Guardian:GuardianWhirl","Guardian:Gem_Synthetic"],"picked":"Guardian:ShieldCharger","floor":15}],"player_experience":140596,"relics_obtained":[{"floor":11,"key":"Girya"}],"event_choices":[],"is_beta":false,"boss_relics":[],"items_purged_floors":[],"is_endless":false,"potions_floor_spawned":[4,5,6,8,14],"killed_by":"IC_STATUS_ARCHETYPE","ascension_level":0}}