{"host":"vyjryxuuuxkt43k4","time":1611418716,"event":{"mods":["AchievementEnabler","BaseMod","Colored Map","DeckTracker","Keyboard Shortcuts","Minty Spire (QoL Compilation)","Permanent Neow","Quick Restart","StSLib","SuperFastMode","everything is the same but u backflip on backflip"],"gold_per_floor":[369,388,155,174,249,249,284,284,284,284,284,308,331,355,355,355,355],"floor_reached":16,"language":"KOR","playtime":453,"items_purged":["Shame"],"score":200,"play_id":"7fee0a4b-a7c2-40de-a56a-613053fdb82e","local_time":"20210124011836","is_ascension_mode":true,"campfire_choices":[{"data":"Body Slam","floor":6.0,"key":"SMITH"},{"data":"Corruption","floor":10.0,"key":"SMITH"},{"data":"Shrug It Off","floor":15.0,"key":"SMITH"}],"circlet_count":0,"master_deck":["AscendersBane","Strike_R","Strike_R","Strike_R","Strike_R","Strike_R","Defend_R","Defend_R","Defend_R","Defend_R","Bash","Shrug It Off+1","Body Slam+1","Corruption+1","Thunderclap"],"relics":["Burning Blood","Tiny Chest","Self Forming Clay","Golden Idol","Potion Belt","Anchor"],"acts_visited":["Exordium"],"potions_floor_usage":[],"damage_taken":[{"damage":14.0,"enemies":"Jaw Worm","floor":1.0,"turns":6.0},{"damage":3.0,"enemies":"2 Louse","floor":2.0,"turns":4.0},{"damage":2.0,"enemies":"Small Slimes","floor":4.0,"turns":3.0},{"damage":37.0,"enemies":"3 Sentries","floor":7.0,"turns":12.0},{"damage":29.0,"enemies":"Gremlin Gang","floor":12.0,"turns":6.0},{"damage":12.0,"enemies":"Exordium Thugs","floor":14.0,"turns":4.0},{"damage":40,"enemies":"The Guardian","floor":16,"turns":5}],"seed_played":"3278795105879689015","potions_obtained":[{"floor":1.0,"key":"LiquidBronze"},{"floor":2.0,"key":"EssenceOfSteel"}],"is_trial":false,"path_per_floor":["M","M","$","M","?","R","E","?","T","R","?","M","T","M","R","B"],"character_chosen":"IRONCLAD","items_purchased":["Tiny Chest"],"campfire_rested":0,"item_purchase_floors":[3],"current_hp_per_floor":[60,63,63,67,56,56,25,25,25,25,68,45,45,39,39,0,0],"gold":355,"neow_bonus":"TWO_FIFTY_GOLD","is_daily":false,"chose_seed":false,"campfire_upgraded":3,"win_rate":0.0,"timestamp":1611418716,"path_taken":["M","M","$","M","?","R","E","?","T","R","?","M","?","M","R","BOSS"],"items_purchased_type":["Relic"],"build_version":"2020-12-22","purchased_purges":1,"victory":false,"max_hp_per_floor":[75,75,75,75,75,75,75,68,68,68,68,68,68,68,68,68,68],"card_choices":[{"not_picked":["Pommel Strike","Cleave"],"picked":"Shrug It Off","floor":1.0},{"not_picked":["Combust","Headbutt"],"picked":"Body Slam","floor":2.0},{"not_picked":["Combust","Hemokinesis","Havoc"],"picked":"SKIP","floor":4.0},{"not_picked":["Sentinel","Anger"],"picked":"Corruption","floor":7.0},{"not_picked":["Thunderclap","Anger","Perfected Strike"],"picked":"SKIP","floor":12.0},{"not_picked":["Twin Strike","Body Slam"],"picked":"Thunderclap","floor":14.0}],"player_experience":277230,"relics_obtained":[{"floor":7.0,"key":"Self Forming Clay"},{"floor":9.0,"key":"Potion Belt"},{"floor":13.0,"key":"Anchor"}],"event_choices":[{"damage_healed":0.0,"max_hp_gain":0.0,"max_hp_loss":0.0,"gold_gain":75.0,"event_name":"World of Goop","player_choice":"Gather Gold","floor":5.0,"gold_loss":0.0,"damage_taken":11.0},{"damage_healed":0.0,"max_hp_gain":0.0,"max_hp_loss":7.0,"gold_gain":0.0,"event_name":"Golden Idol","player_choice":"Lose Max HP","floor":8.0,"gold_loss":0.0,"damage_taken":0.0,"relics_obtained":["Golden Idol"]},{"damage_healed":43.0,"max_hp_gain":0.0,"max_hp_loss":0.0,"gold_gain":0.0,"event_name":"Wheel of Change","player_choice":"Full Heal","floor":11.0,"gold_loss":0.0,"damage_taken":0.0}],"is_beta":false,"boss_relics":[],"items_purged_floors":[3],"is_endless":false,"potions_floor_spawned":[1,2],"killed_by":"The Guardian","ascension_level":20}}