{"host":"yo9wwslrag05lh37","time":1611407900,"event":{"mods":["AchievementEnabler","BaseMod","Block Reminder","Colored Map","Colored Powertips","GifTheSpireLib","HexUI Lib","Highlight Path","Minty Spire (QoL Compilation)","Rare Cards Sparkle","Relic Stats","StSLib","everything is the same but u backflip on backflip"],"gold_per_floor":[109,125,144,144,160,192,192,220,220,36,36,50,50,63,63,136,136,149,162,12,22,39,39,39,39,39,54,67,87,87,137,137,215,215,233,247,247,260,270,270,170,0,0,30,30,30,47,99,99,99,99],"floor_reached":50,"language":"ENG","playtime":2032,"items_purged":["Defend_G","Strike_G"],"score":972,"play_id":"c0e6690a-7fcb-40ee-aaef-ae7563085313","local_time":"20210123141820","is_ascension_mode":true,"campfire_choices":[{"floor":7.0,"key":"REST"},{"floor":13.0,"key":"REST"},{"data":"Trip","floor":15.0,"key":"SMITH"},{"floor":23.0,"key":"REST"},{"data":"Wraith Form v2","floor":25.0,"key":"SMITH"},{"floor":30.0,"key":"REST"},{"data":"Footwork","floor":32.0,"key":"SMITH"},{"floor":40,"key":"REST"},{"floor":45,"key":"RECALL"},{"floor":49,"key":"REST"}],"circlet_count":0,"master_deck":["AscendersBane","Strike_G","Strike_G","Defend_G","Defend_G","Defend_G","Defend_G","Survivor","Neutralize","Poisoned Stab+1","Quick Slash","Dagger Spray","Predator","Footwork+1","Trip+1","Burst","Dodge and Roll","Wraith Form v2+1","CurseOfTheBell","Poisoned Stab+1","Die Die Die","After Image","Deadly Poison+1","Corpse Explosion+1","Backflip+1","Tools of the Trade"],"relics":["Ring of the Snake","Unceasing Top","Regal Pillow","Vajra","HornCleat","Calling Bell","Centennial Puzzle","Letter Opener","Incense Burner","Toxic Egg 2","Snecko Eye","Red Mask","Bottled Lightning","Dead Branch"],"acts_visited":["Exordium","TheCity","TheBeyond"],"potions_floor_usage":[33,44,48,50],"damage_taken":[{"damage":2.0,"enemies":"Cultist","floor":1.0,"turns":5.0},{"damage":7.0,"enemies":"Small Slimes","floor":2.0,"turns":4.0},{"damage":0.0,"enemies":"Jaw Worm","floor":3.0,"turns":3.0},{"damage":0.0,"enemies":"Red Slaver","floor":5.0,"turns":4.0},{"damage":34.0,"enemies":"3 Sentries","floor":6.0,"turns":9.0},{"damage":29.0,"enemies":"Lagavulin","floor":8.0,"turns":7.0},{"damage":1.0,"enemies":"Exordium Thugs","floor":12.0,"turns":4.0},{"damage":3.0,"enemies":"Large Slime","floor":14.0,"turns":3.0},{"damage":23.0,"enemies":"Slime Boss","floor":16.0,"turns":9.0},{"damage":19.0,"enemies":"Shell Parasite","floor":18.0,"turns":6.0},{"damage":2.0,"enemies":"Chosen","floor":19.0,"turns":4.0},{"damage":0.0,"enemies":"Centurion and Healer","floor":21.0,"turns":5.0},{"damage":16.0,"enemies":"Shelled Parasite and Fungi","floor":22.0,"turns":4.0},{"damage":18.0,"enemies":"Snake Plant","floor":27.0,"turns":3.0},{"damage":0.0,"enemies":"Centurion and Healer","floor":28.0,"turns":8.0},{"damage":10.0,"enemies":"Chosen and Byrds","floor":29.0,"turns":6.0},{"damage":35,"enemies":"Automaton","floor":33,"turns":14},{"damage":3,"enemies":"Orb Walker","floor":35,"turns":4},{"damage":0,"enemies":"3 Shapes","floor":36,"turns":3},{"damage":14,"enemies":"Sphere and 2 Shapes","floor":38,"turns":6},{"damage":0,"enemies":"3 Darklings","floor":39,"turns":3},{"damage":30,"enemies":"Reptomancer","floor":44,"turns":7},{"damage":23,"enemies":"Writhing Mass","floor":47,"turns":8},{"damage":10,"enemies":"2 Orb Walkers","floor":48,"turns":4},{"damage":28,"enemies":"Time Eater","floor":50,"turns":4}],"seed_played":"1348401157048668892","potions_obtained":[{"floor":5.0,"key":"CultistPotion"},{"floor":6.0,"key":"PowerPotion"},{"floor":21.0,"key":"SteroidPotion"},{"floor":29.0,"key":"Energy Potion"},{"floor":36,"key":"DuplicationPotion"},{"floor":38,"key":"LiquidMemories"},{"floor":48,"key":"GamblersBrew"}],"is_trial":false,"path_per_floor":["M","M","M","?","M","E","R","E","T","$","?","M","R","M","R","B",null,"M","M","$","M","M","R","?","R","T","M","M","M","R","?","R","B",null,"M","M","?","M","M","R","$","?","T","E","R","?","M","?","R","B"],"character_chosen":"THE_SILENT","items_purchased":["Footwork","Trip","Block Potion","Die Die Die"],"campfire_rested":6,"item_purchase_floors":[10,10,10,20],"current_hp_per_floor":[42,35,35,35,35,1,35,6,6,6,6,5,39,36,36,13,53,34,32,32,32,16,50,32,32,32,14,14,4,40,40,40,5,55,52,52,52,38,38,67,67,67,67,37,37,37,14,4,39,11,11],"gold":99,"neow_bonus":"ONE_RARE_RELIC","is_daily":false,"chose_seed":false,"campfire_upgraded":3,"win_rate":0.0,"timestamp":1611407900,"path_taken":["M","?","?","?","?","E","R","E","T","$","?","?","R","M","R","BOSS","M","M","$","M","M","R","?","R","T","M","M","M","R","?","R","BOSS","M","M","?","M","M","R","$","?","T","E","R","?","M","?","R","BOSS"],"items_purchased_type":["Card","Card","Potion","Card"],"build_version":"2020-12-22","purchased_purges":2,"victory":false,"max_hp_per_floor":[66,66,66,66,66,66,66,66,66,66,66,66,66,66,66,66,66,66,66,66,66,66,66,71,71,71,71,71,71,71,71,71,71,71,71,71,67,67,67,67,67,67,67,67,67,67,67,67,67,67,67],"relic_stats":{"Regal Pillow":84,"Centennial Puzzle":[36],"counters":[25,137],"Dead Branch":[2],"Snecko Eye":[68,82,71,73],"Letter Opener":[117],"obtain_stats":[{"Regal Pillow":6,"Dead Branch":48,"Vajra":8,"Incense Burner":17,"Letter Opener":17,"Calling Bell":17,"Centennial Puzzle":17,"HornCleat":9,"Snecko Eye":34,"Red Mask":42,"Bottled Lightning":44,"Toxic Egg 2":26,"Unceasing Top":0,"Ring of the Snake":0},{"Regal Pillow":5,"Dead Branch":24,"Vajra":6,"Incense Burner":9,"Letter Opener":9,"Calling Bell":9,"Centennial Puzzle":9,"HornCleat":6,"Snecko Eye":17,"Red Mask":21,"Bottled Lightning":22,"Toxic Egg 2":13,"Unceasing Top":0,"Ring of the Snake":0},{"Regal Pillow":25,"Dead Branch":133,"Vajra":32,"Incense Burner":48,"Letter Opener":48,"Calling Bell":48,"Centennial Puzzle":48,"HornCleat":32,"Snecko Eye":98,"Red Mask":114,"Bottled Lightning":121,"Toxic Egg 2":67,"Unceasing Top":0,"Ring of the Snake":0}],"Unceasing Top":[3],"Ring of the Snake":[50]},"card_choices":[{"not_picked":["Bane","Sucker Punch"],"picked":"Poisoned Stab","floor":1.0},{"not_picked":["Finisher","Terror"],"picked":"Quick Slash","floor":2.0},{"not_picked":["Deadly Poison","Well Laid Plans"],"picked":"Dagger Spray","floor":3.0},{"not_picked":["Flechettes","Distraction"],"picked":"Predator","floor":5.0},{"not_picked":["Envenom","Acrobatics","Terror"],"picked":"SKIP","floor":6.0},{"not_picked":["Slice","Poisoned Stab","Choke"],"picked":"SKIP","floor":8.0},{"not_picked":["Underhanded Strike","Quick Slash","Accuracy"],"picked":"SKIP","floor":12.0},{"not_picked":["Escape Plan","Heel Hook"],"picked":"Dodge and Roll","floor":14.0},{"not_picked":["Night Terror","A Thousand Cuts"],"picked":"Wraith Form v2","floor":16.0},{"not_picked":["Slice","Acrobatics"],"picked":"Poisoned Stab+1","floor":18.0},{"not_picked":["Prepared","Dodge and Roll","Underhanded Strike"],"picked":"SKIP","floor":19.0},{"not_picked":["All Out Attack","Cloak And Dagger+1","Sucker Punch"],"picked":"SKIP","floor":21.0},{"not_picked":["Calculated Gamble","Cloak And Dagger"],"picked":"After Image","floor":22.0},{"not_picked":["Quick Slash","PiercingWail+1"],"picked":"Deadly Poison+1","floor":27.0},{"not_picked":["Masterful Stab","Acrobatics+1","Flying Knee+1"],"picked":"SKIP","floor":28.0},{"not_picked":["Poisoned Stab","Dash","Reflex+1"],"picked":"SKIP","floor":29.0},{"not_picked":["Glass Knife","Storm of Steel+1"],"picked":"Corpse Explosion+1","floor":33},{"not_picked":["Cloak And Dagger+1","Flying Knee","Poisoned Stab"],"picked":"SKIP","floor":35},{"not_picked":["Reflex+1","Flechettes"],"picked":"Backflip+1","floor":36},{"not_picked":["Prepared+1","Infinite Blades","Backflip+1"],"picked":"SKIP","floor":38},{"not_picked":["Bane","Acrobatics+1","Storm of Steel+1"],"picked":"SKIP","floor":39},{"not_picked":["Bane","Poisoned Stab+1","Tactician+1"],"picked":"SKIP","floor":44},{"not_picked":["Slice","Backflip+1","Expertise+1"],"picked":"SKIP","floor":47},{"not_picked":["Riddle With Holes","Infinite Blades+1"],"picked":"Tools of the Trade","floor":48}],"player_experience":1524372,"relics_obtained":[{"floor":6.0,"key":"Regal Pillow"},{"floor":8.0,"key":"Vajra"},{"floor":9.0,"key":"HornCleat"},{"floor":17.0,"key":"Centennial Puzzle"},{"floor":17.0,"key":"Letter Opener"},{"floor":17.0,"key":"Incense Burner"},{"floor":26.0,"key":"Toxic Egg 2"},{"floor":44,"key":"Bottled Lightning"},{"floor":48,"key":"Dead Branch"}],"event_choices":[{"damage_healed":0.0,"max_hp_gain":0.0,"max_hp_loss":0.0,"gold_gain":0.0,"event_name":"Upgrade Shrine","player_choice":"Upgraded","floor":4.0,"gold_loss":0.0,"damage_taken":0.0,"cards_upgraded":["Poisoned Stab"]},{"damage_healed":0.0,"max_hp_gain":0.0,"max_hp_loss":0.0,"gold_gain":0.0,"cards_transformed":["Strike_G"],"event_name":"Transmorgrifier","player_choice":"Transformed","floor":11.0,"gold_loss":0.0,"damage_taken":0.0,"cards_obtained":["Burst"]},{"damage_healed":0.0,"max_hp_gain":5.0,"max_hp_loss":0.0,"gold_gain":0.0,"event_name":"Forgotten Altar","player_choice":"Shed Blood","floor":24.0,"gold_loss":0.0,"damage_taken":23.0},{"damage_healed":0.0,"max_hp_gain":0.0,"max_hp_loss":0.0,"gold_gain":50.0,"event_name":"Nest","player_choice":"Stole From Cult","floor":31.0,"gold_loss":0.0,"damage_taken":0.0},{"damage_healed":0,"gold_gain":0,"player_choice":"Max HP","damage_taken":0,"max_hp_gain":0,"max_hp_loss":4,"event_name":"Winding Halls","floor":37,"gold_loss":0},{"damage_healed":0,"gold_gain":0,"player_choice":"Paid","damage_taken":0,"relics_obtained":["Red Mask"],"max_hp_gain":0,"max_hp_loss":0,"event_name":"Tomb of Lord Red Mask","floor":42,"gold_loss":170},{"cards_removed":["Strike_G"],"damage_healed":0,"gold_gain":0,"player_choice":"Removed Attack","damage_taken":0,"max_hp_gain":0,"max_hp_loss":0,"event_name":"Falling","floor":46,"gold_loss":0},{"damage_healed":0,"gold_gain":0,"player_choice":"Fight","damage_taken":0,"max_hp_gain":0,"max_hp_loss":0,"event_name":"Mysterious Sphere","floor":48,"gold_loss":0}],"is_beta":false,"boss_relics":[{"not_picked":["WristBlade","Black Star"],"picked":"Calling Bell"},{"not_picked":["SacredBark","Runic Pyramid"],"picked":"Snecko Eye"}],"items_purged_floors":[20,41],"is_endless":false,"potions_floor_spawned":[5,6,14,21,29,36,38,48],"killed_by":"Time Eater","ascension_level":20}}