{"host":"urvvf8749ekcxo1a","time":1611368781,"event":{"mods":["AchievementEnabler","BaseMod","Better Sensory Stone","BetterRewards","Colored Powertips","Evolution","Gold Saver","Marisa????????","Minty Spire (QoL Compilation)","Quick Restart","StSLib","SuperFastMode","The Cursed","The Hierophant","The Saiyan","The Servant 0.9.4","The Wild Card"],"gold_per_floor":[2831,2831,3006,2538,2538,2637,2736,2820,2874,2874,2673,2673,2673,2757,2757,3054,3204,3261,3261,3297,3052,3133,3211,3012,3012,3039,3096,3189,3189,3065,3065,3065,3353,3353,3398,3398,3067,2675,2283,2283,2283,2283,2283,2033,2144,2231,2291,2378,2387,2387,2387,2396,2123,2225,2225],"floor_reached":56,"language":"ENG","playtime":832,"items_purged":[],"score":1932,"play_id":"220721c0-8bb1-4aea-ac38-84e44a4db298","local_time":"20210122212621","daily_mods":["SealedDeck","Hoarder","Vintage","Red Cards","Green Cards","Colorless Cards","Heirloom","Time Dilation","Flight","DeadlyEvents","Elite Swarm","Lethality","Midas"],"is_ascension_mode":false,"campfire_choices":[{"data":"1","floor":10,"key":"LIFT"},{"data":"2","floor":12,"key":"LIFT"},{"data":"3","floor":13,"key":"LIFT"},{"floor":15,"key":"RECALL"},{"floor":29,"key":"REST"},{"floor":32,"key":"REST"},{"floor":40,"key":"REST"},{"floor":41,"key":"REST"},{"floor":42,"key":"REST"},{"floor":49,"key":"REST"},{"floor":52,"key":"REST"}],"circlet_count":0,"master_deck":["BattleHymn+1","BattleHymn+1","BattleHymn+1","Trip+1","Trip+1","Trip+1","Catalyst+1","Catalyst+1","Catalyst+1","Infinite Blades+1","Infinite Blades+1","FlurryOfBlows+1","FlurryOfBlows+1","FlurryOfBlows+1","Deflect+1","Deflect+1","Deflect+1","Anger+1","Anger+1","Anger+1","Prostrate+1","Prostrate+1","Prostrate+1","Endless Agony+1","Endless Agony+1","Endless Agony+1","Forethought+1","Forethought+1","Forethought+1","Doubt","Doubt","Doubt","Apotheosis+1","Apotheosis+1","Apotheosis+1","Whirlwind+1","Whirlwind+1","Whirlwind+1","DevaForm+1","DevaForm+1","DevaForm+1","Mayhem+1","Mayhem+1","Mayhem+1","Brutality+1","Brutality+1","Brutality+1","Sadistic Nature+1","Sadistic Nature+1","Sadistic Nature+1","Dark Shackles+1","Dark Shackles+1","Dark Shackles+1","Dark Shackles+1","Dark Shackles+1","Dark Shackles+1","Bandage Up+1","Bandage Up+1","Bandage Up+1","Reckless Charge+1","Reckless Charge+1","Reckless Charge+1","Body Slam+1","Body Slam+1","Body Slam+1","Deep Breath","Deep Breath+1","Deep Breath","Sadistic Nature","Sadistic Nature","Sadistic Nature","Halt","Halt","Halt","Dramatic Entrance+1","Dramatic Entrance+1","Dramatic Entrance+1","Sadistic Nature","Sadistic Nature","Sadistic Nature","Dramatic Entrance+1","Dramatic Entrance+1","Dramatic Entrance+1","Mind Blast+1","Mind Blast+1","Mind Blast+1","Offering","Offering+1","Offering","ConjureBlade","ConjureBlade","ConjureBlade","Rage","Rage","Rage","Havoc+1","Havoc+1","Havoc+1","Berserk","Berserk","Berserk"],"relics":["Unceasing Top","EVO:Axolotl","Lizard Tail","Vajra","Membership Card","Du-Vu Doll","PreservedInsect","Girya","Mango","Molten Egg 2","Bag of Marbles","Regal Pillow","Tiny House","Nunchaku","Nloth\u0027s Gift","Boot","Darkstone Periapt","Medical Kit","Dream Catcher","Omamori","Chemical X","CeramicFish","Pen Nib","Calipers","Gremlin Horn","Blood Vial","Orrery","GoldenEye","Calling Bell","Anchor","Matryoshka","Gambling Chip","Sundial","Mark of the Bloom","Dead Branch","Strawberry","Sling","Bird Faced Urn","TungstenRod","Bottled Lightning","Damaru","Lee\u0027s Waffle","Oddly Smooth Stone","Meat on the Bone","DollysMirror","MealTicket","Happy Flower","Ginger","Turnip","Ancient Tea Set","FossilizedHelix","War Paint","Melange","Pantograph","Mummified Hand"],"acts_visited":["Exordium","TheCity","TheBeyond","TheEnding"],"potions_floor_usage":[16,33,33,50,55],"damage_taken":[{"damage":0,"enemies":"Jaw Worm","floor":1,"turns":1},{"damage":0,"enemies":"Lagavulin","floor":6,"turns":1},{"damage":0,"enemies":"Gremlin Nob","floor":7,"turns":2},{"damage":0,"enemies":"Lagavulin","floor":8,"turns":2},{"damage":12,"enemies":"3 Sentries","floor":14,"turns":3},{"damage":52,"enemies":"Hexaghost","floor":16,"turns":3},{"damage":0,"enemies":"Shell Parasite","floor":18,"turns":1},{"damage":13,"enemies":"2 Thieves","floor":20,"turns":2},{"damage":0,"enemies":"Book of Stabbing","floor":22,"turns":1},{"damage":0,"enemies":"Gremlin Leader","floor":23,"turns":1},{"damage":3,"enemies":"Sentry and Sphere","floor":27,"turns":3},{"damage":33,"enemies":"Slavers","floor":28,"turns":3},{"damage":24,"enemies":"Collector","floor":33,"turns":3},{"damage":0,"enemies":"Orb Walker","floor":35,"turns":2},{"damage":0,"enemies":"Giant Head","floor":45,"turns":1},{"damage":0,"enemies":"Nemesis","floor":46,"turns":1},{"damage":1,"enemies":"3 Shapes","floor":47,"turns":1},{"damage":0,"enemies":"Giant Head","floor":48,"turns":1},{"damage":0,"enemies":"Donu and Deca","floor":50,"turns":1},{"damage":0,"enemies":"Shield and Spear","floor":54,"turns":1},{"damage":14,"enemies":"The Heart","floor":55,"turns":3}],"seed_played":"-5006612835756665131","potions_obtained":[{"floor":1,"key":"PowerPotion"},{"floor":7,"key":"Ancient Potion"},{"floor":20,"key":"Explosive Potion"},{"floor":23,"key":"FairyPotion"},{"floor":35,"key":"Strength Potion"},{"floor":46,"key":"Fire Potion"}],"is_trial":true,"path_per_floor":["M","?","?","$","?","E","E","E","T","R","$","R","R","E","R","B",null,"M","?","M","$","E","E","$","?","T","M","E","R","$","T","R","B",null,"M","?","$","$","$","R","R","R","T","$","E","E","M","E","R","B",null,"R","$","E","B",null],"character_chosen":"WATCHER","items_purchased":["Membership Card","Apotheosis","Du-Vu Doll","PreservedInsect","Molten Egg 2","Bag of Marbles","Darkstone Periapt","Medical Kit","Dark Shackles","Dark Shackles","Chemical X","CeramicFish","Blood Vial","Orrery","Dead Branch","Deep Breath","Strawberry","Sling","Bird Faced Urn","TungstenRod","Sadistic Nature","Halt","Bottled Lightning","Damaru","Lee\u0027s Waffle","Dramatic Entrance+1","Sadistic Nature","DollysMirror","MealTicket","Happy Flower","Mind Blast+1","War Paint","Melange","Pantograph"],"campfire_rested":7,"item_purchase_floors":[4,4,4,4,11,11,21,21,21,24,24,24,30,30,37,37,37,37,38,38,38,38,39,39,39,39,39,44,44,44,44,53,53,53],"current_hp_per_floor":[76,61,61,61,61,61,61,75,75,75,75,75,75,63,63,11,95,95,95,82,82,82,82,82,63,63,60,27,72,72,72,100,82,100,100,100,100,100,100,100,100,100,100,100,100,100,99,99,99,99,99,99,99,99,85],"gold":2225,"neow_bonus":"","is_daily":false,"chose_seed":false,"campfire_upgraded":0,"win_rate":0.0,"timestamp":1611368781,"path_taken":["M","?","?","$","?","E","E","E","T","R","$","R","R","E","R","BOSS","M","?","M","$","?","E","$","?","T","M","E","R","$","?","R","BOSS","M","?","$","$","$","R","R","R","T","?","?","?","?","E","R","BOSS","R","$","E","BOSS"],"items_purchased_type":["Relic","Card","Relic","Relic","Relic","Relic","Relic","Relic","Card","Card","Relic","Relic","Relic","Relic","Relic","Card","Relic","Relic","Relic","Relic","Card","Card","Relic","Relic","Relic","Card","Card","Relic","Relic","Relic","Card","Relic","Relic","Relic"],"build_version":"2020-12-22","purchased_purges":0,"victory":true,"max_hp_per_floor":[76,76,76,76,76,76,76,90,90,90,90,90,90,90,90,90,95,95,95,95,95,95,95,95,100,100,100,100,100,100,100,100,100,100,100,100,107,107,114,114,114,114,114,114,114,114,114,114,114,114,114,114,114,114,114],"card_choices":[{"not_picked":["Demon Form","Wish","Barricade"],"picked":"SKIP","floor":6},{"not_picked":["Offering","The Bomb"],"picked":"DevaForm","floor":7},{"not_picked":["LessonLearned","Juggernaut"],"picked":"Mayhem","floor":8},{"not_picked":["MasterReality","Secret Weapon"],"picked":"Brutality","floor":14},{"not_picked":["Bullet Time","Unload+1"],"picked":"Sadistic Nature","floor":16},{"not_picked":["DevaForm","Mayhem","MasterReality"],"picked":"SKIP","floor":22},{"not_picked":["Phantasmal Killer","Vault","Brilliance+1"],"picked":"SKIP","floor":23},{"not_picked":["Die Die Die+1","Bludgeon+1","Metamorphosis"],"picked":"SKIP","floor":28},{"not_picked":["Sword Boomerang+1","Prepared"],"picked":"Bandage Up","floor":30},{"not_picked":["ClearTheMind+1","MentalFortress"],"picked":"Reckless Charge+1","floor":30},{"not_picked":["Quick Slash+1","EmptyBody"],"picked":"Body Slam+1","floor":30},{"not_picked":["A Thousand Cuts","Night Terror"],"picked":"Offering","floor":45},{"not_picked":["A Thousand Cuts","Feed+1"],"picked":"ConjureBlade","floor":46},{"not_picked":["Corpse Explosion","Magnetism","Master of Strategy"],"picked":"SKIP","floor":48},{"not_picked":["Dagger Spray+1","Metallicize"],"picked":"Rage","floor":49},{"not_picked":["Sucker Punch+1","Dodge and Roll+1"],"picked":"Havoc+1","floor":52},{"not_picked":["Alpha","Doppelganger"],"picked":"Berserk","floor":54}],"player_experience":149077,"relics_obtained":[{"floor":1,"key":"Vajra"},{"floor":6,"key":"Girya"},{"floor":7,"key":"Centennial Puzzle"},{"floor":8,"key":"Mango"},{"floor":14,"key":"Regal Pillow"},{"floor":18,"key":"Nunchaku"},{"floor":20,"key":"Boot"},{"floor":22,"key":"Dream Catcher"},{"floor":23,"key":"Omamori"},{"floor":26,"key":"Pen Nib"},{"floor":27,"key":"Calipers"},{"floor":28,"key":"Gremlin Horn"},{"floor":31,"key":"GoldenEye"},{"floor":34,"key":"Anchor"},{"floor":34,"key":"Matryoshka"},{"floor":34,"key":"Gambling Chip"},{"floor":35,"key":"Sundial"},{"floor":43,"key":"Oddly Smooth Stone"},{"floor":43,"key":"Meat on the Bone"},{"floor":45,"key":"Ginger"},{"floor":46,"key":"Turnip"},{"floor":47,"key":"Ancient Tea Set"},{"floor":48,"key":"FossilizedHelix"},{"floor":54,"key":"Mummified Hand"}],"event_choices":[{"damage_healed":0,"gold_gain":0,"player_choice":"Entered Light","damage_taken":15,"max_hp_gain":0,"max_hp_loss":0,"event_name":"Shining Light","floor":2,"gold_loss":0,"cards_upgraded":["Endless Agony","Forethought"]},{"damage_healed":0,"gold_gain":175,"player_choice":"AGREE","damage_taken":0,"max_hp_gain":0,"max_hp_loss":0,"event_name":"Liars Game","floor":3,"gold_loss":0,"cards_obtained":["Doubt"]},{"damage_healed":0,"gold_gain":0,"cards_transformed":["Infinite Blades"],"player_choice":"Transformed","damage_taken":0,"max_hp_gain":0,"max_hp_loss":0,"event_name":"Transmorgrifier","floor":5,"gold_loss":0,"cards_obtained":["Whirlwind"]},{"damage_healed":0,"gold_gain":0,"player_choice":"Traded Relic","damage_taken":0,"relics_obtained":["Nloth\u0027s Gift"],"max_hp_gain":0,"max_hp_loss":0,"event_name":"N\u0027loth","floor":19,"relics_lost":["Centennial Puzzle"],"gold_loss":0},{"damage_healed":0,"gold_gain":0,"player_choice":"Shed Blood","damage_taken":24,"max_hp_gain":5,"max_hp_loss":0,"event_name":"Forgotten Altar","floor":25,"gold_loss":0},{"damage_healed":0,"gold_gain":0,"player_choice":"Upgrade","damage_taken":0,"relics_obtained":["Mark of the Bloom"],"max_hp_gain":0,"max_hp_loss":0,"event_name":"MindBloom","floor":36,"gold_loss":0,"cards_upgraded":["BattleHymn","BattleHymn","BattleHymn","Trip","Trip","Catalyst","Catalyst","Catalyst","Infinite Blades","Infinite Blades","FlurryOfBlows","FlurryOfBlows","FlurryOfBlows","Deflect","Deflect","Deflect","Anger","Anger","Anger","Prostrate","Prostrate","Prostrate","Endless Agony","Endless Agony","Forethought","Forethought","Apotheosis","Apotheosis","Apotheosis","Whirlwind","Whirlwind","Whirlwind","DevaForm","DevaForm","DevaForm","Mayhem","Mayhem","Mayhem","Brutality","Brutality","Brutality","Sadistic Nature","Sadistic Nature","Sadistic Nature","Dark Shackles","Dark Shackles","Dark Shackles","Dark Shackles","Dark Shackles","Dark Shackles","Bandage Up","Bandage Up","Bandage Up"]}],"is_beta":false,"boss_relics":[{"not_picked":["Runic Dome","Velvet Choker"],"picked":"Tiny House"},{"not_picked":["SlaversCollar","Busted Crown"],"picked":"Calling Bell"}],"items_purged_floors":[],"is_endless":false,"potions_floor_spawned":[1,7,20,23,27,35,46,47],"ascension_level":0}}