{"host":"7eytxr1oawi6r5nr","time":1611425951,"event":{"mods":["BaseMod","Better Third Choice","Curses Come First","Dark Map","Hermit","Hubris","Minty Spire (QoL Compilation)","Permanent Neow","Quick Restart","Rare Cards Sparkle","Replay The Spire","Robot Space Explorer","StSLib","The Cursed","The Disciple","The Forsaken","The Marked","The Mystic","The Runesmith","Wide Potions"],"gold_per_floor":[118,138,161,175,185,215,215,215,238,250,264,113,113,139,139,235,235,249,269,288,307,406,440,453,263,263,263,263,263],"floor_reached":28,"language":"ENG","playtime":2883,"items_purged":["theForsaken:TheForsaken_Strike"],"score":242,"play_id":"7e04c4e4-8a4c-43f3-91a6-ce7819475b1f","local_time":"20210123181911","is_ascension_mode":false,"campfire_choices":[{"data":"theForsaken:Tranquility","floor":7.0,"key":"SMITH"},{"floor":13.0,"key":"REST"},{"data":"theForsaken:Confusion","floor":15.0,"key":"SMITH"},{"data":"theForsaken:HymnOfRest","floor":27,"key":"SMITH"}],"circlet_count":0,"master_deck":["theForsaken:TheForsaken_Strike+1","theForsaken:TheForsaken_Strike+1","theForsaken:TheForsaken_Defend","theForsaken:TheForsaken_Defend","theForsaken:TheForsaken_Defend","theForsaken:TheForsaken_Defend","theForsaken:Smite+1","theForsaken:Penitence","theForsaken:Retribution","theForsaken:Tranquility+1","theForsaken:ShieldCharge","theForsaken:HymnOfRest+1","theForsaken:Enfeeble","theForsaken:BattleHymn","theForsaken:Thunderbolt","theForsaken:PanicDive","theForsaken:Confusion+1","theForsaken:DivineGuidance","theForsaken:StoreUp","theForsaken:PowerUp+1","theForsaken:WardingHymn+1","theForsaken:Preservation+1","theForsaken:Devotion","theForsaken:MagicWeapon"],"relics":["theForsaken:JudgementScales","Omamori","ReplayTheSpireMod:Ninjato","Whetstone","theForsaken:Lifeblossom","Replay:Grab Bag","ChewingGum","Philosopher\u0027s Stone","SlaversCollar","Strawberry","Membership Card","hubris:MysteriousPyramids"],"acts_visited":["Exordium","TheCity"],"potions_floor_usage":[],"damage_taken":[{"damage":0.0,"enemies":"Cultist","floor":1.0,"turns":5.0},{"damage":0.0,"enemies":"2 Louse","floor":2.0,"turns":3.0},{"damage":10.0,"enemies":"Jaw Worm","floor":4.0,"turns":4.0},{"damage":17.0,"enemies":"Gremlin Gang","floor":5.0,"turns":6.0},{"damage":10.0,"enemies":"Gremlin Nob","floor":6.0,"turns":4.0},{"damage":5.0,"enemies":"2 Fungi Beasts","floor":10.0,"turns":4.0},{"damage":19.0,"enemies":"3 Louse","floor":11.0,"turns":3.0},{"damage":13.0,"enemies":"Hexaghost","floor":16.0,"turns":10.0},{"damage":22.0,"enemies":"2 Thieves","floor":18.0,"turns":4.0},{"damage":19.0,"enemies":"Spheric Guardian","floor":19.0,"turns":3.0},{"damage":12.0,"enemies":"Chosen and Byrds","floor":20.0,"turns":4.0},{"damage":11.0,"enemies":"Snake Plant","floor":21.0,"turns":3.0},{"damage":19.0,"enemies":"Replay:Snechameleon","floor":23.0,"turns":5.0},{"damage":18.0,"enemies":"Centurion and Healer","floor":24.0,"turns":10.0},{"damage":38,"enemies":"Colosseum Slavers","floor":28,"turns":4}],"seed_played":"-4857013964463617636","potions_obtained":[{"floor":2.0,"key":"Adrenaline Potion"},{"floor":4.0,"key":"Strength Potion"},{"floor":11.0,"key":"Adrenaline Potion"},{"floor":16.0,"key":"FearPotion"},{"floor":20.0,"key":"SteroidPotion"},{"floor":21.0,"key":"Strength Potion"}],"is_trial":false,"path_per_floor":["M","M","T","M","M","E","R","?","T","M","M","$","R","T","R","B",null,"M","M","M","M","?","E","M","$","T","R","?"],"character_chosen":"THE_FORSAKEN","items_purchased":["theForsaken:Confusion","Membership Card","theForsaken:MagicWeapon"],"campfire_rested":1,"item_purchase_floors":[12,25,25],"current_hp_per_floor":[65,65,65,56,39,29,29,29,29,27,8,8,27,27,27,29,65,52,46,43,37,37,36,30,30,30,30,0,0],"gold":263,"neow_bonus":"RANDOM_EVENT","is_daily":false,"chose_seed":false,"campfire_upgraded":3,"win_rate":0.0,"timestamp":1611425951,"path_taken":["M","M","?","M","M","E","R","?","T","M","M","$","R","?","R","BOSS","M","M","?","?","?","E","M","$","T","R","?"],"items_purchased_type":["Card","Relic","Card"],"build_version":"2020-12-22","purchased_purges":1,"victory":false,"max_hp_per_floor":[65,65,65,65,65,65,65,65,65,65,65,65,65,65,65,65,65,65,65,65,65,65,72,72,72,72,72,72,72],"card_choices":[{"not_picked":["theForsaken:QuickAttack","theForsaken:ChargeAttack"],"picked":"theForsaken:Tranquility","floor":1.0},{"not_picked":["theForsaken:HealingLight","theForsaken:CreepingInfection"],"picked":"theForsaken:ShieldCharge","floor":2.0},{"not_picked":["theForsaken:Thunderbolt","theForsaken:ScorchingSunlight"],"picked":"theForsaken:HymnOfRest","floor":4.0},{"not_picked":["theForsaken:DarkBarrier","theForsaken:RainingSunlight"],"picked":"theForsaken:Enfeeble","floor":5.0},{"not_picked":["theForsaken:ShieldBash","theForsaken:QuickAttack"],"picked":"theForsaken:BattleHymn","floor":6.0},{"not_picked":["theForsaken:Parry","theForsaken:HymnOfRest"],"picked":"theForsaken:Thunderbolt","floor":10.0},{"not_picked":["theForsaken:WordsOfPestilence","theForsaken:BountifulSunlight"],"picked":"theForsaken:PanicDive","floor":11.0},{"not_picked":["theForsaken:DesperatePlea","theForsaken:FountainOfLife"],"picked":"theForsaken:DivineGuidance","floor":16.0},{"not_picked":["theForsaken:Enfeeble","theForsaken:InspiringBlow"],"picked":"theForsaken:StoreUp","floor":18.0},{"not_picked":["theForsaken:SolarFlare","theForsaken:HymnOfRest"],"picked":"theForsaken:PowerUp+1","floor":19.0},{"not_picked":["theForsaken:FatRoll","theForsaken:ShieldBash+1"],"picked":"theForsaken:WardingHymn+1","floor":20.0},{"not_picked":["theForsaken:PowerUp","theForsaken:CreepingInfection"],"picked":"theForsaken:Preservation+1","floor":21.0},{"not_picked":["theForsaken:Backlash+1","theForsaken:Terrorize+1"],"picked":"theForsaken:Devotion","floor":23.0},{"not_picked":["theForsaken:Devotion","theForsaken:SpinAttack","theForsaken:Parry+1"],"picked":"SKIP","floor":24.0}],"player_experience":169168,"relics_obtained":[{"floor":3.0,"key":"Omamori"},{"floor":6.0,"key":"ReplayTheSpireMod:Ninjato"},{"floor":9.0,"key":"Whetstone"},{"floor":14.0,"key":"theForsaken:Lifeblossom"},{"floor":23.0,"key":"Strawberry"},{"floor":26,"key":"hubris:MysteriousPyramids"}],"event_choices":[{"damage_healed":0.0,"max_hp_gain":0.0,"max_hp_loss":0.0,"gold_gain":0.0,"cards_transformed":["theForsaken:TheForsaken_Strike"],"event_name":"Living Wall","player_choice":"Change","floor":0.0,"gold_loss":0.0,"damage_taken":0.0,"cards_obtained":["theForsaken:Retribution"]},{"damage_healed":0.0,"max_hp_gain":0.0,"max_hp_loss":0.0,"gold_gain":99.0,"event_name":"betterThird:BetterNest","player_choice":"Steal","floor":22.0,"gold_loss":0.0,"damage_taken":0.0},{"damage_healed":0,"gold_gain":0,"player_choice":"Fight","damage_taken":0,"max_hp_gain":0,"max_hp_loss":0,"event_name":"Colosseum","floor":28,"gold_loss":0}],"is_beta":false,"boss_relics":[{"not_picked":["Calling Bell","Pandora\u0027s Box"],"picked":"Replay:Grab Bag"},{"not_picked":["hubris:VirtuousBlindfold","Runesmith:UraniumAnvil"],"picked":"ChewingGum"},{"not_picked":["hubris:CrackedHourglass","Coffee Dripper"],"picked":"Philosopher\u0027s Stone"},{"not_picked":["hubris:BlackHole","Black Star"],"picked":"SlaversCollar"}],"items_purged_floors":[12],"is_endless":false,"potions_floor_spawned":[2,4,11,16,20,21,23],"killed_by":"Colosseum Slavers","ascension_level":0}}