{"host":"t7mx8yfj1no5p62f","time":1611440156,"event":{"mods":["BaseMod","Bestiary","Colored Map","Colored Powertips","Minty Spire (QoL Compilation)","Relic Stats","StSLib","ojb\u0027s Info Mod"],"gold_per_floor":[115,115,134,134,19,19,53,53,53,65,65,95,115,140,140,217,217,232,232,38,38,38,67,77,77,129,140,55,55,70,83,83,157,157,169,220,220,1219,1232,1232,1252,1281,1281,1281,1281],"floor_reached":44,"language":"ENG","playtime":1365,"items_purged":["Strike_R"],"score":1073,"play_id":"7ae89ab1-cdcd-4191-8291-48b5677a4ef3","local_time":"20210123171556","is_ascension_mode":true,"campfire_choices":[{"data":"Shockwave","floor":6,"key":"SMITH"},{"data":"Disarm","floor":8,"key":"SMITH"},{"data":"Bash","floor":11,"key":"SMITH"},{"data":"Inflame","floor":15,"key":"SMITH"},{"data":"Apotheosis","floor":25,"key":"SMITH"},{"data":"True Grit","floor":29,"key":"SMITH"},{"data":"Limit Break","floor":32,"key":"SMITH"},{"data":"Feel No Pain","floor":40,"key":"SMITH"}],"circlet_count":0,"master_deck":["AscendersBane","Bash+1","Headbutt","Shockwave+1","Disarm+1","Shrug It Off","Armaments","Disarm","Inflame+1","Limit Break+1","Whirlwind+1","Apotheosis+1","Necronomicurse","Disarm","Feel No Pain+1","True Grit+1","Heavy Blade","Exhume","Uppercut","Offering","Reckless Charge","Dual Wield","Spot Weakness","Rupture","Clothesline","Spot Weakness","Dark Shackles","Secret Technique","Normality","Normality"],"relics":["Burning Blood","NeowsBlessing","Ice Cream","Mercury Hourglass","Pantograph","Charon\u0027s Ashes","Matryoshka","Mark of Pain","Necronomicon","Pocketwatch","Sundial","Centennial Puzzle","Bag of Preparation","Pandora\u0027s Box","Turnip","Mummified Hand","Eternal Feather"],"acts_visited":["Exordium","TheCity","TheBeyond"],"potions_floor_usage":[14,30,36],"damage_taken":[{"damage":0,"enemies":"2 Louse","floor":1,"turns":1},{"damage":0,"enemies":"Jaw Worm","floor":3,"turns":1},{"damage":0,"enemies":"Gremlin Nob","floor":7,"turns":1},{"damage":6,"enemies":"Cultist","floor":10,"turns":4},{"damage":6,"enemies":"Lagavulin","floor":12,"turns":7},{"damage":1,"enemies":"Blue Slaver","floor":13,"turns":4},{"damage":12,"enemies":"3 Sentries","floor":14,"turns":5},{"damage":21,"enemies":"The Guardian","floor":16,"turns":12},{"damage":9,"enemies":"Chosen","floor":18,"turns":5},{"damage":66,"enemies":"Book of Stabbing","floor":23,"turns":7},{"damage":8,"enemies":"Shell Parasite","floor":24,"turns":5},{"damage":0,"enemies":"3 Cultists","floor":27,"turns":2},{"damage":4,"enemies":"Centurion and Healer","floor":30,"turns":5},{"damage":7,"enemies":"Snake Plant","floor":31,"turns":3},{"damage":3,"enemies":"Champ","floor":33,"turns":10},{"damage":12,"enemies":"3 Shapes","floor":35,"turns":7},{"damage":12,"enemies":"2 Orb Walkers","floor":36,"turns":3},{"damage":19,"enemies":"Orb Walker","floor":39,"turns":3},{"damage":0,"enemies":"4 Shapes","floor":41,"turns":5},{"damage":15,"enemies":"Giant Head","floor":42,"turns":5},{"damage":36,"enemies":"Reptomancer","floor":44,"turns":2}],"seed_played":"-2847884762127457575","potions_obtained":[{"floor":1,"key":"Swift Potion"},{"floor":12,"key":"FairyPotion"},{"floor":24,"key":"Dexterity Potion"},{"floor":27,"key":"Swift Potion"},{"floor":30,"key":"DistilledChaos"},{"floor":39,"key":"DuplicationPotion"}],"is_trial":false,"path_per_floor":["M","?","M","?","$","R","E","R","T","M","R","E","M","E","R","B",null,"M","?","$","?","$","E","M","R","T","M","?","R","M","M","R","B",null,"M","?","?","?","M","R","M","E","T","E"],"character_chosen":"IRONCLAD","items_purchased":["Disarm","Apotheosis"],"campfire_rested":0,"item_purchase_floors":[5,20],"current_hp_per_floor":[74,79,80,69,69,69,75,75,75,75,75,75,80,74,74,65,76,73,73,73,52,52,17,15,15,15,21,21,21,23,22,22,50,73,67,61,51,51,38,38,44,35,35,0,0],"gold":1281,"neow_bonus":"THREE_ENEMY_KILL","is_daily":false,"chose_seed":false,"campfire_upgraded":8,"win_rate":0.0,"timestamp":1611440156,"path_taken":["M","?","M","?","?","R","E","R","T","M","R","E","M","E","R","BOSS","M","?","$","?","?","E","M","R","T","M","?","R","M","M","R","BOSS","M","?","?","?","M","R","M","E","T","E"],"items_purchased_type":["Card","Card"],"build_version":"2020-12-22","purchased_purges":1,"victory":false,"max_hp_per_floor":[75,80,80,80,80,80,80,80,80,80,80,80,80,80,80,80,80,80,80,80,80,80,80,80,80,80,80,80,80,80,80,80,80,80,80,80,80,80,80,80,80,80,80,80,80],"relic_stats":{"counters":[21,95],"Eternal Feather":0,"Charon\u0027s Ashes":[482],"Bag of Preparation":[18],"Burning Blood":115,"Mercury Hourglass":[338],"Centennial Puzzle":[24],"Sundial":[4],"Mummified Hand":[0],"Pantograph":31,"Pandora\u0027s Box":["Uppercut","Offering","Reckless Charge","Dual Wield","Spot Weakness","Rupture","Clothesline","Spot Weakness"],"Turnip":[0],"Necronomicon":[19],"obtain_stats":[{"Ice Cream":4,"NeowsBlessing":0,"Eternal Feather":43,"Charon\u0027s Ashes":12,"Bag of Preparation":28,"Burning Blood":0,"Mercury Hourglass":7,"Centennial Puzzle":26,"Matryoshka":14,"Sundial":26,"Mummified Hand":42,"Pantograph":9,"Pandora\u0027s Box":34,"Mark of Pain":17,"Turnip":36,"Necronomicon":21,"Pocketwatch":23},{"Ice Cream":2,"NeowsBlessing":0,"Eternal Feather":20,"Charon\u0027s Ashes":5,"Bag of Preparation":12,"Burning Blood":0,"Mercury Hourglass":3,"Centennial Puzzle":11,"Matryoshka":7,"Sundial":11,"Mummified Hand":20,"Pantograph":3,"Pandora\u0027s Box":15,"Mark of Pain":8,"Turnip":17,"Necronomicon":9,"Pocketwatch":10},{"Ice Cream":2,"NeowsBlessing":0,"Eternal Feather":93,"Charon\u0027s Ashes":13,"Bag of Preparation":53,"Burning Blood":0,"Mercury Hourglass":3,"Centennial Puzzle":51,"Matryoshka":22,"Sundial":51,"Mummified Hand":93,"Pantograph":3,"Pandora\u0027s Box":71,"Mark of Pain":34,"Turnip":80,"Necronomicon":39,"Pocketwatch":46}],"Pocketwatch":[71]},"card_choices":[{"not_picked":["Fire Breathing","Havoc"],"picked":"Headbutt","floor":1},{"not_picked":["Heavy Blade","Headbutt"],"picked":"Shockwave","floor":3},{"not_picked":["True Grit","Fire Breathing"],"picked":"Shrug It Off","floor":7},{"not_picked":["Heavy Blade","Thunderclap","Clash"],"picked":"SKIP","floor":10},{"not_picked":["Heavy Blade","Havoc"],"picked":"Armaments","floor":12},{"not_picked":["Heavy Blade","Demon Form"],"picked":"Disarm","floor":13},{"not_picked":["Searing Blow","Thunderclap"],"picked":"Inflame","floor":14},{"not_picked":["Double Tap","Exhume"],"picked":"Limit Break","floor":16},{"not_picked":["Warcry","Cleave"],"picked":"Whirlwind+1","floor":18},{"not_picked":["Fire Breathing","Iron Wave+1"],"picked":"Disarm","floor":23},{"not_picked":["Rupture","Carnage"],"picked":"Feel No Pain","floor":24},{"not_picked":["Heavy Blade","Pummel"],"picked":"True Grit","floor":27},{"not_picked":["Berserk","Flex"],"picked":"Heavy Blade","floor":30},{"not_picked":["Heavy Blade+1","Pummel","Bloodletting"],"picked":"SKIP","floor":31},{"not_picked":["Juggernaut","Bludgeon"],"picked":"Exhume","floor":33},{"not_picked":["Intimidate","Twin Strike","Infernal Blade"],"picked":"SKIP","floor":35},{"not_picked":["Mind Blast","Dramatic Entrance"],"picked":"Dark Shackles","floor":37},{"not_picked":["Sadistic Nature","Thinking Ahead"],"picked":"Secret Technique","floor":37},{"not_picked":["Headbutt","Intimidate","Twin Strike"],"picked":"SKIP","floor":39},{"not_picked":["Heavy Blade+1","Thunderclap","Dropkick"],"picked":"SKIP","floor":41},{"not_picked":["Reckless Charge+1","Cleave+1","Carnage"],"picked":"SKIP","floor":42}],"player_experience":1842011,"relics_obtained":[{"floor":7,"key":"Mercury Hourglass"},{"floor":9,"key":"Pantograph"},{"floor":12,"key":"Charon\u0027s Ashes"},{"floor":14,"key":"Matryoshka"},{"floor":21,"key":"Necronomicon"},{"floor":23,"key":"Pocketwatch"},{"floor":26,"key":"Sundial"},{"floor":26,"key":"Centennial Puzzle"},{"floor":36,"key":"Turnip"},{"floor":42,"key":"Mummified Hand"},{"floor":43,"key":"Eternal Feather"}],"event_choices":[{"damage_healed":0,"gold_gain":0,"player_choice":"Donut","damage_taken":0,"max_hp_gain":5,"max_hp_loss":0,"event_name":"Big Fish","floor":2,"gold_loss":0},{"damage_healed":0,"gold_gain":0,"player_choice":"Success","damage_taken":11,"relics_obtained":["Ice Cream"],"max_hp_gain":0,"max_hp_loss":0,"event_name":"Scrap Ooze","floor":4,"gold_loss":0},{"damage_healed":0,"gold_gain":0,"player_choice":"Ignored","damage_taken":0,"max_hp_gain":0,"max_hp_loss":0,"event_name":"Vampires","floor":19,"gold_loss":0},{"damage_healed":0,"gold_gain":0,"player_choice":"Obtained Book","damage_taken":21,"max_hp_gain":0,"max_hp_loss":0,"event_name":"Cursed Tome","floor":21,"gold_loss":0},{"damage_healed":0,"gold_gain":0,"player_choice":"Obtained Relic","damage_taken":0,"relics_obtained":["Bag of Preparation"],"max_hp_gain":0,"max_hp_loss":0,"event_name":"Addict","floor":28,"gold_loss":85},{"damage_healed":0,"gold_gain":0,"player_choice":"Fight","damage_taken":0,"max_hp_gain":0,"max_hp_loss":0,"event_name":"Mysterious Sphere","floor":36,"gold_loss":0},{"damage_healed":0,"gold_gain":0,"player_choice":"Memory 3","damage_taken":10,"max_hp_gain":0,"max_hp_loss":0,"event_name":"SensoryStone","floor":37,"gold_loss":0},{"damage_healed":0,"gold_gain":999,"player_choice":"Gold","damage_taken":0,"max_hp_gain":0,"max_hp_loss":0,"event_name":"MindBloom","floor":38,"gold_loss":0,"cards_obtained":["Normality","Normality"]}],"is_beta":false,"boss_relics":[{"not_picked":["Sozu","Tiny House"],"picked":"Mark of Pain"},{"not_picked":["SacredBark","Black Blood"],"picked":"Pandora\u0027s Box"}],"items_purged_floors":[5],"is_endless":false,"potions_floor_spawned":[1,12,13,24,27,30,31,39],"killed_by":"Reptomancer","ascension_level":20}}