{"host":"isy2gwbfe91wqj1j","time":1611369932,"event":{"mods":["AchievementEnabler","BaseMod","Better Altar","Better Match","Better Note","Better Sensory Stone","Better Skull","Better Third Choice","BetterRewards","Minty Spire (QoL Compilation)","StSLib"],"gold_per_floor":[117,117,131,131,146,173,35,55,55,68,83,103,103,117,117,222,272,212,231,106,123,133,133,153,168,191,209,228,78,78,88,88,186,186,197,217,217,137,137,137,137,137],"floor_reached":41,"language":"ENG","playtime":1887,"items_purged":["Strike_B","Strike_B","Strike_B","Strike_B"],"score":589,"play_id":"40aa343e-fb07-4463-b0f2-dd2905b769d3","local_time":"20210122194532","is_ascension_mode":true,"campfire_choices":[{"data":"Apotheosis","floor":13.0,"key":"SMITH"},{"floor":15,"key":"REST"},{"data":"Defragment","floor":23,"key":"SMITH"},{"floor":32,"key":"REST"},{"floor":40,"key":"REST"}],"circlet_count":0,"master_deck":["Defend_B","Defend_B","Defend_B","Defend_B","Zap","Dualcast","Defragment+1","Apotheosis+1","Conserve Battery","Cold Snap","Coolheaded","Cold Snap","Self Repair","Glacier+1","Cold Snap","Machine Learning+1","Coolheaded","Cold Snap","Creative AI+1","Capacitor+1"],"relics":["FrozenCore","Calipers","Matryoshka","Turnip","Vajra","Frozen Egg 2","Tiny House","Bottled Lightning","Juzu Bracelet","DataDisk"],"acts_visited":["Exordium","TheCity","TheBeyond"],"potions_floor_usage":[33,36,36,41],"damage_taken":[{"damage":6.0,"enemies":"Small Slimes","floor":1.0,"turns":3.0},{"damage":4.0,"enemies":"Jaw Worm","floor":3.0,"turns":3.0},{"damage":0.0,"enemies":"Cultist","floor":5.0,"turns":4.0},{"damage":7.0,"enemies":"Gremlin Nob","floor":6.0,"turns":3.0},{"damage":20.0,"enemies":"3 Louse","floor":8.0,"turns":3.0},{"damage":17.0,"enemies":"Lots of Slimes","floor":10.0,"turns":4.0},{"damage":8.0,"enemies":"Large Slime","floor":11.0,"turns":7.0},{"damage":6.0,"enemies":"Exordium Wildlife","floor":12.0,"turns":5.0},{"damage":0,"enemies":"2 Fungi Beasts","floor":14,"turns":4},{"damage":0,"enemies":"Slime Boss","floor":16,"turns":14},{"damage":19,"enemies":"2 Thieves","floor":18,"turns":4},{"damage":0,"enemies":"Chosen","floor":19,"turns":6},{"damage":10,"enemies":"Snake Plant","floor":21,"turns":7},{"damage":0,"enemies":"Centurion and Healer","floor":22,"turns":16},{"damage":35,"enemies":"3 Cultists","floor":24,"turns":9},{"damage":8,"enemies":"Snake Plant","floor":25,"turns":8},{"damage":27,"enemies":"Chosen and Byrds","floor":27,"turns":9},{"damage":0,"enemies":"Snecko","floor":28,"turns":6},{"damage":10,"enemies":"Centurion and Healer","floor":31,"turns":7},{"damage":8,"enemies":"Champ","floor":33,"turns":17},{"damage":0,"enemies":"3 Shapes","floor":35,"turns":11},{"damage":21,"enemies":"3 Darklings","floor":36,"turns":8},{"damage":96,"enemies":"Reptomancer","floor":41,"turns":3}],"seed_played":"2189055288076778149","potions_obtained":[{"floor":1.0,"key":"Energy Potion"},{"floor":4.0,"key":"Fire Potion"},{"floor":4.0,"key":"Strength Potion"},{"floor":6.0,"key":"AttackPotion"},{"floor":11.0,"key":"PotionOfCapacity"},{"floor":17,"key":"SkillPotion"},{"floor":33,"key":"LiquidBronze"}],"is_trial":false,"path_per_floor":["M","?","M","?","M","E","$","M","T","M","M","M","R","M","R","B",null,"M","M","$","M","M","R","M","M","T","M","M","$","T","M","R","B",null,"M","M","?","$","?","R","E"],"character_chosen":"DEFECT","items_purchased":["Defragment","Matryoshka","Apotheosis","Self Repair","Capacitor+1"],"campfire_rested":3,"item_purchase_floors":[0,0,0,7,38],"current_hp_per_floor":[69,69,65,65,65,58,58,48,48,41,43,47,47,57,75,75,80,61,61,61,61,71,71,46,48,48,31,41,41,41,41,65,67,77,80,69,69,69,69,80,0,0],"gold":137,"neow_bonus":"","is_daily":false,"chose_seed":false,"campfire_upgraded":2,"win_rate":0.0,"timestamp":1611369932,"path_taken":["M","?","?","?","M","E","$","M","T","M","M","M","R","M","R","BOSS","M","M","$","M","M","R","M","M","T","M","M","$","?","M","R","BOSS","M","M","?","$","?","R","E"],"items_purchased_type":["Card","Relic","Card","Card","Card"],"build_version":"2020-12-22","purchased_purges":4,"victory":false,"max_hp_per_floor":[75,75,75,75,75,75,75,75,75,75,75,75,75,75,75,75,80,80,80,80,80,80,80,80,80,80,80,80,80,80,80,80,80,80,80,80,80,80,80,80,80,80],"card_choices":[{"not_picked":["Barrage","Redo"],"picked":"Conserve Battery","floor":1.0},{"not_picked":["Steam","Recycle"],"picked":"Cold Snap","floor":3.0},{"not_picked":["Darkness","Sweeping Beam"],"picked":"Coolheaded","floor":5.0},{"not_picked":["Barrage","Rip and Tear"],"picked":"Cold Snap","floor":6.0},{"not_picked":["Fusion","FTL"],"picked":"Cold Snap","floor":8.0},{"not_picked":["Go for the Eyes","Rip and Tear"],"picked":"Glacier","floor":10.0},{"not_picked":["Go for the Eyes","All For One","Redo"],"picked":"SKIP","floor":11.0},{"not_picked":["Coolheaded","Go for the Eyes","Aggregate"],"picked":"SKIP","floor":12.0},{"not_picked":["Stack","Rebound"],"picked":"Cold Snap","floor":14},{"not_picked":["Core Surge","Rainbow"],"picked":"Machine Learning+1","floor":16},{"not_picked":["Hello World+1","Stack"],"picked":"Coolheaded","floor":17},{"not_picked":["Recycle","Glacier","Cold Snap"],"picked":"SKIP","floor":18},{"not_picked":["Rebound","Turbo"],"picked":"Cold Snap","floor":19},{"not_picked":["Lockon","Rebound","Leap"],"picked":"SKIP","floor":21},{"not_picked":["Coolheaded","Amplify","Leap"],"picked":"SKIP","floor":22},{"not_picked":["Compile Driver+1","Steam+1","Hello World+1"],"picked":"SKIP","floor":24},{"not_picked":["Leap","Skim+1","Barrage"],"picked":"SKIP","floor":25},{"not_picked":["Stack","Sweeping Beam","Genetic Algorithm"],"picked":"SKIP","floor":27},{"not_picked":["Double Energy","Tempest+1","Darkness"],"picked":"SKIP","floor":28},{"not_picked":["Turbo","Ball Lightning","Beam Cell+1"],"picked":"SKIP","floor":31},{"not_picked":["Amplify","Rainbow"],"picked":"Creative AI+1","floor":33},{"not_picked":["Conserve Battery","Compile Driver","Leap"],"picked":"SKIP","floor":35},{"not_picked":["Rebound+1","Leap+1","Compile Driver"],"picked":"SKIP","floor":36}],"player_experience":187364,"relics_obtained":[{"floor":6.0,"key":"Turnip"},{"floor":9.0,"key":"Vajra"},{"floor":9.0,"key":"Frozen Egg 2"},{"floor":26,"key":"Bottled Lightning"},{"floor":26,"key":"Juzu Bracelet"},{"floor":30,"key":"DataDisk"}],"event_choices":[{"damage_healed":69.0,"max_hp_gain":0.0,"max_hp_loss":75.0,"gold_gain":0.0,"event_name":"betterThird:BetterShining","player_choice":"Leave","floor":2.0,"gold_loss":0.0,"damage_taken":0.0},{"damage_healed":0.0,"max_hp_gain":0.0,"max_hp_loss":0.0,"gold_gain":0.0,"event_name":"Lab","player_choice":"Got Potions","floor":4.0,"gold_loss":0.0,"damage_taken":0.0},{"damage_healed":0,"gold_gain":0,"player_choice":"Ignored","damage_taken":0,"max_hp_gain":0,"max_hp_loss":0,"event_name":"Mysterious Sphere","floor":37,"gold_loss":0},{"cards_removed":["Cold Snap"],"damage_healed":0,"gold_gain":0,"player_choice":"Removed Attack","damage_taken":0,"max_hp_gain":0,"max_hp_loss":0,"event_name":"Falling","floor":39,"gold_loss":0}],"is_beta":false,"boss_relics":[{"not_picked":["Velvet Choker","Astrolabe"],"picked":"Tiny House"},{"not_picked":["Runic Dome","Snecko Eye"],"picked":"FrozenCore"}],"items_purged_floors":[0,7,20,29],"is_endless":false,"potions_floor_spawned":[1,5,6,11,12,14,19,24,27,33,35],"killed_by":"Reptomancer","ascension_level":5}}