{"host":"2e5gbsni44p3458r","time":1611374186,"event":{"mods":["BaseMod","Colored Map","Downfall","Hermit","Minty Spire (QoL Compilation)","StSLib","The Cursed"],"gold_per_floor":[349,362,379,379,166,198,198,198,98,113,13,31,31,16,36,136,136,136,154,154,154,39,65,119,132,159,296,196,296,296,296,313,417,417,417,433,453,453,453,503,527,554,569,598,180,180,180,180,194,194,194,223,76,76,76,76,76,76],"floor_reached":56,"language":"ENG","playtime":2732,"items_purged":["Injury","downfall:Malfunctioning","downfall:Bewildered","Pride","bronze:Strike"],"score":903,"play_id":"a00f6c47-8b27-4081-af64-859e07c481b0","local_time":"20210123125626","is_ascension_mode":true,"campfire_choices":[{"floor":1.0,"key":"RECALL"},{"floor":9.0,"key":"REST"},{"data":"bronze:DigitalCarnage","floor":11.0,"key":"SMITH"},{"data":"bronze:Terminator","floor":18.0,"key":"SMITH"},{"data":"Madness","floor":28.0,"key":"SMITH"},{"data":"bronze:Verify","floor":35.0,"key":"SMITH"},{"data":"expansioncontent:QuickStudy","floor":47,"key":"SMITH"},{"floor":54,"key":"REST"}],"circlet_count":0,"master_deck":["bronze:Strike+1","bronze:Strike+1","bronze:Defend+1","bronze:Defend","bronze:Defend","bronze:Defend","bronze:Replicate+1","bronze:Goto+1","bronze:Fortify","bronze:Iterate","bronze:DigitalCarnage+1","bronze:Terminator+1","bronze:Iterate+1","bronze:BronzeOrb","Madness+1","bronze:DonuBeam","bronze:Boost+1","bronze:ChildClass+1","bronze:Verify+1","bronze:Flail","expansioncontent:QuickStudy+1"],"relics":["bronze:BronzeCore","Gremlin Horn","bronze:CableSpool","Juzu Bracelet","downfall:HeartBlessingRed","downfall:HeartBlessingGreen","Philosopher\u0027s Stone","sneckomod:BabySnecko","Pen Nib","Meat on the Bone","downfall:HeartBlessingBlue","Bag of Preparation","Busted Crown","Pocketwatch","Happy Flower","HornCleat","Smiling Mask","Lee\u0027s Waffle","Blood Vial","Whetstone"],"acts_visited":["Exordium","TheCity","TheBeyond","TheEnding"],"potions_floor_usage":[52,55,56,56],"damage_taken":[{"damage":1.0,"enemies":"Jaw Worm","floor":2.0,"turns":4.0},{"damage":2.0,"enemies":"2 Louse","floor":3.0,"turns":3.0},{"damage":5.0,"enemies":"downfall:FleeingMerchant","floor":5.0,"turns":4.0},{"damage":31.0,"enemies":"Lagavulin","floor":6.0,"turns":6.0},{"damage":0.0,"enemies":"Small Slimes","floor":10.0,"turns":2.0},{"damage":6.0,"enemies":"Blue Slaver","floor":12.0,"turns":2.0},{"damage":15.0,"enemies":"downfall:FleeingMerchant","floor":14.0,"turns":4.0},{"damage":0.0,"enemies":"3 Louse","floor":15.0,"turns":2.0},{"damage":17.0,"enemies":"DF_ARCHETYPE_STREAMLINE","floor":16.0,"turns":6.0},{"damage":0.0,"enemies":"Chosen","floor":19.0,"turns":3.0},{"damage":17.0,"enemies":"downfall:FleeingMerchant","floor":22.0,"turns":4.0},{"damage":0.0,"enemies":"Gremlin Leader","floor":23.0,"turns":4.0},{"damage":7.0,"enemies":"Shell Parasite","floor":25.0,"turns":2.0},{"damage":7.0,"enemies":"Book of Stabbing","floor":26.0,"turns":2.0},{"damage":0.0,"enemies":"downfall:FleeingMerchant","floor":27.0,"turns":2.0},{"damage":0.0,"enemies":"downfall:FleeingMerchant","floor":29.0,"turns":1.0},{"damage":0.0,"enemies":"Snake Plant","floor":32.0,"turns":1.0},{"damage":20.0,"enemies":"SI_MIRROR_ARCHETYPE","floor":33.0,"turns":4.0},{"damage":30.0,"enemies":"3 Darklings","floor":36.0,"turns":3.0},{"damage":0.0,"enemies":"3 Shapes","floor":37.0,"turns":1.0},{"damage":0.0,"enemies":"3 Shapes","floor":40.0,"turns":2.0},{"damage":0,"enemies":"Reptomancer","floor":42,"turns":3},{"damage":12,"enemies":"Writhing Mass","floor":43,"turns":3},{"damage":0,"enemies":"Nemesis","floor":44,"turns":1},{"damage":3,"enemies":"Sphere and 2 Shapes","floor":49,"turns":1},{"damage":8,"enemies":"IC_BLOCK_ARCHETYPE","floor":50,"turns":5},{"damage":56,"enemies":"downfall:CharBossMerchant","floor":52,"turns":6},{"damage":61,"enemies":"downfall:NeowBoss","floor":55,"turns":10},{"damage":37,"enemies":"downfall:NeowBossFinal","floor":56,"turns":6}],"seed_played":"7226481053703271615","potions_obtained":[{"floor":3.0,"key":"bronze:CleanCodePotion"},{"floor":6.0,"key":"SpeedPotion"},{"floor":15.0,"key":"bronze:BuildAFunctionPotion"},{"floor":16.0,"key":"bronze:FreeFunctionsPotion"},{"floor":23.0,"key":"SpeedPotion"},{"floor":32.0,"key":"Fruit Juice"},{"floor":37.0,"key":"SpeedPotion"},{"floor":42,"key":"SteroidPotion"}],"is_trial":false,"path_per_floor":["R","M","M","?","$","E","T","?","R","M","R","M","?","$","M","B",null,"R","M","?","?","$","E","T","M","E","$","R","?","?","?","M","B",null,"R","M","M","?","?","?","T","E","M","E","$","?","R","?","M","B",null,"E","$","R","B","B"],"character_chosen":"THE_AUTOMATON","items_purchased":["ColorlessPotion","bronze:DigitalCarnage","Madness","bronze:Flail","Lee\u0027s Waffle","expansioncontent:QuickStudy","CultistPotion"],"campfire_rested":2,"item_purchase_floors":[5,5,27,45,45,45,53],"current_hp_per_floor":[70,69,67,55,50,19,19,19,40,40,40,34,34,19,19,2,70,70,70,70,70,53,53,53,46,39,39,49,49,49,49,54,46,85,85,55,55,50,50,50,50,50,50,50,92,92,92,92,89,83,92,48,48,75,28,3,3,3],"gold":76,"neow_bonus":"TWO_FIFTY_GOLD","is_daily":false,"chose_seed":false,"campfire_upgraded":5,"win_rate":0.0,"timestamp":1611374186,"path_taken":["R","M","M","?","$","E","T","?","R","M","R","M","?","?","M","BOSS","R","M","?","?","?","E","T","M","E","$","R","?","?","?","M","BOSS","R","M","M","?","?","?","T","E","M","E","?","?","R","?","M","BOSS","E","$","R","BOSS","BOSS"],"items_purchased_type":["Potion","Card","Card","Card","Relic","Card","Potion"],"build_version":"2020-12-22","purchased_purges":5,"victory":false,"max_hp_per_floor":[70,70,70,70,70,70,70,70,70,70,70,70,70,70,70,70,70,70,70,70,70,70,70,70,70,70,70,80,80,80,80,85,85,85,85,85,85,85,85,85,85,85,85,85,92,92,92,92,92,92,92,92,92,92,92,92,92,92],"card_choices":[{"not_picked":["bronze:Constructor","bronze:Branch","bronze:Separator"],"picked":"SKIP","floor":2.0},{"not_picked":["bronze:Constructor","bronze:Overheat"],"picked":"bronze:Fortify","floor":3.0},{"not_picked":["bronze:Overload","bronze:Refactor"],"picked":"bronze:Iterate","floor":5.0},{"not_picked":["bronze:Invalidate","bronze:BuggyMess","bronze:Refactor"],"picked":"SKIP","floor":6.0},{"not_picked":["bronze:MaxOutput","bronze:BugBarrage","bronze:ForceShield"],"picked":"SKIP","floor":10.0},{"not_picked":["bronze:Philosophize","bronze:Invalidate"],"picked":"bronze:Terminator","floor":12.0},{"not_picked":["bronze:ShipIt","bronze:DigitalCarnage","bronze:Turbo"],"picked":"SKIP","floor":14.0},{"not_picked":["bronze:BuggyMess","bronze:CutThrough","bronze:BitShift"],"picked":"SKIP","floor":15.0},{"not_picked":["bronze:HyperBeam","bronze:TinkerersToolbox"],"picked":"bronze:AlphaBuild","floor":16.0},{"not_picked":["bronze:ItsAFeature","bronze:Shield+1"],"picked":"bronze:Iterate+1","floor":19.0},{"not_picked":["bronze:Overheat","bronze:FineTuning","bronze:DigitalCarnage"],"picked":"SKIP","floor":22.0},{"not_picked":["bronze:OilSpill","bronze:ForceShield","bronze:CutThrough+1"],"picked":"SKIP","floor":23.0},{"not_picked":["bronze:Invalidate","bronze:Backtrace+1","bronze:Allocate"],"picked":"SKIP","floor":25.0},{"not_picked":["bronze:Terminator","bronze:Safeguard","bronze:BurnOut"],"picked":"SKIP","floor":26.0},{"not_picked":["bronze:Allocate","bronze:Separator","bronze:Philosophize+1"],"picked":"SKIP","floor":27.0},{"not_picked":[],"picked":"bronze:DonuBeam","floor":29.0},{"not_picked":["bronze:Flail+1","bronze:Invalidate+1"],"picked":"bronze:Boost+1","floor":29.0},{"not_picked":["bronze:Refactor","bronze:WildBeam+1"],"picked":"bronze:ChildClass+1","floor":32.0},{"not_picked":["bronze:CleanCode","bronze:FindAndReplace"],"picked":"bronze:Verify","floor":33.0},{"not_picked":["bronze:CutThrough+1"],"picked":"SKIP","floor":36.0},{"not_picked":["bronze:Invalidate+1"],"picked":"SKIP","floor":37.0},{"not_picked":["bronze:Overheat"],"picked":"SKIP","floor":42},{"not_picked":["bronze:Repair+1"],"picked":"SKIP","floor":43},{"not_picked":["bronze:NullPointer"],"picked":"SKIP","floor":44},{"not_picked":["bronze:DelayedSlice"],"picked":"SKIP","floor":49},{"not_picked":["bronze:WhirlingStrike+1"],"picked":"SKIP","floor":52}],"player_experience":751659,"relics_obtained":[{"floor":6.0,"key":"bronze:CableSpool"},{"floor":7.0,"key":"Juzu Bracelet"},{"floor":23.0,"key":"Pen Nib"},{"floor":26.0,"key":"Meat on the Bone"},{"floor":40.0,"key":"Pocketwatch"},{"floor":41.0,"key":"Happy Flower"},{"floor":42,"key":"HornCleat"},{"floor":44,"key":"Smiling Mask"},{"floor":46,"key":"Blood Vial"},{"floor":52,"key":"Whetstone"}],"event_choices":[{"damage_healed":0.0,"max_hp_gain":0.0,"max_hp_loss":0.0,"gold_gain":0.0,"event_name":"Scrap Ooze","player_choice":"Success","floor":4.0,"gold_loss":0.0,"damage_taken":12.0,"relics_obtained":["Gremlin Horn"]},{"damage_healed":0.0,"max_hp_gain":0.0,"max_hp_loss":0.0,"gold_gain":0.0,"event_name":"The Library","player_choice":"Read","floor":21.0,"gold_loss":0.0,"damage_taken":0.0,"cards_obtained":["bronze:BronzeOrb"]},{"damage_healed":0.0,"max_hp_gain":0.0,"max_hp_loss":0.0,"gold_gain":0.0,"event_name":"Addict","player_choice":"Stole Relic","floor":30.0,"gold_loss":0.0,"damage_taken":0.0,"relics_obtained":["Bag of Preparation"],"cards_obtained":["Pride"]},{"damage_healed":0.0,"max_hp_gain":0.0,"max_hp_loss":0.0,"gold_gain":0.0,"event_name":"Vampires","player_choice":"Ignored","floor":31.0,"gold_loss":0.0,"damage_taken":0.0},{"cards_removed":["bronze:AlphaBuild"],"damage_healed":0.0,"max_hp_gain":0.0,"max_hp_loss":0.0,"gold_gain":0.0,"event_name":"Falling","player_choice":"Removed Attack","floor":39.0,"gold_loss":0.0,"damage_taken":0.0}],"is_beta":false,"boss_relics":[{"not_picked":["Coffee Dripper","Cursed Key"],"picked":"Philosopher\u0027s Stone"},{"not_picked":["Black Star","bronze:MakeshiftBattery"],"picked":"Busted Crown"}],"items_purged_floors":[5,22,27,45,53],"is_endless":false,"potions_floor_spawned":[3,6,15,16,23,26,32,37,40,42,49],"killed_by":"downfall:NeowBossFinal","ascension_level":1}}