{"host":"61y0z9o9vf3ujftj","time":1611391573,"event":{"mods":["2.2 Compatiblity","BaseMod","Colored Map","Colored Powertips","GifTheSpireLib","HexUI Lib","Highlight Path","Minty Spire (QoL Compilation)","Relic Stats","StSLib","Unknown Chances","ojb\u0027s Info Mod"],"gold_per_floor":[116,128,203,221,221,246,246,261,261,261,286,286,318,36,36,112,112,131,143,143,323,335,335,365,24,49,49,49,84,84,9,9,83,83,102,19,19,44,0,35,46,73,98,124,44,44,89,102,102,102,102,102,35,70,70],"floor_reached":56,"language":"ENG","playtime":3128,"items_purged":["Decay","Strike_G+1"],"score":2560,"play_id":"0b951201-3e2d-485f-b075-788d5ce7d6c1","local_time":"20210123024613","is_ascension_mode":true,"campfire_choices":[{"data":"Neutralize","floor":7.0,"key":"SMITH"},{"data":"Cloak And Dagger","floor":10.0,"key":"SMITH"},{"data":"Blade Dance","floor":15.0,"key":"SMITH"},{"data":"Blade Dance","floor":23.0,"key":"SMITH"},{"data":"1","floor":27.0,"key":"LIFT"},{"data":"2","floor":32.0,"key":"LIFT"},{"data":"3","floor":46.0,"key":"LIFT"},{"floor":49.0,"key":"RECALL"},{"data":"Burst","floor":52.0,"key":"SMITH"}],"circlet_count":0,"master_deck":["AscendersBane","Defend_G+1","Defend_G+1","Defend_G+1","Defend_G+1","Survivor","Neutralize+1","Outmaneuver+1","Adrenaline+1","Endless Agony+1","Slice","Blade Dance+1","Dagger Throw","Blade Dance+1","Cloak And Dagger+1","Footwork+1","Backflip","Envenom+1","Backflip","Accuracy+1","Burst+1","Finisher","Blur","Accuracy+1","Leg Sweep","Cloak And Dagger","Accuracy+1"],"relics":["Astrolabe","Shuriken","Frozen Egg 2","Happy Flower","PreservedInsect","Pantograph","SlaversCollar","Girya","InkBottle","Darkstone Periapt","Busted Crown","FossilizedHelix","Red Mask","Bottled Lightning","Letter Opener","Lantern","The Courier","Ice Cream","Oddly Smooth Stone"],"acts_visited":["Exordium","TheCity","TheBeyond","TheEnding"],"potions_floor_usage":[55,55],"damage_taken":[{"damage":2.0,"enemies":"2 Louse","floor":1.0,"turns":4.0},{"damage":4.0,"enemies":"Small Slimes","floor":2.0,"turns":3.0},{"damage":1.0,"enemies":"Cultist","floor":4.0,"turns":4.0},{"damage":10.0,"enemies":"Gremlin Nob","floor":6.0,"turns":3.0},{"damage":1.0,"enemies":"Looter","floor":8.0,"turns":2.0},{"damage":26.0,"enemies":"Lagavulin","floor":11.0,"turns":7.0},{"damage":0.0,"enemies":"Gremlin Nob","floor":13.0,"turns":4.0},{"damage":0.0,"enemies":"Slime Boss","floor":16.0,"turns":7.0},{"damage":0.0,"enemies":"3 Byrds","floor":18.0,"turns":6.0},{"damage":0.0,"enemies":"Spheric Guardian","floor":19.0,"turns":3.0},{"damage":2.0,"enemies":"Snecko","floor":22.0,"turns":5.0},{"damage":0.0,"enemies":"Gremlin Leader","floor":24.0,"turns":5.0},{"damage":0.0,"enemies":"Slavers","floor":29.0,"turns":3.0},{"damage":0.0,"enemies":"Collector","floor":33.0,"turns":4.0},{"damage":0.0,"enemies":"3 Shapes","floor":35.0,"turns":3.0},{"damage":0.0,"enemies":"Mind Bloom Boss Battle","floor":38.0,"turns":4.0},{"damage":0.0,"enemies":"Reptomancer","floor":40.0,"turns":3.0},{"damage":0.0,"enemies":"3 Darklings","floor":41.0,"turns":3.0},{"damage":0.0,"enemies":"Giant Head","floor":42.0,"turns":1.0},{"damage":0.0,"enemies":"Nemesis","floor":44.0,"turns":3.0},{"damage":0.0,"enemies":"2 Orb Walkers","floor":47.0,"turns":3.0},{"damage":0.0,"enemies":"Spire Growth","floor":48.0,"turns":3.0},{"damage":9.0,"enemies":"Time Eater","floor":50.0,"turns":9.0},{"damage":0.0,"enemies":"Shield and Spear","floor":54.0,"turns":2.0},{"damage":35,"enemies":"The Heart","floor":55,"turns":5}],"seed_played":"4589795999988824916","potions_obtained":[{"floor":1.0,"key":"FearPotion"},{"floor":6.0,"key":"BlessingOfTheForge"},{"floor":13.0,"key":"Ancient Potion"},{"floor":22.0,"key":"Explosive Potion"},{"floor":33.0,"key":"LiquidMemories"},{"floor":38.0,"key":"FearPotion"},{"floor":40.0,"key":"Swift Potion"}],"is_trial":false,"path_per_floor":["M","M","?","M","?","E","R","M","T","R","E","?","E","$","R","B",null,"M","M","?","?","M","R","E","$","T","R","$","E","$","?","R","B",null,"M","$","?","?","?","E","M","E","T","E","$","R","?","M","R","B",null,"R","$","E","B",null],"character_chosen":"THE_SILENT","items_purchased":["Pantograph","InkBottle","Blur","Accuracy+1"],"campfire_rested":0,"item_purchase_floors":[14,25,36,53],"current_hp_per_floor":[57,53,42,41,41,31,31,30,30,30,4,4,4,4,4,29,57,57,57,57,38,36,36,36,36,36,36,36,36,36,36,36,61,65,65,65,63,63,63,63,63,63,63,63,63,63,63,63,63,54,61,61,61,61,28],"gold":70,"neow_bonus":"BOSS_RELIC","is_daily":false,"chose_seed":false,"campfire_upgraded":5,"win_rate":0.0,"timestamp":1611391573,"path_taken":["M","M","?","M","?","E","R","?","T","R","E","?","E","$","R","BOSS","M","M","?","?","?","R","E","$","T","R","$","E","?","?","R","BOSS","M","$","?","?","?","E","M","E","T","E","$","R","?","M","R","BOSS","R","$","E","BOSS"],"items_purchased_type":["Relic","Relic","Card","Card"],"build_version":"2020-12-22","purchased_purges":2,"victory":true,"max_hp_per_floor":[66,66,66,66,66,66,66,66,66,66,66,66,66,66,66,66,66,66,66,66,66,66,66,66,66,66,66,66,66,66,66,66,66,66,66,66,63,63,63,63,63,63,63,63,63,63,63,63,63,63,63,63,63,63,63],"relic_stats":{"Darkstone Periapt":0,"Busted Crown":18,"Happy Flower":[25],"counters":[25,99],"Shuriken":[99],"Astrolabe":["Outmaneuver","Adrenaline","Endless Agony"],"Pantograph":52,"PreservedInsect":405,"Letter Opener":[132],"obtain_stats":[{"Darkstone Periapt":29,"Ice Cream":47,"Girya":24,"Lantern":43,"Happy Flower":11,"Astrolabe":0,"Oddly Smooth Stone":54,"PreservedInsect":13,"The Courier":44,"Letter Opener":42,"Frozen Egg 2":9,"SlaversCollar":17,"Busted Crown":34,"Shuriken":6,"Pantograph":14,"Red Mask":39,"Bottled Lightning":40,"InkBottle":25,"FossilizedHelix":38,"Ring of the Snake":0},{"Darkstone Periapt":13,"Ice Cream":21,"Girya":12,"Lantern":19,"Happy Flower":6,"Astrolabe":0,"Oddly Smooth Stone":24,"PreservedInsect":7,"The Courier":20,"Letter Opener":19,"Frozen Egg 2":5,"SlaversCollar":8,"Busted Crown":14,"Shuriken":4,"Pantograph":7,"Red Mask":16,"Bottled Lightning":17,"InkBottle":12,"FossilizedHelix":16,"Ring of the Snake":0},{"Darkstone Periapt":56,"Ice Cream":80,"Girya":53,"Lantern":74,"Happy Flower":23,"Astrolabe":0,"Oddly Smooth Stone":94,"PreservedInsect":27,"The Courier":77,"Letter Opener":74,"Frozen Egg 2":16,"SlaversCollar":34,"Busted Crown":60,"Shuriken":14,"Pantograph":27,"Red Mask":67,"Bottled Lightning":70,"InkBottle":53,"FossilizedHelix":67,"Ring of the Snake":0}],"InkBottle":[44]},"card_choices":[{"not_picked":["Dodge and Roll","Outmaneuver"],"picked":"Slice","floor":1.0},{"not_picked":["Deadly Poison","Terror"],"picked":"Blade Dance","floor":2.0},{"not_picked":["Quick Slash","Deadly Poison"],"picked":"Dagger Throw","floor":4.0},{"not_picked":["Poisoned Stab","Dash"],"picked":"Blade Dance","floor":6.0},{"not_picked":["Deadly Poison","Leg Sweep"],"picked":"Cloak And Dagger","floor":8.0},{"not_picked":["Terror","Leg Sweep"],"picked":"Footwork+1","floor":11.0},{"not_picked":["Leg Sweep","Sucker Punch"],"picked":"Backflip","floor":13.0},{"not_picked":["Glass Knife","Doppelganger"],"picked":"Envenom+1","floor":16.0},{"not_picked":["Heel Hook","Deadly Poison"],"picked":"Backflip","floor":18.0},{"not_picked":["Heel Hook","Dash","Deflect"],"picked":"SKIP","floor":19.0},{"not_picked":["Flechettes","Caltrops+1","Poisoned Stab"],"picked":"SKIP","floor":22.0},{"not_picked":["Bane","Slice","Flying Knee"],"picked":"SKIP","floor":24.0},{"not_picked":["Outmaneuver","Backflip"],"picked":"Accuracy+1","floor":29.0},{"not_picked":["A Thousand Cuts+1","Glass Knife"],"picked":"Burst","floor":33.0},{"not_picked":[],"picked":"Finisher","floor":35.0},{"not_picked":[],"picked":"Accuracy+1","floor":40.0},{"not_picked":["Reflex"],"picked":"SKIP","floor":41.0},{"not_picked":["PiercingWail"],"picked":"SKIP","floor":42.0},{"not_picked":[],"picked":"Leg Sweep","floor":44.0},{"not_picked":[],"picked":"Cloak And Dagger","floor":48.0},{"not_picked":["Dodge and Roll"],"picked":"SKIP","floor":54.0}],"player_experience":387875,"relics_obtained":[{"floor":6.0,"key":"Shuriken"},{"floor":9.0,"key":"Frozen Egg 2"},{"floor":11.0,"key":"Happy Flower"},{"floor":13.0,"key":"PreservedInsect"},{"floor":24.0,"key":"Girya"},{"floor":29.0,"key":"Darkstone Periapt"},{"floor":38.0,"key":"FossilizedHelix"},{"floor":40.0,"key":"Bottled Lightning"},{"floor":42.0,"key":"Letter Opener"},{"floor":43.0,"key":"Lantern"},{"floor":44.0,"key":"The Courier"},{"floor":47.0,"key":"Ice Cream"},{"floor":54.0,"key":"Oddly Smooth Stone"}],"event_choices":[{"damage_healed":0.0,"max_hp_gain":0.0,"max_hp_loss":0.0,"gold_gain":75.0,"event_name":"World of Goop","player_choice":"Gather Gold","floor":3.0,"gold_loss":0.0,"damage_taken":11.0},{"damage_healed":0.0,"max_hp_gain":0.0,"max_hp_loss":0.0,"gold_gain":0.0,"event_name":"Wheel of Change","player_choice":"Cursed","floor":5.0,"gold_loss":0.0,"damage_taken":0.0,"cards_obtained":["Decay"]},{"cards_removed":["Strike_G"],"damage_healed":0.0,"max_hp_gain":0.0,"max_hp_loss":0.0,"gold_gain":0.0,"event_name":"Living Wall","player_choice":"Forget","floor":12.0,"gold_loss":0.0,"damage_taken":0.0},{"damage_healed":0.0,"max_hp_gain":0.0,"max_hp_loss":0.0,"gold_gain":0.0,"event_name":"Back to Basics","player_choice":"Simplicity","floor":20.0,"gold_loss":0.0,"damage_taken":0.0,"cards_upgraded":["Strike_G","Strike_G","Defend_G","Defend_G","Defend_G","Defend_G"]},{"damage_healed":0.0,"max_hp_gain":0.0,"max_hp_loss":0.0,"gold_gain":180.0,"event_name":"Knowing Skull","player_choice":"GOLD GOLD ","floor":21.0,"potions_obtained":[],"gold_loss":0.0,"damage_taken":19.0,"cards_obtained":[]},{"cards_removed":["Strike_G"],"damage_healed":0.0,"max_hp_gain":0.0,"max_hp_loss":0.0,"gold_gain":0.0,"event_name":"Beggar","player_choice":"Gave Gold","floor":31.0,"gold_loss":75.0,"damage_taken":0.0},{"damage_healed":0.0,"max_hp_gain":0.0,"max_hp_loss":3.0,"gold_gain":0.0,"event_name":"Winding Halls","player_choice":"Max HP","floor":37.0,"gold_loss":0.0,"damage_taken":0.0},{"damage_healed":0.0,"max_hp_gain":0.0,"max_hp_loss":0.0,"gold_gain":0.0,"event_name":"MindBloom","player_choice":"Fight","floor":38.0,"gold_loss":0.0,"damage_taken":0.0},{"damage_healed":0.0,"max_hp_gain":0.0,"max_hp_loss":0.0,"gold_gain":0.0,"event_name":"Tomb of Lord Red Mask","player_choice":"Paid","floor":39.0,"gold_loss":44.0,"damage_taken":0.0,"relics_obtained":["Red Mask"]},{"damage_healed":0.0,"max_hp_gain":0.0,"max_hp_loss":0.0,"gold_gain":0.0,"event_name":"Mysterious Sphere","player_choice":"Fight","floor":47.0,"gold_loss":0.0,"damage_taken":0.0}],"is_beta":false,"boss_relics":[{"not_picked":["Empty Cage","Fusion Hammer"],"picked":"SlaversCollar"},{"not_picked":["SacredBark","Philosopher\u0027s Stone"],"picked":"Busted Crown"}],"items_purged_floors":[25,45],"is_endless":false,"potions_floor_spawned":[1,6,13,22,33,38,40,41,48],"ascension_level":17}}