{"host":"2hcze2hcm4en58me","time":1611433374,"event":{"mods":["Act Like it!","BaseMod","Downfall","Hallownest","Hermit","Jorbs\u0027s Wanderer Trilogy","Magitek Elite","Minty Spire (QoL Compilation)","READ ME - Guardian Mod","StSLib","The Bug Knight","The Cursed","The Jungle","The Necromancer"],"gold_per_floor":[118,118,118,118,43,74,74,103,176,176,189,21,53,66,66,167,167,183,195,195,145,165,199,211,236,295,320,360,372,397,425,437,549,561,589,651,663,253,270,300,316,326,326,341,8,8,8,43,43,43,43,43,3,31,31],"floor_reached":56,"language":"ENG","playtime":7839,"items_purged":["hermit:Defend_Hermit","hermit:Strike_Hermit","hermit:Strike_Hermit","hermit:Strike_Hermit"],"score":1445,"play_id":"81ab72e1-83af-4060-8c76-8adca4256546","local_time":"20210123142254","is_ascension_mode":true,"campfire_choices":[{"floor":7.0,"key":"REST"},{"data":"hermit:Combo","floor":10.0,"key":"SMITH"},{"floor":15.0,"key":"REST"},{"floor":24.0,"key":"RECALL"},{"floor":29.0,"key":"REST"},{"floor":32.0,"key":"REST"},{"floor":49,"key":"REST"},{"floor":52,"key":"REST"}],"circlet_count":0,"master_deck":["hermit:Defend_Hermit","hermit:Defend_Hermit","hermit:Defend_Hermit","hermit:Snapshot","hermit:Covet","hermit:Deadeye+1","hermit:Combo+1","hermit:HeroicBravado","hermit:FlashPowder","hermit:BigShot","hermit:Enervate","hermit:FromBeyond","hermit:TrackingShot","hermit:Deadeye","hermit:TrackingShot","hermit:Gestalt+1","hermit:GhostlyPresence","hermit:FlashPowder","hermit:EyeOfTheStorm+1","hermit:Quickdraw","hermit:Dissolve","hermit:Ricochet+1","hermit:BigShot+1","Madness","Madness","hermit:Brawl","hermit:Snipe","hermit:Feint","hermit:TakeAim+1","hermit:Quickdraw","hermit:Dive+1","hermit:GhostlyPresence","Panache","Panache","Discovery","Sadistic Nature","hermit:ShadowCloak+1","hermit:TakeAim","hermit:Feint+1"],"relics":["hermit:Momento","Ancient Tea Set","Turnip","Guardian:PocketSentry","HornCleat","hermit:RyeStalk","Fusion Hammer","MawBank","Art of War","Bag of Marbles","Golden_Hairpin","Ginger","Toy Ornithopter","Dead Branch","Gremlin Horn","Regal Pillow","Blood Vial"],"acts_visited":["Exordium","TheCity","TheBeyond","TheEnding"],"potions_floor_usage":[40,41,44,48,55,55],"damage_taken":[{"damage":0.0,"enemies":"2 Louse","floor":1.0,"turns":3.0},{"damage":38.0,"enemies":"3 Sentries","floor":6.0,"turns":9.0},{"damage":8.0,"enemies":"Gremlin Nob","floor":8.0,"turns":3.0},{"damage":0.0,"enemies":"Small Slimes","floor":11.0,"turns":3.0},{"damage":1.0,"enemies":"Lagavulin","floor":13.0,"turns":6.0},{"damage":6.0,"enemies":"Jaw Worm","floor":14.0,"turns":4.0},{"damage":0.0,"enemies":"Hexaghost","floor":16.0,"turns":7.0},{"damage":1.0,"enemies":"Spheric Guardian","floor":18.0,"turns":4.0},{"damage":0.0,"enemies":"Chosen","floor":19.0,"turns":2.0},{"damage":2.0,"enemies":"Shelled Parasite and Fungi","floor":22.0,"turns":4.0},{"damage":12.0,"enemies":"Book of Stabbing","floor":23.0,"turns":5.0},{"damage":0.0,"enemies":"Centurion and Healer","floor":25.0,"turns":5.0},{"damage":0.0,"enemies":"Snake Plant","floor":27.0,"turns":4.0},{"damage":4.0,"enemies":"HollowMod:Nosk","floor":28.0,"turns":4.0},{"damage":1.0,"enemies":"Snecko","floor":30.0,"turns":5.0},{"damage":10.0,"enemies":"Shelled Parasite and Fungi","floor":31.0,"turns":4.0},{"damage":0.0,"enemies":"Collector","floor":33.0,"turns":5.0},{"damage":1.0,"enemies":"3 Darklings","floor":35.0,"turns":4.0},{"damage":2.0,"enemies":"Mind Bloom Boss Battle","floor":36.0,"turns":7.0},{"damage":2.0,"enemies":"Orb Walker","floor":39.0,"turns":3.0},{"damage":0,"enemies":"Giant Head","floor":40,"turns":4},{"damage":0,"enemies":"4 Shapes","floor":41,"turns":6},{"damage":6,"enemies":"3 Darklings","floor":42,"turns":4},{"damage":10,"enemies":"Writhing Mass","floor":44,"turns":5},{"damage":5,"enemies":"HollowMod:StalkingDevout","floor":48,"turns":6},{"damage":19,"enemies":"Donu and Deca","floor":50,"turns":6},{"damage":26,"enemies":"Shield and Spear","floor":54,"turns":5},{"damage":60,"enemies":"The Heart","floor":55,"turns":12}],"seed_played":"8501772447889784504","potions_obtained":[{"floor":6.0,"key":"BlessingOfTheForge"},{"floor":14.0,"key":"champ:CounterPotion"},{"floor":16.0,"key":"AttackPotion"},{"floor":23.0,"key":"hermit:Tonic"},{"floor":25.0,"key":"Energy Potion"},{"floor":28.0,"key":"GamblersBrew"},{"floor":31.0,"key":"Weak Potion"},{"floor":35.0,"key":"Fire Potion"},{"floor":39,"key":"Block Potion"},{"floor":42,"key":"Fruit Juice"},{"floor":44,"key":"Dexterity Potion"},{"floor":54,"key":"Swift Potion"}],"is_trial":false,"path_per_floor":["M","?","?","T","$","E","R","E","T","R","M","$","E","M","R","B",null,"M","M","?","?","M","E","R","M","T","M","E","R","M","M","R","B",null,"M","?","?","$","M","E","M","M","T","M","$","?","$","E","R","B",null,"R","$","E","B",null],"character_chosen":"HERMIT","items_purchased":["hermit:BigShot","hermit:Brawl","Toy Ornithopter","hermit:Snipe","hermit:Feint","Panache","hermit:TakeAim"],"campfire_rested":6,"item_purchase_floors":[12,38,38,38,38,45,53],"current_hp_per_floor":[75,75,68,68,68,30,52,44,44,44,44,44,43,37,59,59,75,74,74,74,74,72,60,60,60,60,60,56,75,74,64,75,75,75,74,72,63,63,61,66,71,65,65,65,65,55,55,55,80,61,80,80,80,54,6],"gold":31,"neow_bonus":"RANDOM_COMMON_RELIC","is_daily":false,"chose_seed":false,"campfire_upgraded":1,"win_rate":0.0,"timestamp":1611433374,"path_taken":["M","?","?","?","?","E","R","E","T","R","M","?","E","M","R","BOSS","M","?","?","?","M","E","R","M","T","?","E","R","M","M","R","BOSS","M","?","?","?","M","E","M","M","T","M","$","?","?","E","R","BOSS","R","$","E","BOSS"],"items_purchased_type":["Card","Card","Relic","Card","Card","Card","Card"],"build_version":"2020-12-22","purchased_purges":4,"victory":true,"max_hp_per_floor":[75,75,75,75,75,75,75,75,75,75,75,75,75,75,75,75,75,75,75,75,75,75,75,75,75,75,75,75,75,75,75,75,75,75,75,75,75,75,75,75,75,75,75,80,80,80,80,80,80,80,80,80,80,80,80],"card_choices":[{"not_picked":["hermit:Misfire","hermit:Headshot"],"picked":"hermit:Deadeye","floor":1.0},{"not_picked":["hermit:Feint","hermit:Magnum"],"picked":"hermit:Combo","floor":6.0},{"not_picked":["hermit:Roulette","hermit:FullyLoaded"],"picked":"hermit:HeroicBravado","floor":8.0},{"not_picked":["hermit:WideOpen","hermit:Deadeye"],"picked":"hermit:FlashPowder","floor":11.0},{"not_picked":["hermit:Midnight","hermit:Showdown","hermit:SprayPray"],"picked":"SKIP","floor":13.0},{"not_picked":["hermit:Desperado","hermit:Roulette"],"picked":"hermit:Enervate","floor":14.0},{"not_picked":["hermit:Roughhouse","hermit:FatalDesire"],"picked":"hermit:FromBeyond","floor":16.0},{"not_picked":["hermit:CalledShot","hermit:Snipe"],"picked":"hermit:TrackingShot","floor":18.0},{"not_picked":["hermit:HoleUp+1","hermit:SprayPray"],"picked":"hermit:Deadeye","floor":19.0},{"not_picked":["hermit:SprayPray","hermit:PistolWhip"],"picked":"hermit:TrackingShot","floor":22.0},{"not_picked":["hermit:HoleUp","hermit:CursedWeapon"],"picked":"hermit:Gestalt+1","floor":23.0},{"not_picked":["hermit:LowProfile","hermit:Maintenance"],"picked":"hermit:GhostlyPresence","floor":25.0},{"not_picked":["hermit:Roulette+1","hermit:Ricochet","hermit:Showdown+1"],"picked":"SKIP","floor":27.0},{"not_picked":["hermit:Gestalt","hermit:Headshot"],"picked":"hermit:FlashPowder","floor":28.0},{"not_picked":["hermit:Desperado","hermit:Showdown"],"picked":"hermit:EyeOfTheStorm+1","floor":30.0},{"not_picked":["hermit:WideOpen","hermit:HighCaliber+1"],"picked":"hermit:Quickdraw","floor":31.0},{"not_picked":["hermit:HeroicBravado","hermit:Purgatory"],"picked":"hermit:Dissolve","floor":33.0},{"not_picked":["hermit:NoHoldsBarred+1","hermit:CalledShot"],"picked":"hermit:Ricochet+1","floor":35.0},{"not_picked":["hermit:Ricochet+1","hermit:LowProfile+1"],"picked":"hermit:BigShot+1","floor":36.0},{"not_picked":["hermit:SprayPray+1","hermit:Shortfuse","hermit:Showdown+1"],"picked":"SKIP","floor":39},{"not_picked":["hermit:Determination","hermit:Manifest+1"],"picked":"hermit:TakeAim+1","floor":40},{"not_picked":["hermit:Roulette","hermit:Midnight"],"picked":"hermit:Quickdraw","floor":41},{"not_picked":["hermit:BodyArmor+1","hermit:TrackingShot"],"picked":"hermit:Dive+1","floor":42},{"not_picked":["hermit:Misfire+1","hermit:Dive"],"picked":"hermit:GhostlyPresence","floor":44},{"not_picked":["The Bomb","Enlightenment"],"picked":"Panache","floor":46},{"not_picked":["Madness","Dark Shackles"],"picked":"Discovery","floor":46},{"not_picked":["Forethought","Secret Weapon"],"picked":"Sadistic Nature","floor":46},{"not_picked":["hermit:HighCaliber+1","hermit:Headshot"],"picked":"hermit:ShadowCloak+1","floor":48},{"not_picked":["hermit:Headshot+1","hermit:Manifest"],"picked":"hermit:Feint+1","floor":54}],"player_experience":3208617,"relics_obtained":[{"floor":6.0,"key":"Turnip"},{"floor":8.0,"key":"Guardian:PocketSentry"},{"floor":9.0,"key":"HornCleat"},{"floor":13.0,"key":"hermit:RyeStalk"},{"floor":23.0,"key":"MawBank"},{"floor":26.0,"key":"Art of War"},{"floor":28.0,"key":"Bag of Marbles"},{"floor":36.0,"key":"Ginger"},{"floor":40,"key":"Dead Branch"},{"floor":43,"key":"Gremlin Horn"},{"floor":48,"key":"Regal Pillow"},{"floor":54,"key":"Blood Vial"}],"event_choices":[{"damage_healed":0.0,"max_hp_gain":0.0,"max_hp_loss":0.0,"gold_gain":0.0,"event_name":"Living Wall","player_choice":"Grow","floor":2.0,"gold_loss":0.0,"damage_taken":0.0,"cards_upgraded":["hermit:Deadeye"]},{"cards_removed":["hermit:Strike_Hermit"],"damage_healed":0.0,"max_hp_gain":0.0,"max_hp_loss":0.0,"gold_gain":0.0,"event_name":"Golden Wing","player_choice":"Card Removal","floor":3.0,"gold_loss":0.0,"damage_taken":7.0},{"damage_healed":0.0,"max_hp_gain":0.0,"max_hp_loss":0.0,"gold_gain":0.0,"event_name":"Vampires","player_choice":"Ignored","floor":20.0,"gold_loss":0.0,"damage_taken":0.0},{"damage_healed":0.0,"max_hp_gain":0.0,"max_hp_loss":0.0,"gold_gain":0.0,"event_name":"The Joust","player_choice":"Bet on Murderer","floor":21.0,"gold_loss":50.0,"damage_taken":0.0},{"damage_healed":0.0,"max_hp_gain":0.0,"max_hp_loss":0.0,"gold_gain":0.0,"event_name":"MindBloom","player_choice":"Fight","floor":36.0,"gold_loss":0.0,"damage_taken":0.0},{"damage_healed":0.0,"max_hp_gain":0.0,"max_hp_loss":0.0,"gold_gain":0.0,"event_name":"Winding Halls","player_choice":"Embrace Madness","floor":37.0,"gold_loss":0.0,"damage_taken":9.0,"cards_obtained":["Madness","Madness"]},{"damage_healed":0,"gold_gain":0,"player_choice":"Memory 3","damage_taken":10,"max_hp_gain":0,"max_hp_loss":0,"event_name":"SensoryStone","floor":46,"gold_loss":0}],"is_beta":false,"boss_relics":[{"not_picked":["Tiny House","Snecko Eye"],"picked":"Fusion Hammer"},{"not_picked":["Calling Bell","Runic Pyramid"],"picked":"Golden_Hairpin"}],"items_purged_floors":[5,12,38,45],"is_endless":false,"potions_floor_spawned":[6,14,16,23,25,28,31,35,39,42,44,54],"ascension_level":1}}