{"host":"hqxy2g3i5ker09hc","time":1611366353,"event":{"mods":["2.2 Compatiblity","AlwaysNeverKeys","Aspiration","BaseMod","Beaked The Cultist","Better Match","Better Note","Better Sensory Stone","Better Silent Start","Better Third Choice","Better-Laid Plans","CCEM","CatGirl Mod","Chen","Conspire","Fireblade Mod","GifTheSpireLib","Gold Saver","Hubris","Ironclad Rager","Minty Spire (QoL Compilation)","MostiFishMod","Permanent Neow","Quarter Circle Forward PUNCH!","Quick Restart","Replay The Spire","Shop Mod","Small Relic Pack","Spikes Relics","StSLib","Stuff the Spire","The Animator","The Bug Knight","The Forsaken","The Wild Card","vexMod"],"gold_per_floor":[674,674,152,3,13,41,41,72,123,123,143,68,93,93,93,195,195,214,114,124,138,138,138],"floor_reached":22,"language":"ENG","playtime":1374,"items_purged":["theCatGirl:Strike","theCatGirl:Strike"],"score":250,"play_id":"27d21e6d-6402-4196-a8c3-45afe931203b","local_time":"20210123024553","is_ascension_mode":true,"campfire_choices":[{"data":"Madness","floor":7.0,"key":"SMITH"},{"data":"theCatGirl:Parry","floor":10.0,"key":"SMITH"},{"floor":15.0,"key":"DIG"}],"circlet_count":0,"master_deck":["theCatGirl:Strike","theCatGirl:Strike+1","theCatGirl:Defend","theCatGirl:Defend","theCatGirl:Defend","theCatGirl:Defend","theCatGirl:ClawStrike+1","theCatGirl:Evasion","theCatGirl:Claws","theCatGirl:ThatWasntIt","theCatGirl:SmellFear","theCatGirl:Claws","Madness+1","theCatGirl:BloodScent","theCatGirl:Parry+1","theCatGirl:FumblingBlow","theCatGirl:ClenchYourTeeth","theCatGirl:TryingMyBest","theCatGirl:AccidentalHeadbutt","theCatGirl:ThatWasntIt","theCatGirl:LearnByMistake","theCatGirl:LearnByMistake"],"relics":["theCatGirl:TrainedRelic","DaveBox","NeowsBlessing","SynthV:TestCard","relicPack:InfinityGauntlet","vexMod:Spyglass","Centennial Puzzle","Gremlin Food","StuffTheSpire:Barrel","Simple Rune","RoseTintedShades"],"acts_visited":["Exordium","TheCity"],"potions_floor_usage":[20],"damage_taken":[{"damage":0.0,"enemies":"2 Louse","floor":1.0,"turns":1.0},{"damage":0.0,"enemies":"Jaw Worm","floor":5.0,"turns":1.0},{"damage":0.0,"enemies":"3 Sentries","floor":6.0,"turns":2.0},{"damage":20.0,"enemies":"Lagavulin","floor":8.0,"turns":5.0},{"damage":0.0,"enemies":"Cultist","floor":11.0,"turns":3.0},{"damage":6.0,"enemies":"Gremlin Nob","floor":13.0,"turns":3.0},{"damage":43.0,"enemies":"Hexaghost","floor":16.0,"turns":10.0},{"damage":25,"enemies":"3 Byrds","floor":18,"turns":7},{"damage":4,"enemies":"Shell Parasite","floor":20,"turns":8},{"damage":42,"enemies":"Snake Plant","floor":21,"turns":6},{"damage":31,"enemies":"Centurion and Healer","floor":22,"turns":6}],"seed_played":"6953759509964648938","potions_obtained":[{"floor":6.0,"key":"GamblersBrew"},{"floor":11.0,"key":"AttackPotion"},{"floor":18,"key":"SkillPotion"}],"is_trial":false,"path_per_floor":["M","?","$","$","M","E","R","E","T","R","M","$","E","$","R","B",null,"M","$","M","M","M"],"character_chosen":"THE_CATGIRL","items_purchased":["FairyPotion","relicPack:InfinityGauntlet","theCatGirl:ThatWasntIt","theCatGirl:SmellFear","theCatGirl:Claws","Madness","vexMod:Spyglass"],"campfire_rested":0,"item_purchase_floors":[3,3,3,3,3,3,4],"current_hp_per_floor":[70,70,70,70,70,70,70,50,50,50,50,50,44,44,44,1,70,45,45,41,21,0,0],"gold":138,"neow_bonus":"THREE_ENEMY_KILL","is_daily":false,"chose_seed":false,"campfire_upgraded":2,"win_rate":0.0,"timestamp":1611366353,"path_taken":["M","?","?","$","M","E","R","E","T","R","M","?","E","$","R","BOSS","M","?","?","?","?"],"items_purchased_type":["Potion","Relic","Card","Card","Card","Card","Relic"],"build_version":"2020-12-22","purchased_purges":2,"victory":false,"max_hp_per_floor":[70,70,70,70,70,70,70,70,70,70,70,70,70,70,70,70,70,70,70,70,70,70,70],"card_choices":[{"not_picked":["theCatGirl:ChangeOfPlans","theCatGirl:GoddessOfMisfortune"],"picked":"theCatGirl:Claws","floor":1.0},{"not_picked":["theCatGirl:AccidentalSlap","theCatGirl:PilingErrors","theCatGirl:SearchBackpack","theCatGirl:UnrelentingAssault"],"picked":"theCatGirl:BloodScent","floor":5.0},{"not_picked":["theCatGirl:TripLunge","theCatGirl:PerfectBlock","theCatGirl:ExtremeSpeed","theCatGirl:BodyBlow"],"picked":"theCatGirl:Parry","floor":6.0},{"not_picked":["theCatGirl:SpinningStrike","theCatGirl:ShockedWitness","theCatGirl:RunningWithDaggers","theCatGirl:FinishingMove"],"picked":"theCatGirl:FumblingBlow","floor":8.0},{"not_picked":["theCatGirl:RageClaws","theCatGirl:BloodScent","theCatGirl:BodyBlow","theCatGirl:SpinningStrike"],"picked":"theCatGirl:ClenchYourTeeth","floor":11.0},{"not_picked":["theCatGirl:Slip","theCatGirl:ShockedWitness","theCatGirl:FumblingBlow","theCatGirl:AllIn"],"picked":"theCatGirl:TryingMyBest","floor":13.0},{"not_picked":["theCatGirl:AngryForm","theCatGirl:AdventurersInsight","theCatGirl:NeverGivingUp","theCatGirl:BloodyClaws"],"picked":"theCatGirl:AccidentalHeadbutt","floor":16.0},{"not_picked":["theCatGirl:RecoveryBlow","theCatGirl:DefensiveStance","theCatGirl:TrainWreck","theCatGirl:PlayAround"],"picked":"theCatGirl:ThatWasntIt","floor":18},{"not_picked":["theCatGirl:Misfire","theCatGirl:ChangeOfPlans","theCatGirl:FinishingMove+1","theCatGirl:ClawScratch+1"],"picked":"theCatGirl:LearnByMistake","floor":20},{"not_picked":["theCatGirl:BloodScent","theCatGirl:SpinningStrike+1","theCatGirl:GoddessOfMisfortune+1","theCatGirl:PilingErrors","theCatGirl:LearnByMistake"],"picked":"SKIP","floor":21},{"not_picked":["theCatGirl:BloodScent","theCatGirl:SpinningStrike+1","theCatGirl:GoddessOfMisfortune+1","theCatGirl:PilingErrors"],"picked":"theCatGirl:LearnByMistake","floor":21}],"player_experience":688145,"relics_obtained":[{"floor":1.0,"key":"SynthV:TestCard"},{"floor":6.0,"key":"Centennial Puzzle"},{"floor":8.0,"key":"Gremlin Food"},{"floor":9.0,"key":"StuffTheSpire:Barrel"},{"floor":13.0,"key":"Simple Rune"},{"floor":15.0,"key":"RoseTintedShades"}],"event_choices":[{"damage_healed":0.0,"max_hp_gain":0.0,"max_hp_loss":0.0,"gold_gain":0.0,"event_name":"Golden Wing","player_choice":"Ignored","floor":2.0,"gold_loss":0.0,"damage_taken":0.0}],"is_beta":false,"boss_relics":[{"not_picked":["Pandora\u0027s Box","CCEMRelics:GreenEgg","hubris:BlackHole"]}],"items_purged_floors":[12,19],"is_endless":false,"potions_floor_spawned":[6,11,18],"killed_by":"Centurion and Healer","ascension_level":2}}