{"host":"takgv9cv6xf64vhq","time":1611394913,"event":{"mods":["BaseMod","Colored Powertips","Downfall","Marisa£®ÏF”Í°°ƒß¿Ì…≥£©","Minty Spire (QoL Compilation)","Replay The Spire","StSLib","The Cursed"],"gold_per_floor":[111,111,159,434,446,462,478,478,478,478,478,21,48,68,88,100,100,196,196,209,232,77,96,96,96,96,96,120,139,414,414,414],"floor_reached":31,"language":"ZHS","playtime":1268,"items_purged":["Regret"],"score":260,"play_id":"6e03b211-957e-4513-ad1f-ebf5e3b49d11","local_time":"20210123174153","is_ascension_mode":false,"campfire_choices":[{"data":"m_Survivalism","floor":8,"key":"SMITH"},{"data":"Replay:BasicMightCard","floor":17,"key":"SMITH"},{"data":"Bullet Time","floor":25,"key":"SMITH"}],"circlet_count":0,"master_deck":["Strike_G+1","Strike_G+1","Defend_G","Defend_G","Defend_G","Neutralize","Deadly Poison+1","m_Survivalism+1","Poisoned Stab","Deadly Poison","Dagger Spray","Malaise+1","Replay:BasicMightCard+1","Sucker Punch","Dagger Throw","Backflip","Poisoned Stab","Bullet Time+1","Looming Evil","Replay:Sluggish","Expertise+1","Bouncing Flask","Slimebound:CheckThePlaybook","Pain","Fluid Movement","Regret"],"relics":["Ring of the Snake","NeowsBlessing","Bottled Lightning","Pear","Replay:Baseball","Guide Book","Chameleon Ring","Kintsugi","Simple Rune","ClockworkSouvenir","WarpedTongs","Blood Vial"],"acts_visited":["Exordium","TheCity"],"potions_floor_usage":[13,13,18,23,29,31],"damage_taken":[{"damage":0,"enemies":"2 Louse","floor":1,"turns":1},{"damage":0,"enemies":"Small Slimes","floor":5,"turns":1},{"damage":0,"enemies":"Cultist","floor":6,"turns":1},{"damage":5,"enemies":"Red Slaver","floor":7,"turns":4},{"damage":6,"enemies":"Gremlin Nob","floor":13,"turns":3},{"damage":4,"enemies":"Lots of Slimes","floor":14,"turns":2},{"damage":2,"enemies":"Looter","floor":15,"turns":3},{"damage":2,"enemies":"Gremlin Gang","floor":16,"turns":4},{"damage":16,"enemies":"The Guardian","floor":18,"turns":8},{"damage":33,"enemies":"3 Byrds","floor":20,"turns":7},{"damage":18,"enemies":"2 Thieves","floor":23,"turns":3},{"damage":16,"enemies":"Snake Plant","floor":29,"turns":5},{"damage":18,"enemies":"Centurion and Healer","floor":31,"turns":4}],"seed_played":"7954741477991168883","potions_obtained":[{"floor":3,"key":"PowerPotion"},{"floor":5,"key":"SteroidPotion"},{"floor":6,"key":"Fire Potion"},{"floor":13,"key":"Guardian:BlockOnCardUsePotion"},{"floor":14,"key":"AttackPotion"},{"floor":20,"key":"LiquidBronze"},{"floor":23,"key":"BlessingOfTheForge"}],"is_trial":false,"path_per_floor":["M","?","?","?","M","M","M","R","T","PTL","PTL","$","E","M","M","M","R","B",null,"M","T","$","M","$","R","?","?","T","M","?","M"],"character_chosen":"THE_SILENT","items_purchased":["Replay:Baseball","Guide Book","Replay:BasicMightCard","ClockworkSouvenir"],"campfire_rested":0,"item_purchase_floors":[12,12,12,22],"current_hp_per_floor":[70,70,42,42,42,42,37,37,47,47,47,47,41,37,35,33,33,17,80,47,47,47,29,29,29,29,29,29,15,15,0,0],"gold":414,"neow_bonus":"THREE_ENEMY_KILL","is_daily":false,"chose_seed":false,"campfire_upgraded":3,"win_rate":0.0,"timestamp":1611394913,"path_taken":["M","?","?","?","?","M","M","R","T","PTL","PTL","?","E","M","?","M","R","BOSS","M","?","$","?","$","R","?","?","T","?","?","M"],"items_purchased_type":["Relic","Relic","Card","Relic"],"build_version":"2020-12-22","purchased_purges":1,"victory":false,"max_hp_per_floor":[70,70,70,70,70,70,70,70,80,80,80,80,80,80,80,80,80,80,80,80,80,80,80,80,80,72,72,72,72,72,72,72],"card_choices":[{"not_picked":["Sucker Punch","Flechettes"],"picked":"Deadly Poison","floor":1},{"not_picked":["Heel Hook","Endless Agony"],"picked":"Poisoned Stab","floor":3},{"not_picked":["Outmaneuver","Venomology"],"picked":"Deadly Poison","floor":5},{"not_picked":["Blade Dance","Flying Knee"],"picked":"Dagger Spray","floor":6},{"not_picked":["Flying Knee","Hidden Blade"],"picked":"Malaise","floor":7},{"not_picked":["Venomology","Unload"],"picked":"Sucker Punch","floor":13},{"not_picked":["Reflex","Underhanded Strike"],"picked":"Dagger Throw","floor":14},{"not_picked":["Well Laid Plans","Heel Hook"],"picked":"Backflip","floor":15},{"not_picked":["Quick Slash","Acrobatics"],"picked":"Poisoned Stab","floor":16},{"not_picked":["Tools of the Trade","After Image"],"picked":"Bullet Time","floor":18},{"not_picked":["Skewer","Acrobatics"],"picked":"Expertise+1","floor":20},{"not_picked":["Dagger Throw","Choke"],"picked":"Bouncing Flask","floor":23},{"not_picked":["PiercingWail","Poisoned Stab+1"],"picked":"Fluid Movement","floor":29}],"player_experience":12695,"relics_obtained":[{"floor":3,"key":"Bottled Lightning"},{"floor":9,"key":"Pear"},{"floor":13,"key":"Chameleon Ring"},{"floor":21,"key":"Simple Rune"},{"floor":28,"key":"Blood Vial"}],"event_choices":[{"damage_healed":0,"gold_gain":275,"player_choice":"Desecrate","damage_taken":0,"max_hp_gain":0,"max_hp_loss":0,"event_name":"Golden Shrine","floor":4,"gold_loss":0,"cards_obtained":["Regret"]},{"damage_healed":0,"gold_gain":0,"player_choice":"Rummage","damage_taken":0,"relics_obtained":["WarpedTongs"],"max_hp_gain":0,"max_hp_loss":0,"event_name":"Accursed Blacksmith","floor":27,"gold_loss":0,"cards_obtained":["Pain"]},{"damage_healed":0,"gold_gain":275,"player_choice":"Desecrate","damage_taken":0,"max_hp_gain":0,"max_hp_loss":0,"event_name":"Golden Shrine","floor":30,"gold_loss":0,"cards_obtained":["Regret"]}],"is_beta":false,"boss_relics":[{"not_picked":["Runic Dome","HoveringKite"],"picked":"Kintsugi"}],"items_purged_floors":[12],"is_endless":false,"potions_floor_spawned":[5,6,13,14,20,23],"killed_by":"Centurion and Healer","ascension_level":0}}