{"host":"r6ixdbpnwahtqyu3","time":1611378739,"event":{"mods":["BaseMod","CapriCore","Colored Map","Friendly Minions","Koishi","Marisa（霧雨　魔理沙）","Minty Spire (QoL Compilation)","Remilia（蕾米莉?）","StSLib","The Immortal","The Servant 0.9.4"],"gold_per_floor":[110,125,139,157,172,206,220,230,282,307,232,251,251,261,261,359,359,371,382,131,145,164,198,198,225,225,256,256,272,272,18,18,120,120,130,144,144,161,172,172,204,204,204,229,243,260,292,306,306,306,306,306,227,255,255],"floor_reached":56,"language":"ENG","playtime":4459,"items_purged":["Strike_RM","Strike_RM"],"score":1670,"play_id":"528ad0ba-3901-4652-bce7-e01443ea0d00","local_time":"20210123001219","is_ascension_mode":true,"campfire_choices":[{"data":"TwelveNightmare","floor":13,"key":"SMITH"},{"data":"ScarletImprint","floor":15,"key":"SMITH"},{"floor":24,"key":"RECALL"},{"data":"Strike_RM","floor":28,"key":"PURGE"},{"data":"Defend_RM","floor":30,"key":"PURGE"},{"data":"RedMoon","floor":32,"key":"SMITH"},{"data":"DemonKingCradle","floor":40,"key":"SMITH"},{"data":"TransientEternity","floor":49,"key":"SMITH"},{"data":"Strike_RM+1","floor":52,"key":"PURGE"}],"circlet_count":0,"master_deck":["Defend_RM+1","Defend_RM+1","Defend_RM+1","RedMoon+1","ScarletShoot+1","MillenniumVampire+1","MastersStateliness+1","FitfulNightmare+1","ScarletImprint+1","UnstableMagic+1","ScarletSymphony+1","TwelveNightmare+1","ScarletCoffin+1","BombardNight+1","DemonKingCradle+1","MastersStateliness+1","EquivalentExchange+1","TransientEternity+1","RedNightlessCastle","GlobalNightmare"],"relics":["ScarletHat","Letter Opener","Ancient Tea Set","Blood Vial","ScarletEmblem","Lee\u0027s Waffle","War Paint","Question Card","Whetstone","White Beast Statue","Peace Pipe","Smiling Mask","HornCleat","SlaversCollar","Tiny Chest","Shuriken","Ice Cream","Kunai","Blue Candle","Toy Ornithopter"],"acts_visited":["Exordium","TheCity","TheBeyond","TheEnding"],"potions_floor_usage":[6,6,18,18,55,55],"damage_taken":[{"damage":0,"enemies":"Cultist","floor":1,"turns":4},{"damage":0,"enemies":"Jaw Worm","floor":2,"turns":7},{"damage":0,"enemies":"2 Louse","floor":3,"turns":2},{"damage":23,"enemies":"Exordium Wildlife","floor":4,"turns":8},{"damage":2,"enemies":"Large Slime","floor":5,"turns":10},{"damage":15,"enemies":"Gremlin Nob","floor":6,"turns":5},{"damage":0,"enemies":"Red Slaver","floor":7,"turns":7},{"damage":5,"enemies":"Looter","floor":8,"turns":4},{"damage":15,"enemies":"Lagavulin","floor":10,"turns":8},{"damage":2,"enemies":"2 Fungi Beasts","floor":12,"turns":7},{"damage":0,"enemies":"Blue Slaver","floor":14,"turns":7},{"damage":21,"enemies":"The Guardian","floor":16,"turns":12},{"damage":10,"enemies":"3 Byrds","floor":18,"turns":6},{"damage":0,"enemies":"Chosen","floor":19,"turns":6},{"damage":18,"enemies":"Shelled Parasite and Fungi","floor":21,"turns":6},{"damage":3,"enemies":"Snake Plant","floor":22,"turns":4},{"damage":13,"enemies":"Gremlin Leader","floor":23,"turns":7},{"damage":0,"enemies":"Book of Stabbing","floor":25,"turns":5},{"damage":6,"enemies":"Slavers","floor":27,"turns":5},{"damage":0,"enemies":"Snecko","floor":29,"turns":5},{"damage":4,"enemies":"Collector","floor":33,"turns":9},{"damage":4,"enemies":"3 Darklings","floor":35,"turns":5},{"damage":0,"enemies":"3 Shapes","floor":36,"turns":3},{"damage":0,"enemies":"Spire Growth","floor":38,"turns":6},{"damage":0,"enemies":"Maw","floor":39,"turns":8},{"damage":15,"enemies":"Reptomancer","floor":41,"turns":6},{"damage":20,"enemies":"Nemesis","floor":44,"turns":3},{"damage":22,"enemies":"Writhing Mass","floor":45,"turns":6},{"damage":0,"enemies":"Spire Growth","floor":46,"turns":5},{"damage":3,"enemies":"Giant Head","floor":47,"turns":7},{"damage":12,"enemies":"Transient","floor":48,"turns":5},{"damage":0,"enemies":"Donu and Deca","floor":50,"turns":8},{"damage":22,"enemies":"Shield and Spear","floor":54,"turns":4},{"damage":86,"enemies":"The Heart","floor":55,"turns":8}],"seed_played":"-8810121831137600697","potions_obtained":[{"floor":2,"key":"Weak Potion"},{"floor":3,"key":"ColorlessPotion"},{"floor":4,"key":"Fire Potion"},{"floor":10,"key":"SpeedPotion"},{"floor":14,"key":"Dexterity Potion"},{"floor":19,"key":"EssenceOfSteel"},{"floor":19,"key":"DistilledChaos"},{"floor":41,"key":"PowerPotion"},{"floor":44,"key":"FairyPotion"},{"floor":47,"key":"Regen Potion"}],"is_trial":false,"path_per_floor":["M","M","M","M","M","E","M","M","T","E","$","M","R","M","R","B",null,"M","M","$","M","M","E","R","E","T","E","R","M","R","$","R","B",null,"M","M","$","M","M","R","E","?","T","E","M","M","E","M","R","B",null,"R","$","E","B",null],"character_chosen":"REMILIA","items_purchased":["Lee\u0027s Waffle","HornCleat","RedNightlessCastle"],"campfire_rested":0,"item_purchase_floors":[20,31,53],"current_hp_per_floor":[75,77,77,61,65,56,59,54,54,49,49,54,54,59,59,65,78,73,79,89,79,82,80,80,89,89,83,83,89,89,89,89,89,89,89,89,89,89,89,89,89,89,89,83,78,89,89,89,89,89,89,89,89,73,75],"gold":255,"neow_bonus":"TEN_PERCENT_HP_BONUS","is_daily":false,"chose_seed":false,"campfire_upgraded":5,"win_rate":0.0,"timestamp":1611378739,"path_taken":["M","M","M","M","M","E","M","M","T","E","?","?","R","M","R","BOSS","M","M","$","M","M","E","R","E","T","E","R","?","R","$","R","BOSS","M","M","$","M","M","R","E","?","T","E","M","M","E","?","R","BOSS","R","$","E","BOSS"],"items_purchased_type":["Relic","Relic","Card"],"build_version":"2020-12-22","purchased_purges":2,"victory":true,"max_hp_per_floor":[82,82,82,82,82,82,82,82,82,82,82,82,82,82,82,82,82,82,82,89,89,89,89,89,89,89,89,89,89,89,89,89,89,89,89,89,89,89,89,89,89,89,89,89,89,89,89,89,89,89,89,89,89,89,89],"card_choices":[{"not_picked":["BlasphemousPunishment","SuperhumanBloodyKnife"],"picked":"MillenniumVampire","floor":1},{"not_picked":["ScarletDream","RedRainbow"],"picked":"MastersStateliness","floor":2},{"not_picked":["ScarletDevil","FavorOfDestiny"],"picked":"FitfulNightmare","floor":3},{"not_picked":["UnderTheZenith","BloodHunter"],"picked":"ScarletImprint","floor":4},{"not_picked":["StarOfDavid","CharismaGuard"],"picked":"UnstableMagic","floor":5},{"not_picked":["FavorOfDestiny","EmergencyRegeneration"],"picked":"ScarletSymphony","floor":6},{"not_picked":["HellCatastrophe","ReincarnationDial"],"picked":"TwelveNightmare","floor":7},{"not_picked":["NightDance","MastersStateliness","UltimateOffering"],"picked":"SKIP","floor":8},{"not_picked":["Stigmanizer","RedRainbow","ScarletNetherworld"],"picked":"SKIP","floor":10},{"not_picked":["UnderTheZenith","EmergencyRegeneration","ScarletNetherworld"],"picked":"SKIP","floor":12},{"not_picked":["EndlessAdversity","BlasphemousPunishment","FavorOfDestiny"],"picked":"SKIP","floor":14},{"not_picked":["EquivalentExchange","BloodRain"],"picked":"ScarletCoffin","floor":16},{"not_picked":["VampireKiss+1","DiffusionOfMisfortune","BlasphemousPunishment"],"picked":"SKIP","floor":18},{"not_picked":["FavorOfDestiny","VampireKiss+1"],"picked":"BombardNight+1","floor":19},{"not_picked":["BlasphemousPunishment","UnstableMagic+1","NightLord+1"],"picked":"SKIP","floor":21},{"not_picked":["GlobalNightmare","MastersStateliness","EndlessAdversity"],"picked":"SKIP","floor":22},{"not_picked":["DiffusionOfMisfortune","CurseOfVladTepes","ReincarnationDial"],"picked":"SKIP","floor":23},{"not_picked":["BlasphemousPunishment+1","NightDance","BombardNight+1","VampireSweep"],"picked":"SKIP","floor":25},{"not_picked":["DevilSight","VampireKiss","MastersStateliness","BombardNight+1"],"picked":"SKIP","floor":27},{"not_picked":["ScarletDevil","DiffusionOfMisfortune+1","BombardNight","FavorOfDestiny"],"picked":"SKIP","floor":29},{"not_picked":["BloodyHallows","ScarletCoffin","KillingBlow"],"picked":"DemonKingCradle","floor":33},{"not_picked":["UltimateOffering","RedRainbow","EndlessAdversity","UnstableMagic"],"picked":"SKIP","floor":35},{"not_picked":["EndlessAdversity+1","VampireClaw+1","CharismaGuard","MillenniumVampire"],"picked":"SKIP","floor":36},{"not_picked":["ScarletSymphony+1","VampireKiss+1","NightDance+1"],"picked":"MastersStateliness+1","floor":38},{"not_picked":["FitfulNightmare+1","NightDance","VampireClaw+1"],"picked":"EquivalentExchange","floor":39},{"not_picked":["LeisurelyOfLord","ScarletNetherworld","RedNightlessCastle+1","ScarletDevilSign"],"picked":"SKIP","floor":41},{"not_picked":["EndlessAdversity+1","BloodHunter","DevilSight","DiffusionOfMisfortune"],"picked":"SKIP","floor":44},{"not_picked":["GlobalNightmare","BloodAndWine","EmergencyRegeneration+1","ScarletSymphony"],"picked":"SKIP","floor":45},{"not_picked":["UnstableMagic+1","VampireClaw+1","EndlessAdversity","BlasphemousPunishment"],"picked":"SKIP","floor":46},{"not_picked":["EndlessAdversity+1","BombardNight+1","RedMagic"],"picked":"TransientEternity","floor":47},{"not_picked":["BloodAndWine","ScarletDream","HunterOfTheNight+1","FavorOfDestiny"],"picked":"SKIP","floor":48},{"not_picked":["BlasphemousPunishment","DiffusionOfMisfortune+1","FitfulNightmare"],"picked":"GlobalNightmare","floor":54}],"player_experience":395256,"relics_obtained":[{"floor":6,"key":"Letter Opener"},{"floor":9,"key":"Ancient Tea Set"},{"floor":10,"key":"Blood Vial"},{"floor":21,"key":"War Paint"},{"floor":23,"key":"Question Card"},{"floor":25,"key":"Whetstone"},{"floor":25,"key":"White Beast Statue"},{"floor":26,"key":"Peace Pipe"},{"floor":27,"key":"Smiling Mask"},{"floor":35,"key":"Tiny Chest"},{"floor":41,"key":"Shuriken"},{"floor":44,"key":"Ice Cream"},{"floor":47,"key":"Kunai"},{"floor":54,"key":"Blue Candle"},{"floor":54,"key":"Toy Ornithopter"}],"event_choices":[{"damage_healed":0,"gold_gain":0,"player_choice":"Got Potions","damage_taken":0,"max_hp_gain":0,"max_hp_loss":0,"event_name":"Lab","floor":42,"gold_loss":0}],"is_beta":false,"boss_relics":[{"not_picked":["Runic Pyramid","Pandora\u0027s Box"],"picked":"ScarletEmblem"},{"not_picked":["Coffee Dripper","Runic Dome"],"picked":"SlaversCollar"}],"items_purged_floors":[11,20],"is_endless":false,"potions_floor_spawned":[2,3,4,10,14,19,21,23,27,29,33,35,36,38,39,41,44,45,46,47,48,54],"ascension_level":6}}