{"host":"uv5ws9rdk87e8i5k","time":1611369119,"event":{"mods":["AchievementEnabler","BaseMod","Colored Map","Minty Spire (QoL Compilation)","StSLib","SuperFastMode"],"gold_per_floor":[115,130,143,160,173,207,207,207,280,315,331,357,373,102,102,201,201,214,227,326,326,338,338,338],"floor_reached":23,"language":"ENG","playtime":685,"items_purged":["Strike_G"],"score":290,"play_id":"5fcb40d8-9c59-493a-9565-03bf3c6ca64c","local_time":"20210122203159","is_ascension_mode":true,"campfire_choices":[{"data":"Infinite Blades","floor":8.0,"key":"SMITH"},{"data":"Cloak And Dagger","floor":15,"key":"SMITH"}],"circlet_count":0,"master_deck":["Strike_G","Strike_G","Defend_G","Defend_G","Defend_G","Survivor","Neutralize","Masterful Stab","Infinite Blades+1","Finisher","Backflip","Accuracy","Dagger Throw","Leg Sweep","Backflip","Backstab","Cloak And Dagger+1","Die Die Die","Prepared","Acrobatics"],"relics":["Ring of the Snake","Strawberry","Meat on the Bone","Tingsha","Anchor","HandDrill","Empty Cage"],"acts_visited":["Exordium","TheCity"],"potions_floor_usage":[11,11,18,23],"damage_taken":[{"damage":1.0,"enemies":"Cultist","floor":1.0,"turns":4.0},{"damage":0.0,"enemies":"Small Slimes","floor":2.0,"turns":3.0},{"damage":0.0,"enemies":"2 Louse","floor":3.0,"turns":3.0},{"damage":3.0,"enemies":"Looter","floor":4.0,"turns":3.0},{"damage":4.0,"enemies":"Red Slaver","floor":5.0,"turns":4.0},{"damage":2.0,"enemies":"Gremlin Nob","floor":6.0,"turns":3.0},{"damage":31,"enemies":"Lagavulin","floor":10,"turns":8},{"damage":0,"enemies":"Blue Slaver","floor":11,"turns":3},{"damage":13,"enemies":"Gremlin Nob","floor":12,"turns":5},{"damage":6,"enemies":"Large Slime","floor":13,"turns":5},{"damage":41,"enemies":"The Guardian","floor":16,"turns":12},{"damage":0,"enemies":"3 Byrds","floor":18,"turns":4},{"damage":11,"enemies":"Spheric Guardian","floor":19,"turns":4},{"damage":2,"enemies":"Snecko","floor":22,"turns":4},{"damage":0,"enemies":"Gremlin Leader","floor":23,"turns":4}],"seed_played":"-5856496488349696495","potions_obtained":[{"floor":2.0,"key":"Block Potion"},{"floor":3.0,"key":"CunningPotion"},{"floor":5.0,"key":"SkillPotion"},{"floor":10,"key":"EssenceOfSteel"},{"floor":12,"key":"Strength Potion"},{"floor":16,"key":"BlessingOfTheForge"},{"floor":19,"key":"Regen Potion"}],"is_trial":false,"path_per_floor":["M","M","M","M","M","E","?","R","T","E","M","E","M","$","R","B",null,"M","M","?","?","M","E"],"character_chosen":"THE_SILENT","items_purchased":["HandDrill","Cloak And Dagger"],"campfire_rested":0,"item_purchase_floors":[14,14],"current_hp_per_floor":[62,62,62,59,55,60,60,60,60,41,41,40,46,46,46,17,57,57,46,46,46,44,44,44],"gold":338,"neow_bonus":"TRANSFORM_TWO_CARDS","is_daily":false,"chose_seed":false,"campfire_upgraded":2,"win_rate":0.0,"timestamp":1611369119,"path_taken":["M","M","M","?","M","E","?","R","T","E","M","E","?","$","R","BOSS","M","M","?","?","?","E"],"items_purchased_type":["Relic","Card"],"build_version":"2020-12-22","purchased_purges":1,"victory":false,"max_hp_per_floor":[63,63,63,63,63,70,70,70,70,70,70,70,70,70,70,70,70,70,70,70,70,70,70,70],"card_choices":[{"not_picked":["Slice","Deflect","Dodge and Roll"],"picked":"SKIP","floor":1.0},{"not_picked":["Flying Knee","Poisoned Stab"],"picked":"Finisher","floor":2.0},{"not_picked":["Flying Knee","Dagger Spray"],"picked":"Backflip","floor":3.0},{"not_picked":["Catalyst","Underhanded Strike"],"picked":"Accuracy","floor":4.0},{"not_picked":["Sucker Punch","Well Laid Plans","PiercingWail"],"picked":"SKIP","floor":5.0},{"not_picked":["Noxious Fumes","Quick Slash"],"picked":"Dagger Throw","floor":6.0},{"not_picked":["Bouncing Flask","Eviscerate"],"picked":"Leg Sweep","floor":10},{"not_picked":["Catalyst","Deflect"],"picked":"Backflip","floor":11},{"not_picked":["Concentrate","Doppelganger"],"picked":"Backstab","floor":12},{"not_picked":["All Out Attack","Predator","Dodge and Roll"],"picked":"SKIP","floor":13},{"not_picked":["Unload","Corpse Explosion"],"picked":"Die Die Die","floor":16},{"not_picked":["Eviscerate","Bane+1","Heel Hook"],"picked":"SKIP","floor":18},{"not_picked":["Slice+1","Finisher"],"picked":"Prepared","floor":19},{"not_picked":["Slice","Backflip"],"picked":"Acrobatics","floor":22}],"player_experience":168912,"relics_obtained":[{"floor":6.0,"key":"Strawberry"},{"floor":9.0,"key":"Meat on the Bone"},{"floor":10,"key":"Tingsha"},{"floor":12,"key":"Anchor"}],"event_choices":[{"damage_healed":0.0,"max_hp_gain":0.0,"max_hp_loss":0.0,"gold_gain":0.0,"event_name":"Wheel of Change","player_choice":"Cursed","floor":7.0,"gold_loss":0.0,"damage_taken":0.0,"cards_obtained":["Decay"]},{"damage_healed":0,"gold_gain":99,"player_choice":"Stole From Cult","damage_taken":0,"max_hp_gain":0,"max_hp_loss":0,"event_name":"Nest","floor":20,"gold_loss":0},{"cards_removed":["Defend_G"],"damage_healed":0,"gold_gain":0,"player_choice":"Offered Basic","damage_taken":0,"max_hp_gain":0,"max_hp_loss":0,"event_name":"Bonfire Elementals","floor":21,"gold_loss":0}],"is_beta":false,"boss_relics":[{"not_picked":["Fusion Hammer","Snecko Eye"],"picked":"Empty Cage"}],"items_purged_floors":[14],"is_endless":false,"potions_floor_spawned":[2,3,5,10,12,16,19,22],"killed_by":"Gremlin Leader","ascension_level":7}}