{"host":"yqveedbda5h7irme","time":1611417308,"event":{"mods":["AchievementEnabler","Aspiration","BaseMod","BetterRewards","Colored Powertips","Conspire","Downfall","GifTheSpireLib","Hermit","Hubris","Infinite Spire","Marked Mod","Minty Spire (QoL Compilation)","Replay The Spire","StSLib","Stuff the Spire","The Jungle","The Necromancer","The Servant 0.9.4"],"gold_per_floor":[99,117,130,48,48,61,61,91,104,114,114,114,14,39,64,64,64,64],"floor_reached":16,"language":"ENG","playtime":1467,"items_purged":[],"score":104,"play_id":"70776122-0104-4f7d-b85e-bacad7bb9cb5","local_time":"20210123165508","is_ascension_mode":false,"campfire_choices":[{"floor":1,"key":"RECALL"},{"data":"hubris:DuctTapeCard","floor":13,"key":"SMITH"}],"circlet_count":0,"master_deck":["hexamod:Strike","hexamod:Strike","hexamod:Strike+1","hexamod:Strike","hexamod:Defend+1","hexamod:Defend","hexamod:Defend","hexamod:Defend+1","hexamod:Float+1","hexamod:Hexaguard","hexamod:FifthSeal","hexamod:StepThrough","Injury","hexamod:FirstSeal","hexamod:SixthSeal","hexamod:SearingWound+1","hexamod:Rewind+1","hexamod:SecondSeal","hexamod:NightmareGuise+1","hexamod:FourthSeal","hubris:DuctTapeCard+2","hexamod:RecurringNightmare+1","hexamod:Incineration"],"relics":["hexamod:SpiritBrand","Toxic Egg 2","Pen Nib","hubris:DuctTape","downfall:HeartBlessingRed"],"acts_visited":["Exordium"],"potions_floor_usage":[15,16,16],"damage_taken":[{"damage":1,"enemies":"2 Louse","floor":2,"turns":5},{"damage":0,"enemies":"Small Slimes","floor":3,"turns":3},{"damage":0,"enemies":"downfall:FleeingMerchant","floor":4,"turns":4},{"damage":0,"enemies":"Jaw Worm","floor":6,"turns":3},{"damage":13,"enemies":"Gremlin Nob","floor":8,"turns":5},{"damage":9,"enemies":"Blue Slaver","floor":9,"turns":4},{"damage":6,"enemies":"2 Fungi Beasts","floor":10,"turns":3},{"damage":4,"enemies":"Exordium Wildlife","floor":14,"turns":4},{"damage":26,"enemies":"3 Louse","floor":15,"turns":4},{"damage":30,"enemies":"DF_ARCHETYPE_STREAMLINE","floor":16,"turns":9}],"seed_played":"-7638319150508283018","potions_obtained":[{"floor":2,"key":"PowerPotion"},{"floor":6,"key":"Dexterity Potion"},{"floor":14,"key":"conspire:TimeTravelPotion"},{"floor":14,"key":"Dexterity Potion"},{"floor":15,"key":"PowerPotion"}],"is_trial":false,"path_per_floor":["R","M","M","$","?","M","T","E","M","M","?","?","R","M","M","B"],"character_chosen":"THE_SPIRIT","items_purchased":["hexamod:StepThrough"],"campfire_rested":0,"item_purchase_floors":[4],"current_hp_per_floor":[77,76,76,76,76,76,76,70,68,62,62,44,44,47,28,0,0,0],"gold":64,"neow_bonus":"TEN_PERCENT_HP_BONUS","is_daily":false,"chose_seed":false,"campfire_upgraded":1,"win_rate":0.0,"timestamp":1611417308,"path_taken":["R","M","M","$","?","M","T","E","M","M","?","?","R","?","M","BOSS"],"items_purchased_type":["Card"],"build_version":"2020-12-22","purchased_purges":0,"victory":false,"max_hp_per_floor":[77,77,77,77,77,77,77,77,77,77,77,77,77,77,77,77,77,77],"card_choices":[{"not_picked":["hexamod:ShieldOfDarkness","hexamod:SecondSeal"],"picked":"hexamod:SpectersWail","floor":2},{"not_picked":["hexamod:InspiringFlames","hexamod:NightmareGuise"],"picked":"hexamod:Hexaguard","floor":3},{"not_picked":["hexamod:ShieldOfDarkness","hexamod:PhantomFireball"],"picked":"hexamod:FifthSeal","floor":4},{"not_picked":["hexamod:FourthSeal","hexamod:GhostOfSpirePast"],"picked":"hexamod:FirstSeal","floor":6},{"not_picked":["hexamod:SecondSeal","hexamod:ThirdSeal"],"picked":"hexamod:SixthSeal","floor":8},{"not_picked":["hexamod:ExtraCrispy","hexamod:Incineration"],"picked":"hexamod:SearingWound+1","floor":8},{"not_picked":["hexamod:BacktrackSmack","hexamod:GhostShield+1"],"picked":"hexamod:Rewind+1","floor":9},{"not_picked":["hexamod:FourthSeal","hexamod:ThirdSeal"],"picked":"hexamod:SecondSeal","floor":10},{"not_picked":["hexamod:InspiringFlames+1","hexamod:RainOfEmbers"],"picked":"hexamod:NightmareGuise+1","floor":10},{"not_picked":["hexamod:BacktrackSmack","hexamod:SpectralAdrenaline+1"],"picked":"hexamod:RecurringNightmare+1","floor":14},{"not_picked":["hexamod:TimeWarp","hexamod:AdvancingGuard+1"],"picked":"hexamod:Incineration","floor":15}],"player_experience":141537,"relics_obtained":[{"floor":8,"key":"Pen Nib"}],"event_choices":[{"damage_healed":0,"gold_gain":0,"player_choice":"Success","damage_taken":18,"relics_obtained":["hubris:DuctTape"],"max_hp_gain":0,"max_hp_loss":0,"event_name":"Scrap Ooze","floor":12,"gold_loss":0}],"is_beta":false,"boss_relics":[],"items_purged_floors":[],"is_endless":false,"potions_floor_spawned":[2,6,14],"killed_by":"DF_ARCHETYPE_STREAMLINE","ascension_level":0}}