{"host":"y5l5jq411zt8gv60","time":1611432867,"event":{"mods":["BaseMod","BetterRewards","Colored Powertips","Highlight Path","Minty Spire (QoL Compilation)","Shop Mod","StSLib","The Construct"],"gold_per_floor":[116,133,133,208,218,218,238,269,342,342,352,232,332,350,350,448,448,462,80,97,109,120,120,140,40,109,109,109],"floor_reached":27,"language":"ENG","playtime":1525,"items_purged":["construct:Multistage","construct:Defend_Gold"],"score":317,"play_id":"204a120a-c546-4d88-9358-98836a29c600","local_time":"20210123151427","is_ascension_mode":false,"campfire_choices":[{"data":"construct:Autoturret","floor":6,"key":"SMITH"},{"data":"construct:Backup","floor":10,"key":"SMITH"},{"data":"construct:LaserCore","floor":15,"key":"SMITH"},{"floor":23,"key":"REST"}],"circlet_count":0,"master_deck":["construct:Strike_Gold","construct:Strike_Gold","construct:Strike_Gold","construct:Strike_Gold","construct:Strike_Gold","construct:Defend_Gold","construct:Defend_Gold","construct:Defend_Gold","construct:Defend_Gold","construct:AttackMode","construct:DefenseMode","construct:Autoturret+1","construct:Tumble","construct:Forcefield","construct:ChargeShot","construct:Backup+1","construct:PointDefense","construct:LaserCore+1","construct:Autoturret","construct:Autoturret"],"relics":["construct:Cogwheel","Incense Burner","Mercury Hourglass","Philosopher\u0027s Stone","Juzu Bracelet","TheAbacus","Toxic Egg 2"],"acts_visited":["Exordium","TheCity"],"potions_floor_usage":[22],"damage_taken":[{"damage":0,"enemies":"Small Slimes","floor":1,"turns":5},{"damage":8,"enemies":"Jaw Worm","floor":2,"turns":6},{"damage":0,"enemies":"Cultist","floor":5,"turns":3},{"damage":5,"enemies":"2 Fungi Beasts","floor":7,"turns":6},{"damage":8,"enemies":"Lagavulin","floor":8,"turns":8},{"damage":0,"enemies":"Large Slime","floor":11,"turns":3},{"damage":11,"enemies":"Exordium Wildlife","floor":14,"turns":6},{"damage":14,"enemies":"Slime Boss","floor":16,"turns":7},{"damage":27,"enemies":"Chosen","floor":18,"turns":6},{"damage":0,"enemies":"Spheric Guardian","floor":20,"turns":5},{"damage":16,"enemies":"Centurion and Healer","floor":21,"turns":6},{"damage":26,"enemies":"Shelled Parasite and Fungi","floor":22,"turns":6},{"damage":29,"enemies":"Snecko","floor":24,"turns":7},{"damage":23,"enemies":"3 Cultists","floor":27,"turns":3}],"seed_played":"7161459863449520277","potions_obtained":[{"floor":8,"key":"ColorlessPotion"},{"floor":14,"key":"construct:MegaPotion"},{"floor":16,"key":"SkillPotion"},{"floor":22,"key":"DistilledChaos"}],"is_trial":false,"path_per_floor":["M","M","?","?","M","R","M","E","T","R","M","$","?","M","R","B",null,"M","$","M","M","M","R","M","$","T","M"],"character_chosen":"THE_CONSTRUCT_MOD","items_purchased":["construct:Autoturret","construct:Tumble","construct:LaserCore","construct:Autoturret","Juzu Bracelet","TheAbacus"],"campfire_rested":1,"item_purchase_floors":[0,0,12,12,19,19],"current_hp_per_floor":[85,77,82,71,71,71,66,58,58,58,58,58,58,47,47,33,90,63,63,63,47,21,48,19,19,19,0,0],"gold":109,"neow_bonus":"","is_daily":false,"chose_seed":false,"campfire_upgraded":3,"win_rate":0.0,"timestamp":1611432867,"path_taken":["M","M","?","?","M","R","M","E","T","R","M","?","?","?","R","BOSS","M","$","M","M","M","R","M","$","T","M"],"items_purchased_type":["Card","Card","Card","Card","Relic","Relic"],"build_version":"2020-12-22","purchased_purges":2,"victory":false,"max_hp_per_floor":[85,85,90,90,90,90,90,90,90,90,90,90,90,90,90,90,90,90,90,90,90,90,90,90,90,90,90,90],"card_choices":[{"not_picked":["construct:Accumulate","construct:HardReboot"],"picked":"construct:Forcefield","floor":1},{"not_picked":["construct:BatteryAcid","construct:ShiftStrike"],"picked":"construct:ChargeShot","floor":2},{"not_picked":["construct:ClusterMines","construct:HeavyBolt","construct:FierceBash"],"picked":"SKIP","floor":5},{"not_picked":["construct:Antimatter","construct:Reinforce"],"picked":"construct:Backup","floor":7},{"not_picked":["construct:ClusterMines","construct:Accumulate","construct:HeavyBolt"],"picked":"SKIP","floor":8},{"not_picked":["construct:ClusterMines","construct:FierceBash"],"picked":"construct:PointDefense","floor":11},{"not_picked":["construct:Accumulate","construct:PowerUp","construct:FocusedBeam"],"picked":"SKIP","floor":14},{"not_picked":["construct:ShiftingStance","construct:HyperBeam"],"picked":"construct:Multistage","floor":16},{"not_picked":["construct:CripplingShot","construct:UnbalancingBlast+1","construct:Anticipate"],"picked":"SKIP","floor":18},{"not_picked":["construct:ScrapCannon","construct:Anticipate+1","construct:Construct_Overclock"],"picked":"SKIP","floor":20},{"not_picked":["construct:Analyze+1","construct:FocusedBeam"],"picked":"construct:Autoturret","floor":21},{"not_picked":["construct:HeavyBolt","construct:HardReboot","construct:SaveState"],"picked":"SKIP","floor":22},{"not_picked":["construct:Stasis+1","construct:ShiftStrike","construct:ClusterMines"],"picked":"SKIP","floor":24}],"player_experience":154659,"relics_obtained":[{"floor":8,"key":"Incense Burner"},{"floor":9,"key":"Mercury Hourglass"},{"floor":26,"key":"Toxic Egg 2"}],"event_choices":[{"damage_healed":0,"gold_gain":0,"player_choice":"Donut","damage_taken":0,"max_hp_gain":5,"max_hp_loss":0,"event_name":"Big Fish","floor":3,"gold_loss":0},{"damage_healed":0,"gold_gain":75,"player_choice":"Gather Gold","damage_taken":11,"max_hp_gain":0,"max_hp_loss":0,"event_name":"World of Goop","floor":4,"gold_loss":0},{"damage_healed":0,"gold_gain":100,"player_choice":"Pray","damage_taken":0,"max_hp_gain":0,"max_hp_loss":0,"event_name":"Golden Shrine","floor":13,"gold_loss":0}],"is_beta":false,"boss_relics":[{"not_picked":["Fusion Hammer","Pandora\u0027s Box"],"picked":"Philosopher\u0027s Stone"}],"items_purged_floors":[19,25],"is_endless":false,"potions_floor_spawned":[8,14,16,21,22],"killed_by":"3 Cultists","ascension_level":0}}