{"host":"52m1o8iwwagurbjs","time":1611415434,"event":{"mods":["AchievementEnabler","BaseMod","Bestiary","Colored Powertips","GifTheSpireLib","Minty Spire (QoL Compilation)","Quick Restart","RNG Fix","Relic Stats","StSLib"],"gold_per_floor":[119,130,1,15,26,26,57,69,69,53,83,98,23,23,23,120,120,137,151,51,68,80,80,80,108,158,186,205,236,236,236,236,337,337,355,9,0,18,18,18,37,70,122,43,93,120,120,133,133,133,133,133,8,35,35],"floor_reached":56,"language":"ENG","playtime":3638,"items_purged":["Strike_B","Amplify","Zap"],"score":1577,"play_id":"48d3f1fd-c959-4025-b98e-2b9b2f7918da","local_time":"20210123102354","is_ascension_mode":false,"campfire_choices":[{"data":"Genetic Algorithm","floor":6.0,"key":"SMITH"},{"floor":15.0,"key":"REST"},{"data":"Defragment","floor":23.0,"key":"SMITH"},{"floor":32.0,"key":"REST"},{"floor":40.0,"key":"RECALL"},{"data":"Buffer","floor":49,"key":"SMITH"},{"data":"Capacitor","floor":52,"key":"SMITH"}],"circlet_count":0,"master_deck":["Defend_B","Dualcast","Go for the Eyes+1","Heatsinks+1","Creative AI+1","Doom and Gloom","Steam","Ball Lightning","Genetic Algorithm+1","Leap","Glacier","Echo Form","Coolheaded","Coolheaded","Turbo","Fusion","Biased Cognition","Defragment+1","Capacitor+1","Static Discharge","Barrage","Buffer+1","Master of Strategy","Double Energy+1","Core Surge","Defragment"],"relics":["Astrolabe","Nunchaku","Mummified Hand","Juzu Bracelet","Snecko Eye","Blood Vial","Centennial Puzzle","Regal Pillow","PreservedInsect","Enchiridion","Busted Crown","Red Mask","Potion Belt","Lizard Tail","Orichalcum","Strawberry"],"acts_visited":["Exordium","TheCity","TheBeyond","TheEnding"],"potions_floor_usage":[54,55,55,55,55],"damage_taken":[{"damage":5.0,"enemies":"Jaw Worm","floor":1.0,"turns":5.0},{"damage":0.0,"enemies":"2 Louse","floor":2.0,"turns":2.0},{"damage":5.0,"enemies":"Small Slimes","floor":4.0,"turns":4.0},{"damage":6.0,"enemies":"2 Fungi Beasts","floor":5.0,"turns":4.0},{"damage":14.0,"enemies":"3 Sentries","floor":7.0,"turns":8.0},{"damage":7.0,"enemies":"Large Slime","floor":8.0,"turns":9.0},{"damage":10.0,"enemies":"Exordium Thugs","floor":10.0,"turns":4.0},{"damage":0.0,"enemies":"Lagavulin","floor":11.0,"turns":9.0},{"damage":0.0,"enemies":"Looter","floor":12.0,"turns":4.0},{"damage":0.0,"enemies":"The Guardian","floor":16.0,"turns":11.0},{"damage":11.0,"enemies":"Shell Parasite","floor":18.0,"turns":6.0},{"damage":0.0,"enemies":"Spheric Guardian","floor":19.0,"turns":6.0},{"damage":0.0,"enemies":"Snecko","floor":21.0,"turns":6.0},{"damage":0.0,"enemies":"3 Cultists","floor":22.0,"turns":5.0},{"damage":0.0,"enemies":"Book of Stabbing","floor":25.0,"turns":6.0},{"damage":0.0,"enemies":"Slavers","floor":27.0,"turns":4.0},{"damage":0.0,"enemies":"Centurion and Healer","floor":28.0,"turns":6.0},{"damage":9.0,"enemies":"Gremlin Leader","floor":29.0,"turns":5.0},{"damage":0.0,"enemies":"Champ","floor":33.0,"turns":13.0},{"damage":0.0,"enemies":"3 Darklings","floor":35.0,"turns":5.0},{"damage":0.0,"enemies":"3 Shapes","floor":38.0,"turns":3.0},{"damage":0.0,"enemies":"3 Darklings","floor":41.0,"turns":6.0},{"damage":0.0,"enemies":"Nemesis","floor":42.0,"turns":7.0},{"damage":0.0,"enemies":"Mind Bloom Boss Battle","floor":45.0,"turns":7.0},{"damage":0.0,"enemies":"Reptomancer","floor":46.0,"turns":3.0},{"damage":0,"enemies":"Writhing Mass","floor":48,"turns":9},{"damage":0,"enemies":"Time Eater","floor":50,"turns":15},{"damage":0,"enemies":"Shield and Spear","floor":54,"turns":3},{"damage":8,"enemies":"The Heart","floor":55,"turns":7}],"seed_played":"7507655378776104551","potions_obtained":[{"floor":2.0,"key":"Energy Potion"},{"floor":5.0,"key":"Dexterity Potion"},{"floor":11.0,"key":"FocusPotion"},{"floor":12.0,"key":"Ancient Potion"},{"floor":41.0,"key":"DuplicationPotion"},{"floor":42.0,"key":"Energy Potion"},{"floor":54,"key":"FocusPotion"}],"is_trial":false,"path_per_floor":["M","M","$","M","M","R","E","M","T","M","E","M","$","?","R","B",null,"M","M","$","M","M","R","?","E","T","E","M","E","?","?","R","B",null,"M","$","?","M","?","R","M","E","T","$","?","E","?","M","R","B",null,"R","$","E","B",null],"character_chosen":"DEFECT","items_purchased":["Ball Lightning","Genetic Algorithm","Master of Strategy","Gash","Core Surge","Fire Potion","LiquidBronze"],"campfire_rested":2,"item_purchase_floors":[3,3,36,36,44,53,53],"current_hp_per_floor":[70,70,70,65,59,59,45,38,38,28,28,28,28,28,50,50,75,64,64,64,64,64,64,64,64,64,66,68,61,45,45,75,75,75,75,75,75,75,75,75,75,75,75,75,75,75,71,71,71,71,71,71,71,78,70],"gold":35,"neow_bonus":"BOSS_RELIC","is_daily":false,"chose_seed":false,"campfire_upgraded":4,"win_rate":0.0,"timestamp":1611415434,"path_taken":["M","M","$","M","?","R","E","M","T","M","E","M","$","?","R","BOSS","M","M","$","M","M","R","?","E","T","E","M","E","?","?","R","BOSS","M","$","?","M","?","R","M","E","T","?","?","E","?","M","R","BOSS","R","$","E","BOSS"],"items_purchased_type":["Card","Card","Card","Card","Card","Potion","Potion"],"build_version":"2020-12-22","purchased_purges":3,"victory":true,"max_hp_per_floor":[75,75,75,75,75,75,75,75,75,75,75,75,75,75,75,75,75,75,75,75,75,75,75,75,75,75,75,75,75,75,75,75,75,75,75,75,75,75,75,75,75,75,75,75,75,75,71,71,71,71,71,71,71,78,78],"relic_stats":{"Regal Pillow":8,"counters":[29,181],"Astrolabe":["Go for the Eyes","Heatsinks","Creative AI"],"PreservedInsect":173,"Juzu Bracelet":2,"Orichalcum":[30],"Blood Vial":6,"Nunchaku":[17],"Centennial Puzzle":[6],"Lizard Tail":0,"Busted Crown":16,"Mummified Hand":[654],"Snecko Eye":[313,306,303,292],"obtain_stats":[{"Potion Belt":42,"Regal Pillow":27,"Astrolabe":0,"Enchiridion":30,"PreservedInsect":29,"Juzu Bracelet":11,"Orichalcum":46,"Blood Vial":25,"Nunchaku":7,"Centennial Puzzle":26,"Lizard Tail":45,"Busted Crown":34,"Mummified Hand":9,"Strawberry":54,"Snecko Eye":17,"Red Mask":37,"Cracked Core":0},{"Potion Belt":23,"Regal Pillow":16,"Astrolabe":0,"Enchiridion":18,"PreservedInsect":18,"Juzu Bracelet":8,"Orichalcum":25,"Blood Vial":15,"Nunchaku":5,"Centennial Puzzle":15,"Lizard Tail":24,"Busted Crown":19,"Mummified Hand":6,"Strawberry":28,"Snecko Eye":10,"Red Mask":20,"Cracked Core":0},{"Potion Belt":137,"Regal Pillow":93,"Astrolabe":0,"Enchiridion":103,"PreservedInsect":103,"Juzu Bracelet":45,"Orichalcum":147,"Blood Vial":89,"Nunchaku":23,"Centennial Puzzle":89,"Lizard Tail":144,"Busted Crown":116,"Mummified Hand":32,"Strawberry":174,"Snecko Eye":60,"Red Mask":121,"Cracked Core":0}]},"card_choices":[{"not_picked":["Melter","Redo"],"picked":"Doom and Gloom","floor":1.0},{"not_picked":["Turbo","Streamline"],"picked":"Steam","floor":2.0},{"not_picked":["Scrape","Tempest"],"picked":"Leap","floor":4.0},{"not_picked":["BootSequence","Steam"],"picked":"Glacier","floor":5.0},{"not_picked":["Meteor Strike","Ball Lightning"],"picked":"Echo Form","floor":7.0},{"not_picked":["Beam Cell","Steam"],"picked":"Coolheaded","floor":8.0},{"not_picked":["Go for the Eyes","Tempest"],"picked":"Amplify","floor":10.0},{"not_picked":["Ball Lightning","Steam"],"picked":"Coolheaded","floor":11.0},{"not_picked":["Lockon","Sunder"],"picked":"Turbo","floor":12.0},{"not_picked":["Multi-Cast","Creative AI"],"picked":"Biased Cognition","floor":16.0},{"not_picked":["Darkness","Stack","Beam Cell"],"picked":"SKIP","floor":18.0},{"not_picked":["Undo","Stack+1","Reprogram"],"picked":"SKIP","floor":19.0},{"not_picked":["Leap","Barrage","Redo"],"picked":"SKIP","floor":21.0},{"not_picked":["Compile Driver","Cold Snap"],"picked":"Defragment","floor":22.0},{"not_picked":["Go for the Eyes","Storm"],"picked":"Recycle","floor":25.0},{"not_picked":["Reprogram","Hello World","Auto Shields+1"],"picked":"SKIP","floor":27.0},{"not_picked":["Tempest+1","Recycle"],"picked":"Capacitor","floor":28.0},{"not_picked":["Capacitor+1","Hello World","Doom and Gloom"],"picked":"SKIP","floor":29.0},{"not_picked":["Fission","Echo Form"],"picked":"Buffer","floor":33.0},{"not_picked":["Stack+1"],"picked":"SKIP","floor":35.0},{"not_picked":["Gash+1"],"picked":"SKIP","floor":38.0},{"not_picked":["Go for the Eyes+1"],"picked":"SKIP","floor":41.0},{"not_picked":[],"picked":"Double Energy+1","floor":42.0},{"not_picked":["Darkness"],"picked":"SKIP","floor":46.0},{"not_picked":["Chill"],"picked":"SKIP","floor":48},{"not_picked":[],"picked":"Defragment","floor":54}],"player_experience":1169099,"relics_obtained":[{"floor":7.0,"key":"Nunchaku"},{"floor":9.0,"key":"Mummified Hand"},{"floor":11.0,"key":"Juzu Bracelet"},{"floor":25.0,"key":"Blood Vial"},{"floor":26.0,"key":"Centennial Puzzle"},{"floor":27.0,"key":"Regal Pillow"},{"floor":29.0,"key":"PreservedInsect"},{"floor":30.0,"key":"Enchiridion"},{"floor":42.0,"key":"Potion Belt"},{"floor":45.0,"key":"Lizard Tail"},{"floor":46.0,"key":"Orichalcum"},{"floor":54,"key":"Strawberry"}],"event_choices":[{"damage_healed":0.0,"max_hp_gain":0.0,"max_hp_loss":0.0,"gold_gain":0.0,"cards_transformed":["Strike_B"],"event_name":"Transmorgrifier","player_choice":"Transformed","floor":14.0,"gold_loss":0.0,"damage_taken":0.0,"cards_obtained":["Fusion"]},{"cards_removed":["Defend_B"],"damage_healed":0.0,"max_hp_gain":0.0,"max_hp_loss":0.0,"gold_gain":0.0,"event_name":"Purifier","player_choice":"Purged","floor":24.0,"gold_loss":0.0,"damage_taken":0.0},{"damage_healed":0.0,"max_hp_gain":0.0,"max_hp_loss":0.0,"gold_gain":0.0,"event_name":"Cursed Tome","player_choice":"Obtained Book","floor":30.0,"gold_loss":0.0,"damage_taken":16.0},{"damage_healed":0.0,"max_hp_gain":0.0,"max_hp_loss":0.0,"gold_gain":0.0,"cards_transformed":["Recycle","Defend_B"],"event_name":"Drug Dealer","player_choice":"Became Test Subject","floor":31.0,"gold_loss":0.0,"damage_taken":0.0,"cards_obtained":["Static Discharge","Barrage"]},{"damage_healed":0.0,"max_hp_gain":0.0,"max_hp_loss":0.0,"gold_gain":0.0,"event_name":"Tomb of Lord Red Mask","player_choice":"Paid","floor":37.0,"gold_loss":9.0,"damage_taken":0.0,"relics_obtained":["Red Mask"]},{"cards_removed":["Gash"],"damage_healed":0.0,"max_hp_gain":0.0,"max_hp_loss":0.0,"gold_gain":0.0,"event_name":"Falling","player_choice":"Removed Attack","floor":39.0,"gold_loss":0.0,"damage_taken":0.0},{"damage_healed":0.0,"max_hp_gain":0.0,"max_hp_loss":0.0,"gold_gain":0.0,"event_name":"MindBloom","player_choice":"Fight","floor":45.0,"gold_loss":0.0,"damage_taken":0.0},{"damage_healed":0.0,"max_hp_gain":0.0,"max_hp_loss":4.0,"gold_gain":0.0,"event_name":"Winding Halls","player_choice":"Max HP","floor":47.0,"gold_loss":0.0,"damage_taken":0.0}],"is_beta":false,"boss_relics":[{"not_picked":["Black Star","Tiny House"],"picked":"Snecko Eye"},{"not_picked":["Calling Bell","Empty Cage"],"picked":"Busted Crown"}],"items_purged_floors":[13,20,36],"is_endless":false,"potions_floor_spawned":[2,5,11,12,21,25,28,41,42,54],"ascension_level":0}}