{"host":"mykjnfgvckiyjptv","time":1611444480,"event":{"mods":["2.2 Compatiblity","Act Like it!","Aspiration","BaseMod","Better Altar","Better Third Choice","BetterRewards","Card Forge","Custom Start","Dio Mod","Energized Spire","GifTheSpireLib","Gold Saver","Halation","Hermit","Hubris","Hyrulean Relics","Jedi Mod","Minty Spire (QoL Compilation)","Pale of the Ancients","Practice Mode","Replay The Spire","Robot Space Explorer","Shade Mod","Small Relic Pack","Spicy Shops","Spikes Relics","StSLib","Stuff the Spire","vexMod","??????REMEMod"],"gold_per_floor":[325,325,345,361,379,379,404,415,415,449,178,178,178,208,208,208,208],"floor_reached":16,"language":"ENG","playtime":1622,"items_purged":[],"score":340,"play_id":"7327944b-287c-471b-89da-4acae7c97694","local_time":"20210123172800","is_ascension_mode":true,"campfire_choices":[{"floor":6,"key":"RECALL"},{"floor":12,"key":"REST"},{"floor":15,"key":"REST"}],"circlet_count":0,"master_deck":["AscendersBane","Strike_G","Strike_G","Strike_G","Strike_G","Strike_G","Defend_G","Defend_G","Defend_G","Defend_G","Defend_G","Survivor","Neutralize+1","Replay:Poison Smokescreen+1","Echo Form+1","Poisoned Stab+1","Blur+1","Envenom+1","Seek+1","Poisoned Stab+1","Deadly Poison"],"relics":["Ring of the Snake","Hammer of Thor","Seething Fire","Anvil of the Gods","REME_ComplimentaryCards","GiantMaggot","NlothsMask","Prayer Wheel","StuffTheSpire:DarkSteelAnvil","Replay:Accelerometer","BargainBundle","Blood Vial","ReplayTheSpireMod:TigerMarble"],"acts_visited":["Exordium"],"potions_floor_usage":[5,7,7,10,16,16],"damage_taken":[{"damage":7,"enemies":"2 Louse","floor":1,"turns":4},{"damage":4,"enemies":"Cultist","floor":3,"turns":4},{"damage":1,"enemies":"Jaw Worm","floor":4,"turns":5},{"damage":9,"enemies":"Large Slime","floor":5,"turns":7},{"damage":5,"enemies":"Gremlin Nob","floor":7,"turns":4},{"damage":10,"enemies":"2 Fungi Beasts","floor":8,"turns":3},{"damage":20,"enemies":"3 Sentries","floor":10,"turns":6},{"damage":18,"enemies":"Replay:BlueRogue","floor":14,"turns":5},{"damage":68,"enemies":"Fading Forest","floor":16,"turns":10}],"seed_played":"-775082593818818267","potions_obtained":[{"floor":1,"key":"SpeedPotion"},{"floor":3,"key":"Regen Potion"},{"floor":5,"key":"LifebloodPotion"},{"floor":8,"key":"SkillPotion"},{"floor":10,"key":"Reflective Coating"}],"is_trial":false,"path_per_floor":["M","?","M","M","M","R","E","M","T","E","$","R","T","E","R","B"],"character_chosen":"THE_SILENT","items_purchased":["GiantMaggot","Replay:Poison Smokescreen","BargainBundle","Blood Vial","AttackPotion"],"campfire_rested":2,"item_purchase_floors":[0,0,11,11,11],"current_hp_per_floor":[52,52,48,47,38,38,47,37,37,17,17,36,36,20,39,0,0],"gold":208,"neow_bonus":"","is_daily":false,"chose_seed":false,"campfire_upgraded":0,"win_rate":0.0,"timestamp":1611444480,"path_taken":["M","?","M","?","M","R","E","M","T","E","$","R","?","E","R","BOSS"],"items_purchased_type":["Relic","Card","Relic","Relic","Potion"],"build_version":"2020-12-22","purchased_purges":0,"victory":false,"max_hp_per_floor":[66,66,66,66,66,66,66,66,66,66,66,66,66,66,66,66,66],"card_choices":[{"not_picked":["Backflip","Acrobatics","hubris:SlightOfHand"],"picked":"SKIP","floor":1},{"not_picked":["Outmaneuver","Endless Agony","Riddle With Holes"],"picked":"SKIP","floor":3},{"not_picked":["StuffTheSpire:BumpUp","Cloak And Dagger","Hidden Blade"],"picked":"SKIP","floor":3},{"not_picked":["Outmaneuver","Endless Agony","Riddle With Holes"],"picked":"SKIP","floor":3},{"not_picked":["StuffTheSpire:BumpUp","Cloak And Dagger","Hidden Blade"],"picked":"SKIP","floor":3},{"not_picked":["Pace","Dagger Spray"],"picked":"Poisoned Stab","floor":4},{"not_picked":["ReplayTheSpireMod:Speed Training","Pace","Riddle With Holes"],"picked":"SKIP","floor":4},{"not_picked":["StuffTheSpire:DoubleShiv","Fluid Movement"],"picked":"Blur","floor":5},{"not_picked":["Endless Agony","StuffTheSpire:BrimstoneBlast"],"picked":"Envenom","floor":5},{"not_picked":["PiercingWail","Cloak And Dagger","Outmaneuver"],"picked":"SKIP","floor":7},{"not_picked":["ShadowRift","Toxin Wave"],"picked":"Deadly Poison","floor":8},{"not_picked":["jedi:unstablefumes","Hidden Blade","Quick Slash"],"picked":"SKIP","floor":8},{"not_picked":["jedi:collectorvenom","StuffTheSpire:DoubleShiv","jedi:pocketpoison"],"picked":"SKIP","floor":10},{"not_picked":["Replay:Bag of Tricks","Dagger Throw","StuffTheSpire:Incursion"],"picked":"SKIP","floor":14}],"player_experience":453719,"relics_obtained":[{"floor":7,"key":"StuffTheSpire:DarkSteelAnvil"},{"floor":10,"key":"Replay:Accelerometer"},{"floor":14,"key":"ReplayTheSpireMod:TigerMarble"}],"event_choices":[{"damage_healed":0,"gold_gain":0,"player_choice":"Trade","damage_taken":0,"relics_obtained":["NlothsMask"],"max_hp_gain":0,"max_hp_loss":0,"event_name":"FaceTrader","floor":2,"gold_loss":0}],"is_beta":false,"boss_relics":[],"items_purged_floors":[],"is_endless":false,"potions_floor_spawned":[1,3,5,8,10],"killed_by":"Fading Forest","ascension_level":20}}