{"host":"ni5mix2lh3q94rpg","time":1611366833,"event":{"mods":["AchievementEnabler","Act Like it!","BaseMod","Better Altar","Better Note","Better Silent Start","Better Skull","Better Third Choice","Better Vampires","Card Forge","Colored Map","Colored Powertips","Custom Start","Displayed Cursed Tome","Gensokyo","GifTheSpireLib","Hermit","Highlight Path","Marisa????????","Minty Spire (QoL Compilation)","Remilia??????","Shop Mod","StSLib","The Cursed","The Servant 0.9.4","Transform Curses","everything is the same but u backflip on backflip","slay the spire mod where everything is the same but ironclad has a cowboy hat"],"gold_per_floor":[112,112,262,262,272,299,318,45,70,100,115,176,176,87,87,162,162,162,162,102,102,8,8,8,8,8,8,8,8,8,8,8,8,8,8,8,8,8,8,8,8,8,8,8,8,8],"floor_reached":45,"language":"ENG","playtime":2600,"items_purged":[],"score":954,"play_id":"ee9af5e1-5b2e-4eaa-bd40-8359b5e7d076","local_time":"20210123045353","is_ascension_mode":true,"campfire_choices":[{"data":"Footwork","floor":15.0,"key":"SMITH"},{"data":"Noxious Fumes","floor":23.0,"key":"SMITH"},{"floor":32.0,"key":"REST"},{"floor":40,"key":"REST"}],"circlet_count":0,"master_deck":["AscendersBane","Strike_G","Strike_G","Strike_G","Strike_G","Defend_G+1","Defend_G","Defend_G","Defend_G","Survivor","Neutralize","Catalyst","Distraction","Flechettes","Corpse Explosion","Bandage Up","Leg Sweep","Backflip","Footwork+1","Burst","Dodge and Roll","Footwork","PiercingWail","Noxious Fumes+1","PiercingWail","Terror","J.A.X.","Expertise","Dash","PiercingWail","Deadly Poison+1","Bouncing Flask"],"relics":["Ring of the Snake","Hammer of Thor","Seething Fire","Anvil of the Gods","NeowsBlessing","Anchor","MealTicket","Vajra","StrikeDummy","Thread and Needle","Ectoplasm","Enchiridion","Art of War","Tiny House","StoneCalendar","CatCart","Ginger","Strawberry"],"acts_visited":["Exordium","TheCity","TheBeyond"],"potions_floor_usage":[39,39,41],"damage_taken":[{"damage":0.0,"enemies":"2 Louse","floor":1.0,"turns":1.0},{"damage":0.0,"enemies":"Jaw Worm","floor":5.0,"turns":1.0},{"damage":0.0,"enemies":"Gremlin Nob","floor":6.0,"turns":1.0},{"damage":0.0,"enemies":"Small Slimes","floor":7.0,"turns":4.0},{"damage":0.0,"enemies":"3 Sentries","floor":10.0,"turns":2.0},{"damage":0.0,"enemies":"2 Fungi Beasts","floor":11.0,"turns":4.0},{"damage":16.0,"enemies":"3 Sentries","floor":12.0,"turns":7.0},{"damage":25.0,"enemies":"Hexaghost","floor":16.0,"turns":12.0},{"damage":23.0,"enemies":"3 Byrds","floor":18.0,"turns":3.0},{"damage":0.0,"enemies":"2 Thieves","floor":20.0,"turns":4.0},{"damage":1.0,"enemies":"Snake Plant","floor":21.0,"turns":6.0},{"damage":21.0,"enemies":"3 Cultists","floor":25.0,"turns":5.0},{"damage":0.0,"enemies":"Shelled Parasite and Fungi","floor":28.0,"turns":6.0},{"damage":0.0,"enemies":"Snake Plant","floor":29.0,"turns":6.0},{"damage":3.0,"enemies":"3 Cultists","floor":31.0,"turns":4.0},{"damage":53.0,"enemies":"Collector","floor":33.0,"turns":11.0},{"damage":0.0,"enemies":"3 Shapes","floor":35.0,"turns":7.0},{"damage":25.0,"enemies":"3 Darklings","floor":36.0,"turns":5.0},{"damage":0.0,"enemies":"4 Shapes","floor":37.0,"turns":7.0},{"damage":9.0,"enemies":"Writhing Mass","floor":38.0,"turns":8.0},{"damage":32,"enemies":"Mind Bloom Boss Battle","floor":39,"turns":11},{"damage":36,"enemies":"Orin","floor":41,"turns":7},{"damage":24,"enemies":"Jaw Worm Horde","floor":44,"turns":4},{"damage":68,"enemies":"Transient","floor":45,"turns":5}],"seed_played":"687546236447307098","potions_obtained":[{"floor":1.0,"key":"Explosive Potion"},{"floor":6.0,"key":"Weak Potion"},{"floor":11.0,"key":"Poison Potion"},{"floor":25.0,"key":"LiquidMemories"},{"floor":28.0,"key":"SkillPotion"},{"floor":29.0,"key":"EntropicBrew"},{"floor":33.0,"key":"Poison Potion"},{"floor":34.0,"key":"EntropicBrew"},{"floor":37.0,"key":"Weak Potion"},{"floor":38.0,"key":"PowerPotion"},{"floor":39,"key":"PowerPotion"}],"is_trial":false,"path_per_floor":["M","?","?","?","M","E","M","$","T","E","M","?","?","$","R","B",null,"M","?","M","M","$","R","?","M","T","?","M","M","?","M","R","B",null,"M","M","M","M","?","R","?","?","T","M","M"],"character_chosen":"THE_SILENT","items_purchased":["Corpse Explosion","Bandage Up","Footwork","Noxious Fumes","PiercingWail"],"campfire_rested":2,"item_purchase_floors":[8,8,14,22,22],"current_hp_per_floor":[59,54,54,54,54,54,54,66,66,66,66,50,55,70,70,49,66,47,26,30,33,48,48,48,31,31,31,35,39,39,36,57,8,60,64,43,47,42,29,51,19,19,26,2,0,0],"gold":8,"neow_bonus":"THREE_ENEMY_KILL","is_daily":false,"chose_seed":false,"campfire_upgraded":2,"win_rate":0.0,"timestamp":1611366833,"path_taken":["M","?","?","?","M","E","M","$","T","E","?","?","?","?","R","BOSS","M","?","M","M","$","R","?","M","T","?","M","?","?","M","R","BOSS","M","M","M","M","?","R","?","?","T","M","?"],"items_purchased_type":["Card","Card","Card","Card","Card"],"build_version":"2020-12-22","purchased_purges":0,"victory":false,"max_hp_per_floor":[66,66,66,66,66,66,66,66,66,66,66,66,71,71,71,71,71,71,71,71,71,71,71,71,71,71,71,71,71,71,71,71,71,76,76,76,76,76,76,76,76,76,83,83,83,83],"card_choices":[{"not_picked":["PiercingWail","Crippling Poison"],"picked":"Catalyst","floor":1.0},{"not_picked":["Flying Knee","Sucker Punch","Setup"],"picked":"SKIP","floor":5.0},{"not_picked":["Flying Knee","Sucker Punch","Setup"],"picked":"SKIP","floor":5.0},{"not_picked":["Eviscerate","Quick Slash"],"picked":"Flechettes","floor":6.0},{"not_picked":["Underhanded Strike","Flying Knee","Masterful Stab"],"picked":"SKIP","floor":7.0},{"not_picked":["Dodge and Roll","Tactician"],"picked":"Leg Sweep","floor":10.0},{"not_picked":["Slice","Bane","Backflip"],"picked":"SKIP","floor":11.0},{"not_picked":["Distraction","Slice"],"picked":"Backflip","floor":12.0},{"not_picked":["Grand Finale","Night Terror"],"picked":"Burst","floor":16.0},{"not_picked":["Dagger Throw","Slice"],"picked":"Dodge and Roll","floor":18.0},{"not_picked":["Quick Slash+1","Backstab"],"picked":"Footwork","floor":20.0},{"not_picked":["Concentrate","Acrobatics"],"picked":"PiercingWail","floor":21.0},{"not_picked":["Flying Knee+1","Bane","Dagger Throw+1"],"picked":"SKIP","floor":25.0},{"not_picked":["Eviscerate","Bane","Dagger Throw"],"picked":"SKIP","floor":28.0},{"not_picked":["Dash+1","Blur"],"picked":"Terror","floor":29.0},{"not_picked":["Prepared","Deflect"],"picked":"Expertise","floor":31.0},{"not_picked":["Die Die Die","Wraith Form v2"],"picked":"After Image","floor":33.0},{"not_picked":["Terror","Underhanded Strike"],"picked":"Dash","floor":34.0},{"not_picked":["Deflect+1","Bane"],"picked":"PiercingWail","floor":35.0},{"not_picked":["Catalyst","Acrobatics"],"picked":"Deadly Poison+1","floor":36.0},{"not_picked":["Reflex","Caltrops","Heel Hook"],"picked":"SKIP","floor":37.0},{"not_picked":["Dagger Spray","Slice"],"picked":"Bouncing Flask","floor":38.0},{"not_picked":["Dagger Throw+1","Prepared","Backstab"],"picked":"SKIP","floor":44}],"player_experience":874274,"relics_obtained":[{"floor":6.0,"key":"MealTicket"},{"floor":9.0,"key":"Vajra"},{"floor":10.0,"key":"StrikeDummy"},{"floor":26.0,"key":"Art of War"},{"floor":39,"key":"StoneCalendar"},{"floor":41,"key":"CatCart"},{"floor":43,"key":"Strawberry"}],"event_choices":[{"damage_healed":0.0,"max_hp_gain":0.0,"max_hp_loss":0.0,"gold_gain":0.0,"event_name":"betterThird:BetterScrap","player_choice":"Relic ","floor":2.0,"gold_loss":0.0,"damage_taken":5.0,"cards_obtained":["ConjureBlade"]},{"damage_healed":0.0,"max_hp_gain":0.0,"max_hp_loss":0.0,"gold_gain":150.0,"event_name":"betterThird:BetterSerpent","player_choice":"AGREE","floor":3.0,"gold_loss":0.0,"damage_taken":112.0},{"damage_healed":0.0,"max_hp_gain":0.0,"max_hp_loss":0.0,"gold_gain":0.0,"cards_transformed":["Doubt"],"event_name":"Living Wall","player_choice":"Change","floor":4.0,"gold_loss":0.0,"damage_taken":0.0,"cards_obtained":["Distraction"]},{"damage_healed":0.0,"max_hp_gain":0.0,"max_hp_loss":0.0,"gold_gain":0.0,"event_name":"Dead Adventurer","player_choice":"Searched \u00272\u0027 times","floor":12.0,"gold_loss":0.0,"damage_taken":0.0,"relics_obtained":["Thread and Needle"]},{"damage_healed":0.0,"max_hp_gain":5.0,"max_hp_loss":0.0,"gold_gain":0.0,"event_name":"Big Fish","player_choice":"Donut","floor":13.0,"gold_loss":0.0,"damage_taken":0.0},{"damage_healed":0.0,"max_hp_gain":0.0,"max_hp_loss":0.0,"gold_gain":0.0,"event_name":"Cursed Tome","player_choice":"Obtained Book","floor":19.0,"gold_loss":0.0,"damage_taken":21.0},{"damage_healed":0.0,"max_hp_gain":0.0,"max_hp_loss":0.0,"gold_gain":0.0,"event_name":"Vampires","player_choice":"Ignored","floor":24.0,"gold_loss":0.0,"damage_taken":0.0},{"damage_healed":0.0,"max_hp_gain":0.0,"max_hp_loss":0.0,"gold_gain":0.0,"event_name":"The Mausoleum","player_choice":"Ignored","floor":27.0,"gold_loss":0.0,"damage_taken":0.0},{"damage_healed":0.0,"max_hp_gain":0.0,"max_hp_loss":0.0,"gold_gain":0.0,"event_name":"Drug Dealer","player_choice":"Obtain J.A.X.","floor":30.0,"gold_loss":0.0,"damage_taken":0.0,"cards_obtained":["J.A.X."]},{"damage_healed":0,"gold_gain":0,"player_choice":"Fight","damage_taken":0,"max_hp_gain":0,"max_hp_loss":0,"event_name":"MindBloom","floor":39,"gold_loss":0},{"damage_healed":0,"gold_gain":0,"player_choice":"Fight","damage_taken":0,"max_hp_gain":0,"max_hp_loss":0,"event_name":"OrinTheCat","floor":41,"gold_loss":0},{"cards_removed":["After Image"],"damage_healed":0,"gold_gain":0,"player_choice":"Gave Card","damage_taken":0,"relics_obtained":["Ginger"],"max_hp_gain":0,"max_hp_loss":0,"event_name":"WeMeetAgain","floor":42,"gold_loss":0}],"is_beta":false,"boss_relics":[{"not_picked":["SlaversCollar","Calling Bell"],"picked":"Ectoplasm"},{"not_picked":["SacredBark","Black Star"],"picked":"Tiny House"}],"items_purged_floors":[],"is_endless":false,"potions_floor_spawned":[1,6,11,12,25,28,29,31,33,37,38,39],"killed_by":"Transient","ascension_level":17}}