{"host":"mku5fdaoqz3qihec","time":1611433013,"event":{"mods":["2.2 Compatiblity","AchievementEnabler","BaseMod","Colored Map","Colored Powertips","Hermit","Minty Spire (QoL Compilation)","Rare Cards Sparkle","StSLib","SuperFastMode","The Dragon Tamer","The Servant 0.9.4"],"gold_per_floor":[115,115,131,147,247,278,291,291,291,318,333,283,314,326,326,421,421,433,287,298,46,46,72,72,72,72,82,82,82,82,98,98,194,194,212,212,231,231,141,141,161,161,161,178,205,219,219,219,219,219],"floor_reached":51,"language":"KOR","playtime":1575,"items_purged":["DTMod:Strike","DTMod:Strike"],"score":865,"play_id":"36e7910a-e62a-4853-a913-5c02fdcaf4ac","local_time":"20210124051653","is_ascension_mode":false,"metric_token":799,"campfire_choices":[{"floor":8.0,"key":"REST"},{"floor":15,"key":"REST"},{"data":"DTMod:SealedStrike","floor":24,"key":"SMITH"},{"data":"DTMod:SealedStrike+1","floor":25,"key":"SMITH"},{"data":"DTMod:SealedStrike+2","floor":28,"key":"SMITH"},{"data":"DTMod:SealedStrike+3","floor":29,"key":"SMITH"},{"data":"DTMod:SealedStrike+4","floor":32,"key":"SMITH"},{"floor":40,"key":"REST"},{"data":"DTMod:RepeatStrike","floor":42,"key":"SMITH"},{"data":"Madness","floor":49,"key":"SMITH"}],"dtmod_dragon_data":[20,58,1,0,8,0],"circlet_count":0,"master_deck":["DTMod:DoubleHit+1","DTMod:TargetDefense+1","DTMod:TargetDefense+1","DTMod:TargetDefense+1","DTMod:TargetDefense+1","DTMod:SwitchingTactic+1","DTMod:ComboAttack+1","DTMod:Hide+1","DTMod:Haste+1","DTMod:ComboAttack+1","DTMod:WarmUp+1","DTMod:RepeatStrike+1","DTMod:Feint+1","DTMod:SealedStrike+5","DTMod:Training+1","DTMod:ComboAttack+1","DTMod:Training+1","DTMod:MaximumCharge+1","Shame","DTMod:Threaten+1","DTMod:RepeatStrike+1","Madness+1","Madness","DTMod:MagiciansMark+1","Finesse+1","DTMod:Hide+1","DTMod:Cover+1","DTMod:TagTeam+1"],"relics":["DTMod:MagicStone","NeowsBlessing","Bag of Marbles","Pantograph","FossilizedHelix","WingedGreaves","PreservedInsect","Enchiridion","Darkstone Periapt","Gremlin Horn","InkBottle","Sozu","White Beast Statue","Frozen Egg 2"],"acts_visited":["Exordium","TheCity","TheBeyond"],"potions_floor_usage":[16,33,33],"damage_taken":[{"damage":0.0,"enemies":"Small Slimes","floor":1.0,"turns":1.0},{"damage":0.0,"enemies":"Jaw Worm","floor":3.0,"turns":1.0},{"damage":0.0,"enemies":"Cultist","floor":4.0,"turns":1.0},{"damage":26.0,"enemies":"3 Sentries","floor":6.0,"turns":12.0},{"damage":15.0,"enemies":"Gremlin Gang","floor":7.0,"turns":4.0},{"damage":8.0,"enemies":"Lagavulin","floor":10.0,"turns":7.0},{"damage":0.0,"enemies":"Exordium Wildlife","floor":11.0,"turns":3.0},{"damage":1,"enemies":"3 Sentries","floor":13,"turns":9},{"damage":0,"enemies":"Blue Slaver","floor":14,"turns":3},{"damage":0,"enemies":"Hexaghost","floor":16,"turns":10},{"damage":0,"enemies":"Shell Parasite","floor":18,"turns":2},{"damage":0,"enemies":"Spheric Guardian","floor":20,"turns":3},{"damage":0,"enemies":"Slavers","floor":23,"turns":4},{"damage":0,"enemies":"Cultist and Chosen","floor":27,"turns":4},{"damage":0,"enemies":"Sentry and Sphere","floor":31,"turns":4},{"damage":24,"enemies":"Champ","floor":33,"turns":10},{"damage":0,"enemies":"3 Shapes","floor":35,"turns":3},{"damage":2,"enemies":"3 Darklings","floor":37,"turns":3},{"damage":0,"enemies":"Jaw Worm Horde","floor":41,"turns":2},{"damage":0,"enemies":"Spire Growth","floor":44,"turns":3},{"damage":0,"enemies":"Giant Head","floor":45,"turns":5},{"damage":0,"enemies":"4 Shapes","floor":46,"turns":2},{"damage":0,"enemies":"Awakened One","floor":50,"turns":7}],"seed_played":"9008413937309995127","potions_obtained":[{"floor":3.0,"key":"Energy Potion"},{"floor":4.0,"key":"Block Potion"},{"floor":14,"key":"Block Potion"},{"floor":16,"key":"Ancient Potion"},{"floor":18,"key":"PowerPotion"},{"floor":31,"key":"LiquidBronze"}],"is_trial":false,"path_per_floor":["M","?","M","M","?","E","M","R","T","E","M","?","E","M","R","B",null,"M","$","M","$","?","E","R","R","T","M","R","R","?","M","R","B",null,"M","?","M","?","?","R","M","R","T","M","E","M","?","?","R","B",null],"character_chosen":"THE_DT","items_purchased":["DTMod:Training","DTMod:ComboAttack","PreservedInsect"],"campfire_rested":3,"item_purchase_floors":[19,19,21],"current_hp_per_floor":[45,50,50,50,50,24,9,24,24,16,16,16,15,15,30,50,50,50,50,50,50,34,41,41,41,41,48,48,48,54,56,56,32,56,56,49,54,44,44,56,56,56,56,56,56,56,56,56,56,56],"gold":219,"neow_bonus":"THREE_ENEMY_KILL","is_daily":false,"chose_seed":false,"campfire_upgraded":7,"win_rate":0.0,"timestamp":1611433013,"path_taken":["M","?","M","M","?","E","?","R","T","E","?","?","E","M","R","BOSS","M","$","M","$","?","E","R","R","T","M","R","R","?","M","R","BOSS","M","?","M","?","?","R","M","R","T","?","E","M","?","?","R","BOSS"],"items_purchased_type":["Card","Card","Relic"],"build_version":"2020-12-22","purchased_purges":2,"victory":true,"max_hp_per_floor":[45,50,50,50,50,50,50,50,50,50,50,50,50,50,50,50,50,50,50,50,50,50,50,50,50,50,50,50,50,56,56,56,56,56,56,56,56,56,56,56,56,56,56,56,56,56,56,56,56,56],"card_choices":[{"not_picked":["DTMod:InvisibleFlame","DTMod:LastStand"],"picked":"DTMod:Punisher","floor":1.0},{"not_picked":["DTMod:BuildUp","DTMod:BlazingStrike"],"picked":"DTMod:ComboAttack","floor":3.0},{"not_picked":["DTMod:ForkedFire","DTMod:MasterPlan"],"picked":"DTMod:Hide","floor":4.0},{"not_picked":["DTMod:BlazingStrike","DTMod:Adaptation"],"picked":"DTMod:Haste","floor":6.0},{"not_picked":["DTMod:InvisibleFlame","DTMod:MagicField"],"picked":"DTMod:ComboAttack","floor":7.0},{"not_picked":["DTMod:BuildUp","DTMod:BreakAttack"],"picked":"DTMod:WarmUp","floor":10.0},{"not_picked":["DTMod:BuildUp","DTMod:WarmUp","DTMod:Punisher"],"picked":"SKIP","floor":11.0},{"not_picked":["DTMod:BizarreTactic","DTMod:MasterPlan"],"picked":"DTMod:RepeatStrike","floor":13},{"not_picked":["DTMod:DarkBreath","DTMod:CalculatedDefense"],"picked":"DTMod:Feint","floor":14},{"not_picked":["DTMod:ShadowImage","DTMod:GearUp"],"picked":"DTMod:SealedStrike","floor":16},{"not_picked":["DTMod:GhostSkin+1","DTMod:MagicField","DTMod:MasterPlan"],"picked":"SKIP","floor":18},{"not_picked":["DTMod:TauntingStrike","DTMod:BlueScale"],"picked":"DTMod:Training+1","floor":20},{"not_picked":["DTMod:Feint","DTMod:ShieldDrain","DTMod:Coolant"],"picked":"SKIP","floor":23},{"not_picked":["DTMod:Haste","DTMod:MagicField"],"picked":"DTMod:MaximumCharge","floor":27},{"not_picked":["DTMod:MasterPlan","DTMod:CrossStep"],"picked":"DTMod:Threaten+1","floor":31},{"not_picked":["DTMod:Prediction","DTMod:Inferno"],"picked":"DTMod:RepeatStrike","floor":33},{"not_picked":["DTMod:BurningForce","DTMod:Cover","DTMod:BalancedStrike"],"picked":"SKIP","floor":35},{"not_picked":["DTMod:FlameSlash","DTMod:MasterPlan"],"picked":"DTMod:MagiciansMark+1","floor":37},{"not_picked":["Sadistic Nature","Panacea"],"picked":"Finesse","floor":38},{"not_picked":["DTMod:ComboAttack","DTMod:BreakAttack+1"],"picked":"DTMod:Hide+1","floor":41},{"not_picked":["DTMod:Feint","DTMod:BurningForce"],"picked":"DTMod:Cover+1","floor":44},{"not_picked":["DTMod:BurningEnergy+1","DTMod:ComboAttack"],"picked":"DTMod:TagTeam+1","floor":45},{"not_picked":["DTMod:Cover","DTMod:LastStand","DTMod:BuildUp"],"picked":"SKIP","floor":46}],"player_experience":259876,"relics_obtained":[{"floor":6.0,"key":"Bag of Marbles"},{"floor":9.0,"key":"Pantograph"},{"floor":10.0,"key":"FossilizedHelix"},{"floor":13,"key":"WingedGreaves"},{"floor":22,"key":"Enchiridion"},{"floor":23,"key":"Darkstone Periapt"},{"floor":26,"key":"Gremlin Horn"},{"floor":43,"key":"White Beast Statue"},{"floor":45,"key":"Frozen Egg 2"}],"event_choices":[{"damage_healed":0.0,"max_hp_gain":5.0,"max_hp_loss":0.0,"gold_gain":0.0,"event_name":"Big Fish","player_choice":"Donut","floor":2.0,"gold_loss":0.0,"damage_taken":0.0},{"damage_healed":0.0,"max_hp_gain":0.0,"max_hp_loss":0.0,"gold_gain":100.0,"event_name":"Golden Shrine","player_choice":"Pray","floor":5.0,"gold_loss":0.0,"damage_taken":0.0},{"cards_removed":["DTMod:Strike"],"damage_healed":0.0,"max_hp_gain":0.0,"max_hp_loss":0.0,"gold_gain":0.0,"event_name":"The Cleric","player_choice":"Card Removal","floor":12.0,"gold_loss":50.0,"damage_taken":0.0},{"damage_healed":0,"gold_gain":0,"player_choice":"Obtained Book","damage_taken":16,"max_hp_gain":0,"max_hp_loss":0,"event_name":"Cursed Tome","floor":22,"gold_loss":0},{"damage_healed":0,"gold_gain":0,"player_choice":"Stole Relic","damage_taken":0,"relics_obtained":["InkBottle"],"max_hp_gain":0,"max_hp_loss":0,"event_name":"Addict","floor":30,"gold_loss":0,"cards_obtained":["Shame"]},{"damage_healed":0,"gold_gain":0,"player_choice":"Embrace Madness","damage_taken":7,"max_hp_gain":0,"max_hp_loss":0,"event_name":"Winding Halls","floor":36,"gold_loss":0,"cards_obtained":["Madness","Madness"]},{"damage_healed":0,"gold_gain":0,"player_choice":"Memory 3","damage_taken":10,"max_hp_gain":0,"max_hp_loss":0,"event_name":"SensoryStone","floor":38,"gold_loss":0},{"cards_removed":["DTMod:Strike"],"damage_healed":0,"gold_gain":0,"player_choice":"Upgrade and Remove","damage_taken":0,"max_hp_gain":0,"max_hp_loss":0,"event_name":"Designer","floor":39,"gold_loss":90,"cards_upgraded":["Finesse"]},{"damage_healed":0,"gold_gain":0,"player_choice":"Ignored","damage_taken":0,"max_hp_gain":0,"max_hp_loss":0,"event_name":"Mysterious Sphere","floor":47,"gold_loss":0},{"cards_removed":["DTMod:Punisher"],"damage_healed":0,"gold_gain":0,"player_choice":"Removed Attack","damage_taken":0,"max_hp_gain":0,"max_hp_loss":0,"event_name":"Falling","floor":48,"gold_loss":0}],"is_beta":false,"boss_relics":[{"not_picked":["Runic Pyramid","Busted Crown"],"picked":"DTMod:MagicStone"},{"not_picked":["Snecko Eye","Astrolabe"],"picked":"Sozu"}],"items_purged_floors":[19,21],"is_endless":false,"potions_floor_spawned":[3,4,14,16,18,31,44,45,46],"ascension_level":0}}