{"host":"t7mx8yfj1no5p62f","time":1611428152,"event":{"mods":["BaseMod","Bestiary","Colored Map","Colored Powertips","Minty Spire (QoL Compilation)","Relic Stats","StSLib","ojb\u0027s Info Mod"],"gold_per_floor":[113,113,136,26,37,37,53,53,78,78,78,78],"floor_reached":11,"language":"ENG","playtime":262,"items_purged":[],"score":122,"play_id":"6952b993-0768-46cf-afb6-ee798e6b76c9","local_time":"20210123135552","is_ascension_mode":true,"campfire_choices":[{"data":"True Grit","floor":6.0,"key":"SMITH"},{"data":"Bash","floor":8.0,"key":"SMITH"},{"data":"Burning Pact","floor":10.0,"key":"SMITH"}],"circlet_count":0,"master_deck":["AscendersBane","Strike_R","Strike_R","Strike_R","Strike_R+1","Strike_R","Defend_R","Defend_R","Defend_R","Defend_R","Bash+1","Double Tap+1","Burning Pact+1","Dropkick","True Grit+1","Sentinel","Dropkick"],"relics":["Burning Blood","Red Skull","Toy Ornithopter"],"acts_visited":["Exordium"],"potions_floor_usage":[11],"damage_taken":[{"damage":11.0,"enemies":"Jaw Worm","floor":1.0,"turns":6.0},{"damage":12.0,"enemies":"2 Louse","floor":5.0,"turns":3.0},{"damage":0.0,"enemies":"Cultist","floor":7.0,"turns":3.0},{"damage":36,"enemies":"3 Sentries","floor":11,"turns":8}],"seed_played":"-6116351921161591434","potions_obtained":[{"floor":1.0,"key":"SpeedPotion"}],"is_trial":false,"path_per_floor":["M","?","T","$","M","R","M","R","T","R","E"],"character_chosen":"IRONCLAD","items_purchased":["Dropkick","True Grit"],"campfire_rested":0,"item_purchase_floors":[4,4],"current_hp_per_floor":[45,22,22,22,16,16,22,22,22,22,0,0],"gold":78,"neow_bonus":"THREE_RARE_CARDS","is_daily":false,"chose_seed":false,"campfire_upgraded":3,"win_rate":0.0,"timestamp":1611428152,"path_taken":["M","?","?","$","M","R","M","R","T","R","E"],"items_purchased_type":["Card","Card"],"build_version":"2020-12-22","purchased_purges":0,"victory":false,"max_hp_per_floor":[75,75,75,75,75,75,75,75,75,75,75,75],"relic_stats":{"counters":[4,20],"obtain_stats":[{"Burning Blood":0,"Red Skull":3,"Toy Ornithopter":9},{"Burning Blood":0,"Red Skull":1,"Toy Ornithopter":3},{"Burning Blood":0,"Red Skull":6,"Toy Ornithopter":12}],"Burning Blood":18,"Toy Ornithopter":5},"card_choices":[{"not_picked":["Barricade","Exhume"],"picked":"Double Tap","floor":0.0},{"not_picked":["Blood for Blood","Wild Strike"],"picked":"Burning Pact","floor":1.0},{"not_picked":["Anger","Thunderclap"],"picked":"Sentinel","floor":5.0},{"not_picked":["Flame Barrier","Anger"],"picked":"Dropkick","floor":7.0}],"player_experience":1835561,"relics_obtained":[{"floor":3.0,"key":"Red Skull"},{"floor":9.0,"key":"Toy Ornithopter"}],"event_choices":[{"damage_healed":0.0,"max_hp_gain":0.0,"max_hp_loss":0.0,"gold_gain":0.0,"event_name":"Shining Light","player_choice":"Entered Light","floor":2.0,"gold_loss":0.0,"damage_taken":23.0,"cards_upgraded":["Double Tap","Strike_R"]}],"is_beta":false,"boss_relics":[],"items_purged_floors":[],"is_endless":false,"potions_floor_spawned":[1],"killed_by":"3 Sentries","ascension_level":20}}