{"host":"52jmisti11ysmja4","time":1611429565,"event":{"mods":["Aspiration","BaseMod","Better Third Choice","Minty Spire (QoL Compilation)","Remove Card Discount Mod","StSLib","The Bug Knight"],"gold_per_floor":[113,132,82,101,118,118,135,135,135],"floor_reached":8,"language":"ENG","playtime":592,"items_purged":["HollowMod:FocusHealStart","HollowMod:NailStrikeStart","HollowMod:NailStrikeStart","HollowMod:NailStrikeStart","HollowMod:NailStrikeStart","HollowMod:QuickDashStart","HollowMod:QuickDashStart","HollowMod:QuickDashStart"],"score":60,"play_id":"d008164d-9840-43cf-ad60-2638a846cdc7","local_time":"20210123111925","is_ascension_mode":true,"campfire_choices":[{"data":"HollowMod:InfectedCysts","floor":6,"key":"SMITH"}],"circlet_count":0,"master_deck":["HollowMod:QuickDashStart","HollowMod:PogoStrike","HollowMod:InfectedAttack","HollowMod:InfectionAssault","HollowMod:SoulEater","HollowMod:TaintedHusks","HollowMod:InfectedCysts+1","HollowMod:InfectedAttack"],"relics":["HollowMod:VesselMask","NeowsBlessing"],"acts_visited":["Exordium"],"potions_floor_usage":[7,7],"damage_taken":[{"damage":0,"enemies":"Cultist","floor":1,"turns":1},{"damage":0,"enemies":"2 Louse","floor":2,"turns":1},{"damage":0,"enemies":"Small Slimes","floor":4,"turns":1},{"damage":21,"enemies":"Gremlin Gang","floor":5,"turns":3},{"damage":18,"enemies":"Large Slime","floor":7,"turns":3},{"damage":51,"enemies":"Lagavulin","floor":8,"turns":3}],"seed_played":"-8420127932501433955","potions_obtained":[{"floor":1,"key":"AttackPotion"},{"floor":2,"key":"Ancient Potion"},{"floor":5,"key":"FearPotion"}],"is_trial":false,"path_per_floor":["M","M","$","M","M","R","M","E"],"character_chosen":"THE_BUGKNIGHT","items_purchased":["HollowMod:SoulEater"],"campfire_rested":0,"item_purchase_floors":[3],"current_hp_per_floor":[75,75,75,75,54,54,36,0,0],"gold":135,"neow_bonus":"THREE_ENEMY_KILL","is_daily":false,"chose_seed":false,"campfire_upgraded":1,"win_rate":0.0,"timestamp":1611429565,"path_taken":["M","M","$","M","M","R","?","E"],"items_purchased_type":["Card"],"build_version":"2020-12-22","purchased_purges":8,"victory":false,"max_hp_per_floor":[75,75,75,75,75,75,75,75,75],"card_choices":[{"not_picked":["HollowMod:MothsMistake","HollowMod:CornifersMapStart"],"picked":"HollowMod:InfectedAttack","floor":1},{"not_picked":["HollowMod:WraithStrike","HollowMod:SoulSplash"],"picked":"HollowMod:InfectionAssault","floor":2},{"not_picked":["HollowMod:BaldurShell","HollowMod:CycloneSlash"],"picked":"HollowMod:TaintedHusks","floor":4},{"not_picked":["HollowMod:HeavyBlow","HollowMod:TaintedHusks"],"picked":"HollowMod:InfectedCysts","floor":5},{"not_picked":["HollowMod:HeavyBlow","HollowMod:CloakDash"],"picked":"HollowMod:InfectedAttack","floor":7}],"player_experience":551070,"relics_obtained":[],"event_choices":[],"is_beta":false,"boss_relics":[],"items_purged_floors":[3,3,3,3,3,3,3,3],"is_endless":false,"potions_floor_spawned":[1,2,5],"killed_by":"Lagavulin","ascension_level":4}}