{"host":"eemx8njkng76fu5x","time":1611428613,"event":{"mods":["2.2 Compatiblity","BaseMod","Colored Map","Downfall","Minty Spire (QoL Compilation)","Permanent Neow","StSLib","Unceasing Turn Reminder","Unknown Chances"],"gold_per_floor":[99,109,119,119,182,197,197,230,242,253,53,73,73,73,92,92,92,92],"floor_reached":16,"language":"ENG","playtime":600,"items_purged":[],"score":140,"play_id":"f12c34c7-713c-4094-a8ac-8d175b7124ad","local_time":"20210124030333","is_ascension_mode":true,"campfire_choices":[{"data":"Trip","floor":1.0,"key":"SMITH"},{"floor":11,"key":"REST"},{"data":"bronze:Philosophize","floor":13,"key":"SMITH"}],"circlet_count":0,"master_deck":["bronze:Strike","bronze:Strike","bronze:Strike","bronze:Strike","bronze:Defend+1","bronze:Defend+1","bronze:Defend","bronze:Defend","bronze:Replicate","bronze:Goto","Trip+1","bronze:CutThrough","bronze:GetLatest+1","bronze:BitShift","bronze:CutThrough","bronze:Philosophize+1","bronze:BitShift","bronze:DelayedGuard","bronze:InfiniteBeams","downfall:Malfunctioning"],"relics":["bronze:BronzeCore","Shuriken","bronze:SilverBullet","Dream Catcher","downfall:HeartBlessingGreen","downfall:HeartBlessingBlue"],"acts_visited":["Exordium"],"potions_floor_usage":[16,16],"damage_taken":[{"damage":4.0,"enemies":"2 Louse","floor":2.0,"turns":3.0},{"damage":5.0,"enemies":"Small Slimes","floor":3.0,"turns":3.0},{"damage":28.0,"enemies":"Lagavulin Event","floor":5.0,"turns":5.0},{"damage":0.0,"enemies":"Cultist","floor":6.0,"turns":1.0},{"damage":17,"enemies":"3 Sentries","floor":8,"turns":5},{"damage":2,"enemies":"2 Fungi Beasts","floor":9,"turns":3},{"damage":0,"enemies":"Exordium Wildlife","floor":10,"turns":3},{"damage":0,"enemies":"Blue Slaver","floor":12,"turns":3},{"damage":0,"enemies":"3 Louse","floor":15,"turns":2},{"damage":22,"enemies":"SI_SHIV_ARCHETYPE","floor":16,"turns":4}],"seed_played":"-5787801529331280527","potions_obtained":[{"floor":8,"key":"EssenceOfSteel"},{"floor":9,"key":"Energy Potion"},{"floor":10,"key":"Weak Potion"},{"floor":15,"key":"Fire Potion"}],"is_trial":false,"path_per_floor":["R","M","M","?","?","M","T","E","M","M","R","M","R","?","M","B"],"character_chosen":"THE_AUTOMATON","items_purchased":[],"campfire_rested":1,"item_purchase_floors":[],"current_hp_per_floor":[63,59,54,51,23,23,23,6,4,4,38,38,38,38,38,16,16,16],"gold":92,"neow_bonus":"RANDOM_COLORLESS","is_daily":false,"chose_seed":false,"campfire_upgraded":2,"win_rate":0.0,"timestamp":1611428613,"path_taken":["R","M","M","?","?","M","T","E","M","M","R","M","R","?","M","BOSS"],"items_purchased_type":[],"build_version":"2020-12-22","purchased_purges":0,"victory":false,"max_hp_per_floor":[70,70,70,70,70,70,70,70,70,70,80,80,80,80,80,80,80,80],"card_choices":[{"not_picked":["Blind","Impatience"],"picked":"Trip","floor":0.0},{"not_picked":["bronze:Deprecate","bronze:Optimize"],"picked":"bronze:CutThrough","floor":2.0},{"not_picked":["bronze:Fortify","bronze:BugBarrage"],"picked":"bronze:GetLatest","floor":3.0},{"not_picked":["bronze:WhirlingStrike","bronze:OilSpill"],"picked":"bronze:BitShift","floor":5.0},{"not_picked":["bronze:BugBarrage","bronze:BuggyMess","bronze:Boost"],"picked":"SKIP","floor":6.0},{"not_picked":["bronze:AlphaBuild","bronze:Turbo"],"picked":"bronze:CutThrough","floor":8},{"not_picked":["bronze:WildBeam","bronze:BitShift"],"picked":"bronze:Philosophize","floor":9},{"not_picked":["bronze:Iterate","bronze:CutThrough"],"picked":"bronze:BitShift","floor":10},{"not_picked":["bronze:CleanCode","bronze:Invalidate"],"picked":"bronze:DelayedGuard","floor":11},{"not_picked":["bronze:CutThrough","bronze:Frontload"],"picked":"bronze:InfiniteBeams","floor":12},{"not_picked":["bronze:Deprecate","bronze:Frontload","bronze:BugBarrage"],"picked":"SKIP","floor":15}],"player_experience":521418,"relics_obtained":[{"floor":5.0,"key":"bronze:SilverBullet"},{"floor":8,"key":"Dream Catcher"}],"event_choices":[{"damage_healed":0.0,"max_hp_gain":0.0,"max_hp_loss":0.0,"gold_gain":0.0,"event_name":"Scrap Ooze","player_choice":"Success","floor":4.0,"gold_loss":0.0,"damage_taken":3.0,"relics_obtained":["Shuriken"]}],"is_beta":false,"boss_relics":[],"items_purged_floors":[],"is_endless":false,"potions_floor_spawned":[8,9,10,12,15],"killed_by":"SI_SHIV_ARCHETYPE","ascension_level":7}}