{"host":"aqym1xxr3lb31d9m","time":1611442214,"event":{"mods":["BaseMod","Block Reminder","Colored Map","Colored Powertips","DeckTracker","Highlight Path","Minty Spire (QoL Compilation)","Quick Restart","Random Character Button","StSLib","SuperFastMode","UnlockEverythingMod"],"gold_per_floor":[214,214,227,377,30,30,55,55,78,21,46,46,59,91,91,164,164,174,184,184,184,184],"floor_reached":21,"language":"JPN","playtime":574,"items_purged":["Doubt"],"score":390,"play_id":"f6af3001-8953-4ff2-88f8-d5404d56123b","local_time":"20210124075014","is_ascension_mode":true,"campfire_choices":[{"data":"Thunderclap","floor":6,"key":"SMITH"},{"data":"Burning Pact","floor":8,"key":"SMITH"},{"data":"Berserk","floor":12,"key":"SMITH"},{"floor":15,"key":"REST"}],"circlet_count":0,"master_deck":["AscendersBane","Strike_R+1","Strike_R","Strike_R","Strike_R","Defend_R","Defend_R","Defend_R","Defend_R","Bash+1","Thunderclap+1","Thunderclap+1","Burning Pact+1","Berserk+1","True Grit","Immolate","Shrug It Off","Spot Weakness","Thunderclap"],"relics":["Burning Blood","Mercury Hourglass","Mummified Hand","Oddly Smooth Stone","Smiling Mask","Whetstone","Black Star"],"acts_visited":["Exordium","TheCity"],"potions_floor_usage":[7,11,14,14,14,14,16,19],"damage_taken":[{"damage":11,"enemies":"Jaw Worm","floor":1,"turns":4},{"damage":10,"enemies":"Small Slimes","floor":3,"turns":3},{"damage":8,"enemies":"Gremlin Nob","floor":7,"turns":3},{"damage":22,"enemies":"Lagavulin","floor":11,"turns":5},{"damage":8,"enemies":"2 Louse","floor":13,"turns":3},{"damage":36,"enemies":"Gremlin Nob","floor":14,"turns":4},{"damage":22,"enemies":"The Guardian","floor":16,"turns":16},{"damage":19,"enemies":"Chosen","floor":18,"turns":5},{"damage":20,"enemies":"2 Thieves","floor":19,"turns":2},{"damage":36,"enemies":"Snake Plant","floor":21,"turns":5}],"seed_played":"674973581591549214","potions_obtained":[{"floor":3,"key":"DistilledChaos"},{"floor":11,"key":"GamblersBrew"},{"floor":13,"key":"EntropicBrew"},{"floor":14,"key":"ColorlessPotion"},{"floor":18,"key":"LiquidMemories"},{"floor":19,"key":"DuplicationPotion"}],"is_trial":false,"path_per_floor":["M","?","M","?","$","R","E","R","T","$","E","R","M","E","R","B",null,"M","M","?","M"],"character_chosen":"IRONCLAD","items_purchased":["Mercury Hourglass","AttackPotion"],"campfire_rested":1,"item_purchase_floors":[5,10],"current_hp_per_floor":[63,63,59,59,59,59,57,57,57,57,41,41,39,9,31,15,60,47,33,33,0,0],"gold":184,"neow_bonus":"HUNDRED_GOLD","is_daily":false,"chose_seed":false,"campfire_upgraded":3,"win_rate":0.0,"timestamp":1611442214,"path_taken":["M","?","M","?","$","R","E","R","T","?","E","R","M","E","R","BOSS","M","M","?","?"],"items_purchased_type":["Relic","Potion"],"build_version":"2020-12-22","purchased_purges":1,"victory":false,"max_hp_per_floor":[75,75,75,75,75,75,75,75,75,75,75,75,75,75,75,75,75,75,75,75,75,75],"card_choices":[{"not_picked":["Iron Wave","Cleave"],"picked":"Thunderclap","floor":1},{"not_picked":["Iron Wave","Perfected Strike"],"picked":"Thunderclap","floor":3},{"not_picked":["Body Slam","Evolve"],"picked":"Burning Pact","floor":7},{"not_picked":["Hemokinesis","Body Slam"],"picked":"Berserk","floor":11},{"not_picked":["Flex","Clash","Bloodletting"],"picked":"SKIP","floor":13},{"not_picked":["Cleave","Impervious"],"picked":"True Grit","floor":14},{"not_picked":["Brutality","Feed"],"picked":"Immolate","floor":16},{"not_picked":["Wild Strike","Burning Pact+1"],"picked":"Shrug It Off","floor":18},{"not_picked":["Whirlwind+1","Pommel Strike"],"picked":"Spot Weakness","floor":19}],"player_experience":3994007,"relics_obtained":[{"floor":7,"key":"Mummified Hand"},{"floor":9,"key":"Oddly Smooth Stone"},{"floor":11,"key":"Smiling Mask"},{"floor":14,"key":"Whetstone"}],"event_choices":[{"damage_healed":0,"gold_gain":0,"player_choice":"Grow","damage_taken":0,"max_hp_gain":0,"max_hp_loss":0,"event_name":"Living Wall","floor":2,"gold_loss":0,"cards_upgraded":["Bash"]},{"damage_healed":0,"gold_gain":150,"player_choice":"AGREE","damage_taken":0,"max_hp_gain":0,"max_hp_loss":0,"event_name":"Liars Game","floor":4,"gold_loss":0,"cards_obtained":["Doubt"]},{"damage_healed":0,"gold_gain":0,"cards_transformed":["Strike_R"],"player_choice":"Transformed","damage_taken":0,"max_hp_gain":0,"max_hp_loss":0,"event_name":"Transmorgrifier","floor":20,"gold_loss":0,"cards_obtained":["Thunderclap"]}],"is_beta":false,"boss_relics":[{"not_picked":["Runic Dome","Ectoplasm"],"picked":"Black Star"}],"items_purged_floors":[5],"is_endless":false,"potions_floor_spawned":[3,11,13,14,18,19],"killed_by":"Snake Plant","ascension_level":20}}