{"host":"agbyy69nq62afhwx","time":1611400825,"event":{"mods":["BaseMod","Colored Map","DeckTracker","Highlight Path","Keyboard Shortcuts","Minty Spire (QoL Compilation)","Quick Restart","StSLib","SuperFastMode","everything is the same but u backflip on backflip"],"gold_per_floor":[109,109,124,136,153,153,166,178,223,298,298,311,338,96,96,198,198,209,225,225,235,235,235,270,285,285,285,323,323,248,248,248,353,353,400,347,396,442,295,295,306,306,306,331,331,375,388,400,400,400],"floor_reached":51,"language":"KOR","playtime":2000,"items_purged":["Strike_P"],"score":1131,"play_id":"4e5c1c8d-398d-4aca-8fe8-f98743e534a9","local_time":"20210123202025","is_ascension_mode":true,"campfire_choices":[{"data":"Eruption","floor":6.0,"key":"SMITH"},{"floor":11.0,"key":"REST"},{"data":"TalkToTheHand","floor":15.0,"key":"SMITH"},{"floor":23.0,"key":"REST"},{"floor":27.0,"key":"REST"},{"floor":29.0,"key":"REST"},{"floor":32.0,"key":"RECALL"},{"floor":40.0,"key":"REST"},{"floor":42.0,"key":"REST"},{"floor":49,"key":"REST"}],"circlet_count":0,"master_deck":["AscendersBane","Strike_P+1","Strike_P+1","Strike_P+1","Defend_P+1","Defend_P+1","Defend_P+1","Defend_P+1","Eruption+1","Vigilance+1","Evaluate","LessonLearned","BattleHymn","Halt+1","TalkToTheHand+1","Wallop+1","Wish+1","FearNoEvil","FollowUp","ForeignInfluence+1","Study+1","Vault+1","FlurryOfBlows+1","MentalFortress+1","ConjureBlade","Adaptation+1","WaveOfTheHand+1"],"relics":["PureWater","CloakClasp","Strawberry","Toy Ornithopter","Frozen Egg 2","Fusion Hammer","MutagenicStrength","Red Mask","Bottled Tornado","Runic Dome","Orrery","Question Card","Letter Opener","Pantograph"],"acts_visited":["Exordium","TheCity","TheBeyond"],"potions_floor_usage":[47,50,50],"damage_taken":[{"damage":0.0,"enemies":"2 Louse","floor":1.0,"turns":1.0},{"damage":0.0,"enemies":"Jaw Worm","floor":3.0,"turns":3.0},{"damage":0.0,"enemies":"Small Slimes","floor":4.0,"turns":4.0},{"damage":20.0,"enemies":"Gremlin Gang","floor":5.0,"turns":7.0},{"damage":0.0,"enemies":"Exordium Thugs","floor":7.0,"turns":4.0},{"damage":11.0,"enemies":"Lots of Slimes","floor":8.0,"turns":5.0},{"damage":0.0,"enemies":"Blue Slaver","floor":12.0,"turns":6.0},{"damage":10.0,"enemies":"Lagavulin","floor":13.0,"turns":7.0},{"damage":12.0,"enemies":"Hexaghost","floor":16.0,"turns":7.0},{"damage":0.0,"enemies":"Spheric Guardian","floor":18.0,"turns":4.0},{"damage":16.0,"enemies":"3 Byrds","floor":19.0,"turns":6.0},{"damage":11.0,"enemies":"3 Cultists","floor":21.0,"turns":7.0},{"damage":7.0,"enemies":"Masked Bandits","floor":24.0,"turns":4.0},{"damage":14.0,"enemies":"Snake Plant","floor":25.0,"turns":5.0},{"damage":0.0,"enemies":"Snecko","floor":28.0,"turns":4.0},{"damage":71.0,"enemies":"Champ","floor":33.0,"turns":13.0},{"damage":18.0,"enemies":"3 Shapes","floor":35.0,"turns":6.0},{"damage":8.0,"enemies":"3 Darklings","floor":37.0,"turns":6.0},{"damage":23.0,"enemies":"Maw","floor":38.0,"turns":8.0},{"damage":13.0,"enemies":"Transient","floor":41.0,"turns":5.0},{"damage":33.0,"enemies":"Nemesis","floor":44.0,"turns":9.0},{"damage":12.0,"enemies":"4 Shapes","floor":46.0,"turns":6.0},{"damage":10,"enemies":"3 Darklings","floor":47,"turns":4},{"damage":1,"enemies":"Spire Growth","floor":48,"turns":5},{"damage":53,"enemies":"Donu and Deca","floor":50,"turns":8}],"seed_played":"-4850859829054711979","potions_obtained":[{"floor":5.0,"key":"Ambrosia"},{"floor":7.0,"key":"Weak Potion"},{"floor":12.0,"key":"CultistPotion"},{"floor":16.0,"key":"PowerPotion"},{"floor":21.0,"key":"EntropicBrew"},{"floor":28.0,"key":"BottledMiracle"},{"floor":37.0,"key":"FearPotion"},{"floor":44.0,"key":"Fire Potion"},{"floor":46.0,"key":"LiquidMemories"},{"floor":47,"key":"Ambrosia"}],"is_trial":false,"path_per_floor":["M","?","M","M","M","R","M","M","T","?","R","M","E","$","R","B",null,"M","M","?","M","?","R","?","M","T","R","M","R","$","?","R","B",null,"M","$","M","M","$","R","M","R","T","E","T","M","M","M","R","B",null],"character_chosen":"WATCHER","items_purchased":["Frozen Egg 2","FlurryOfBlows","Orrery"],"campfire_rested":7,"item_purchase_floors":[14,36,39],"current_hp_per_floor":[47,47,47,47,27,27,27,16,23,12,35,35,25,25,25,13,63,63,47,32,26,26,51,44,30,30,55,55,80,80,84,84,18,68,50,50,42,19,19,44,31,56,56,38,38,26,21,20,45,27],"gold":400,"neow_bonus":"ONE_RARE_RELIC","is_daily":false,"chose_seed":false,"campfire_upgraded":2,"win_rate":0.0,"timestamp":1611400825,"path_taken":["M","?","M","M","M","R","M","M","T","?","R","M","E","?","R","BOSS","M","M","?","M","?","R","?","M","T","R","M","R","?","?","R","BOSS","M","$","?","M","$","R","M","R","T","E","?","?","M","M","R","BOSS"],"items_purchased_type":["Relic","Card","Relic"],"build_version":"2020-12-22","purchased_purges":1,"victory":true,"max_hp_per_floor":[72,72,72,72,72,72,72,72,79,79,79,79,79,79,79,79,79,79,79,84,84,84,84,84,84,84,84,84,84,84,84,84,84,84,84,84,84,84,84,84,84,84,84,84,84,84,84,84,84,84],"card_choices":[{"not_picked":["ClearTheMind","CrushJoints"],"picked":"Evaluate","floor":1.0},{"not_picked":["SashWhip","EmptyBody"],"picked":"LessonLearned","floor":3.0},{"not_picked":["EmptyBody","Prostrate"],"picked":"BattleHymn","floor":4.0},{"not_picked":["PathToVictory","EmptyBody"],"picked":"Halt","floor":5.0},{"not_picked":["SignatureMove","BattleHymn"],"picked":"TalkToTheHand","floor":7.0},{"not_picked":["Pray","LikeWater"],"picked":"Wallop","floor":8.0},{"not_picked":["ThirdEye","Vengeance","Protect"],"picked":"SKIP","floor":12.0},{"not_picked":["PathToVictory","Nirvana","Conclude"],"picked":"SKIP","floor":13.0},{"not_picked":["Scrawl","Devotion+1"],"picked":"Wish","floor":16.0},{"not_picked":["Collect","FlyingSleeves","CarveReality+1"],"picked":"SKIP","floor":18.0},{"not_picked":["BattleHymn+1","Fasting2+1"],"picked":"FearNoEvil","floor":19.0},{"not_picked":["Wallop","Consecrate"],"picked":"FollowUp","floor":21.0},{"not_picked":["SandsOfTime","Crescendo"],"picked":"EmptyFist","floor":24.0},{"not_picked":["SandsOfTime+1","ClearTheMind"],"picked":"ForeignInfluence","floor":25.0},{"not_picked":["CrushJoints","CutThroughFate"],"picked":"Study+1","floor":28.0},{"not_picked":["ConjureBlade","Scrawl"],"picked":"Vault","floor":33.0},{"not_picked":["Weave+1","ReachHeaven","FollowUp+1"],"picked":"SKIP","floor":35.0},{"not_picked":["CrushJoints+1","FearNoEvil+1","CutThroughFate+1"],"picked":"SKIP","floor":37.0},{"not_picked":["EmptyMind","Adaptation+1"],"picked":"MentalFortress+1","floor":38.0},{"not_picked":["EmptyFist+1","SashWhip+1"],"picked":"ConjureBlade","floor":39.0},{"not_picked":["LikeWater+1","FollowUp+1","CrushJoints+1"],"picked":"SKIP","floor":41.0},{"not_picked":["Protect+1","Vengeance","FollowUp"],"picked":"Adaptation+1","floor":44.0},{"not_picked":["Study+1","CutThroughFate","JustLucky"],"picked":"WaveOfTheHand+1","floor":46.0},{"not_picked":["BattleHymn+1","Protect+1","EmptyFist+1","ClearTheMind+1"],"picked":"SKIP","floor":47},{"not_picked":["FlurryOfBlows+1","ClearTheMind","SignatureMove+1","Protect"],"picked":"SKIP","floor":48}],"player_experience":445532,"relics_obtained":[{"floor":9.0,"key":"Strawberry"},{"floor":13.0,"key":"Toy Ornithopter"},{"floor":24.0,"key":"Red Mask"},{"floor":26.0,"key":"Bottled Tornado"},{"floor":43.0,"key":"Question Card"},{"floor":44.0,"key":"Letter Opener"},{"floor":45.0,"key":"Pantograph"}],"event_choices":[{"damage_healed":0.0,"max_hp_gain":0.0,"max_hp_loss":0.0,"gold_gain":0.0,"event_name":"Liars Game","player_choice":"Ignored","floor":2.0,"gold_loss":0.0,"damage_taken":0.0},{"damage_healed":0.0,"max_hp_gain":0.0,"max_hp_loss":0.0,"gold_gain":75.0,"event_name":"World of Goop","player_choice":"Gather Gold","floor":10.0,"gold_loss":0.0,"damage_taken":11.0},{"damage_healed":0.0,"max_hp_gain":5.0,"max_hp_loss":0.0,"gold_gain":0.0,"event_name":"Forgotten Altar","player_choice":"Shed Blood","floor":20.0,"gold_loss":0.0,"damage_taken":20.0},{"damage_healed":0.0,"max_hp_gain":0.0,"max_hp_loss":0.0,"gold_gain":0.0,"event_name":"Drug Dealer","player_choice":"Inject Mutagens","floor":22.0,"gold_loss":0.0,"damage_taken":0.0,"relics_obtained":["MutagenicStrength"]},{"damage_healed":0.0,"max_hp_gain":0.0,"max_hp_loss":0.0,"gold_gain":0.0,"event_name":"Masked Bandits","player_choice":"Fought Bandits","floor":24.0,"gold_loss":0.0,"damage_taken":0.0},{"cards_removed":["EmptyFist"],"damage_healed":5.0,"max_hp_gain":0.0,"max_hp_loss":0.0,"gold_gain":0.0,"event_name":"Bonfire Elementals","player_choice":"Offered Common","floor":31.0,"gold_loss":0.0,"damage_taken":0.0},{"cards_removed":["EmptyFist"],"damage_healed":5.0,"max_hp_gain":0.0,"max_hp_loss":0.0,"gold_gain":0.0,"event_name":"Bonfire Elementals","player_choice":"Offered Special","floor":31.0,"gold_loss":0.0,"damage_taken":0.0}],"is_beta":false,"boss_relics":[{"not_picked":["Tiny House","Busted Crown"],"picked":"Fusion Hammer"},{"not_picked":["Empty Cage","Black Star"],"picked":"Runic Dome"}],"items_purged_floors":[30],"is_endless":false,"potions_floor_spawned":[5,7,12,16,18,21,25,28,37,41,44,46,47],"ascension_level":11}}