{"host":"g2yp6paluzgljz05","time":1611391864,"event":{"mods":["BaseMod","Bestiary","Colored Powertips","DeckTracker","Highlight Path","Minty Spire (QoL Compilation)","Quick Restart"],"gold_per_floor":[110,110,123,134,151,151,3,34,34,34,48,48,64,99,99,201,201,215,215,229,10,110,110,10,10,10],"floor_reached":25,"language":"ENG","playtime":1537,"items_purged":["Strike_R","Strike_R"],"score":277,"play_id":"fccb831e-5d26-4351-954d-75d97639d2ec","local_time":"20210123195104","is_ascension_mode":true,"campfire_choices":[{"data":"True Grit","floor":6,"key":"SMITH"},{"data":"Demon Form","floor":10,"key":"SMITH"},{"floor":15,"key":"REST"}],"circlet_count":0,"master_deck":["Strike_R","Strike_R","Strike_R","Defend_R","Defend_R","Defend_R","Defend_R","Bash","Trip+1","Cleave","Rampage","True Grit+1","Demon Form+1","Metallicize","Shrug It Off","Impervious","Heavy Blade","Shrug It Off"],"relics":["Burning Blood","Lantern","Toy Ornithopter","Question Card","CaptainsWheel","Busted Crown","Nilry\u0027s Codex","Toolbox"],"acts_visited":["Exordium","TheCity"],"potions_floor_usage":[8,16,23],"damage_taken":[{"damage":12,"enemies":"Jaw Worm","floor":1,"turns":2},{"damage":6,"enemies":"Cultist","floor":3,"turns":3},{"damage":0,"enemies":"Small Slimes","floor":4,"turns":2},{"damage":19,"enemies":"Gremlin Gang","floor":5,"turns":4},{"damage":12,"enemies":"3 Sentries","floor":8,"turns":5},{"damage":22,"enemies":"Exordium Wildlife","floor":11,"turns":4},{"damage":10,"enemies":"Large Slime","floor":13,"turns":4},{"damage":17,"enemies":"Lagavulin","floor":14,"turns":4},{"damage":21,"enemies":"The Guardian","floor":16,"turns":11},{"damage":30,"enemies":"Shell Parasite","floor":18,"turns":6},{"damage":13,"enemies":"3 Byrds","floor":20,"turns":7},{"damage":0,"enemies":"Gremlin Leader","floor":23,"turns":6},{"damage":46,"enemies":"Slavers","floor":25,"turns":3}],"seed_played":"1649540496493915516","potions_obtained":[{"floor":1,"key":"Explosive Potion"},{"floor":3,"key":"HeartOfIron"},{"floor":5,"key":"PowerPotion"},{"floor":14,"key":"SmokeBomb"},{"floor":16,"key":"FearPotion"},{"floor":18,"key":"DuplicationPotion"}],"is_trial":false,"path_per_floor":["M","?","M","M","M","R","$","E","T","R","M","?","M","E","R","B",null,"M","?","M","$","?","E","$","E"],"character_chosen":"IRONCLAD","items_purchased":["Lantern","Toolbox"],"campfire_rested":1,"item_purchase_floors":[7,21],"current_hp_per_floor":[74,74,74,80,67,67,67,61,61,61,45,45,41,30,54,44,80,56,40,33,33,33,44,44,0,0],"gold":10,"neow_bonus":"RANDOM_COLORLESS","is_daily":false,"chose_seed":false,"campfire_upgraded":2,"win_rate":0.0,"timestamp":1611391864,"path_taken":["M","?","M","?","M","R","$","E","T","R","M","?","?","E","R","BOSS","M","?","M","$","?","E","$","E"],"items_purchased_type":["Relic","Relic"],"build_version":"2020-12-22","purchased_purges":2,"victory":false,"max_hp_per_floor":[80,80,80,80,80,80,80,80,80,80,80,80,80,80,80,80,80,80,80,80,80,80,80,80,80,80],"card_choices":[{"not_picked":["Forethought","Mind Blast"],"picked":"Trip","floor":0},{"not_picked":["Sentinel","Second Wind","Carnage"],"picked":"SKIP","floor":1},{"not_picked":["Thunderclap","Entrench"],"picked":"Cleave","floor":3},{"not_picked":["Searing Blow","Anger"],"picked":"Rampage","floor":4},{"not_picked":["Heavy Blade","Wild Strike"],"picked":"True Grit","floor":5},{"not_picked":["Body Slam","Pommel Strike"],"picked":"Demon Form","floor":8},{"not_picked":["Thunderclap","Bloodletting","Burning Pact","Combust"],"picked":"SKIP","floor":11},{"not_picked":["Thunderclap","Second Wind","Feel No Pain"],"picked":"Metallicize","floor":13},{"not_picked":["Barricade","Dark Embrace","Pummel"],"picked":"Shrug It Off","floor":14},{"not_picked":["Brutality","Fiend Fire","Corruption"],"picked":"Impervious","floor":16},{"not_picked":["Havoc"],"picked":"Heavy Blade","floor":18},{"not_picked":["Clothesline+1"],"picked":"Shrug It Off","floor":20}],"player_experience":238980,"relics_obtained":[{"floor":8,"key":"Toy Ornithopter"},{"floor":9,"key":"Question Card"},{"floor":14,"key":"CaptainsWheel"},{"floor":19,"key":"Nilry\u0027s Codex"}],"event_choices":[{"damage_healed":0,"gold_gain":0,"player_choice":"Bought 0 Potions","damage_taken":0,"max_hp_gain":0,"max_hp_loss":0,"event_name":"The Woman in Blue","floor":2,"gold_loss":0},{"damage_healed":0,"gold_gain":0,"player_choice":"Forge","damage_taken":0,"max_hp_gain":0,"max_hp_loss":0,"event_name":"Accursed Blacksmith","floor":12,"gold_loss":0,"cards_upgraded":["Trip"]},{"damage_healed":0,"gold_gain":0,"player_choice":"Obtained Book","damage_taken":16,"max_hp_gain":0,"max_hp_loss":0,"event_name":"Cursed Tome","floor":19,"gold_loss":0},{"damage_healed":0,"gold_gain":100,"player_choice":"Pray","damage_taken":0,"max_hp_gain":0,"max_hp_loss":0,"event_name":"Golden Shrine","floor":22,"gold_loss":0}],"is_beta":false,"boss_relics":[{"not_picked":["Mark of Pain","Empty Cage"],"picked":"Busted Crown"}],"items_purged_floors":[21,24],"is_endless":false,"potions_floor_spawned":[1,3,5,14,16,18],"killed_by":"Slavers","ascension_level":4}}