{"host":"gobyjzz6xbwq9f9i","time":1611380665,"event":{"mods":["AchievementEnabler","BaseMod","Bestiary","Colored Map","Minty Spire (QoL Compilation)"],"gold_per_floor":[119,133,151,6,60,60,60,79,79,79,409,427,457,487,487,585,585,598,615,239,249,249,249,249,284,311,323,350,389,433,445,457,569,581,611,634,646,670,323,354,354,365,365,365,365,365,5,15,15,15],"floor_reached":51,"language":"ENG","playtime":2225,"items_purged":["Strike_G","Strike_G+1"],"score":1210,"play_id":"e8432af9-2d61-4454-9105-7d29ba96b5a9","local_time":"20210122214425","is_ascension_mode":true,"campfire_choices":[{"data":"Skewer","floor":6.0,"key":"SMITH"},{"data":"Blade Dance","floor":10.0,"key":"SMITH"},{"data":"Cloak And Dagger","floor":15.0,"key":"SMITH"},{"data":"1","floor":23.0,"key":"LIFT"},{"floor":32.0,"key":"REST"},{"data":"Wraith Form v2","floor":41,"key":"SMITH"},{"data":"Footwork","floor":44,"key":"SMITH"},{"data":"Footwork","floor":46,"key":"SMITH"},{"floor":49,"key":"REST"}],"circlet_count":0,"master_deck":["AscendersBane","Strike_G+1","Strike_G+1","Strike_G+1","Defend_G+1","Defend_G+1","Defend_G+1","Defend_G+1","Defend_G+1","Survivor","Neutralize","All Out Attack","Skewer+1","Blade Dance+1","Footwork+1","Backflip","Cloak And Dagger+1","Envenom","Crippling Poison","Infinite Blades","Riddle With Holes","Noxious Fumes","A Thousand Cuts","Predator+1","Bullet Time","CurseOfTheBell","Footwork+1","Noxious Fumes","Wraith Form v2+1","Backflip","Footwork+1","Blade Dance+1","Footwork","Backflip","PiercingWail+1"],"relics":["Ring of the Snake","Membership Card","StrikeDummy","Shuriken","Old Coin","Akabeko","Snecko Eye","Girya","Du-Vu Doll","Torii","MawBank","Happy Flower","Red Mask","Calling Bell","Oddly Smooth Stone","Singing Bowl","Pocketwatch","Ornamental Fan","Frozen Eye","Gambling Chip","Letter Opener","Incense Burner","Bottled Tornado"],"acts_visited":["Exordium","TheCity","TheBeyond"],"potions_floor_usage":[33,40,48,50],"damage_taken":[{"damage":0.0,"enemies":"2 Louse","floor":1.0,"turns":4.0},{"damage":10.0,"enemies":"Small Slimes","floor":2.0,"turns":4.0},{"damage":0.0,"enemies":"Jaw Worm","floor":3.0,"turns":4.0},{"damage":9.0,"enemies":"Blue Slaver","floor":8.0,"turns":3.0},{"damage":7.0,"enemies":"3 Sentries","floor":11.0,"turns":4.0},{"damage":0.0,"enemies":"3 Louse","floor":12.0,"turns":3.0},{"damage":10.0,"enemies":"Gremlin Nob","floor":14.0,"turns":3.0},{"damage":0.0,"enemies":"Slime Boss","floor":16.0,"turns":4.0},{"damage":0.0,"enemies":"Spheric Guardian","floor":18.0,"turns":1.0},{"damage":0.0,"enemies":"3 Byrds","floor":19.0,"turns":3.0},{"damage":4.0,"enemies":"Centurion and Healer","floor":21.0,"turns":5.0},{"damage":6.0,"enemies":"Gremlin Leader","floor":25.0,"turns":5.0},{"damage":7.0,"enemies":"Snake Plant","floor":28.0,"turns":2.0},{"damage":29.0,"enemies":"Book of Stabbing","floor":29.0,"turns":4.0},{"damage":1.0,"enemies":"Masked Bandits","floor":30.0,"turns":2.0},{"damage":36,"enemies":"Collector","floor":33,"turns":6},{"damage":0,"enemies":"3 Shapes","floor":35,"turns":4},{"damage":0,"enemies":"3 Darklings","floor":36,"turns":3},{"damage":17,"enemies":"Jaw Worm Horde","floor":38,"turns":2},{"damage":2,"enemies":"Nemesis","floor":40,"turns":7},{"damage":1,"enemies":"4 Shapes","floor":42,"turns":4},{"damage":0,"enemies":"Maw","floor":48,"turns":4},{"damage":28,"enemies":"Time Eater","floor":50,"turns":9}],"seed_played":"-7429939280404827731","potions_obtained":[{"floor":3.0,"key":"EntropicBrew"},{"floor":14.0,"key":"LiquidMemories"},{"floor":16.0,"key":"Explosive Potion"},{"floor":21.0,"key":"Energy Potion"},{"floor":30.0,"key":"LiquidBronze"},{"floor":38,"key":"Block Potion"},{"floor":42,"key":"AttackPotion"}],"is_trial":false,"path_per_floor":["M","M","M","$","?","R","?","M","T","R","E","M","?","E","R","B",null,"M","M","$","M","?","R","?","E","T","?","M","E","?","?","R","B",null,"M","M","?","M","$","E","R","M","T","R","?","R","$","M","R","B",null],"character_chosen":"THE_SILENT","items_purchased":["Membership Card","Girya","Du-Vu Doll","Infinite Blades","Ornamental Fan","Backflip","Footwork","DuplicationPotion","Frozen Eye","Incense Burner","Bottled Tornado","Footwork","Backflip","Regen Potion"],"campfire_rested":2,"item_purchase_floors":[4,20,20,20,39,39,39,39,39,47,47,47,47,47],"current_hp_per_floor":[70,60,60,60,60,60,53,44,44,44,37,37,37,27,27,27,65,65,65,65,61,47,47,47,41,41,41,34,19,18,18,42,6,63,63,63,63,46,46,44,44,45,45,45,45,45,45,59,84,56],"gold":15,"neow_bonus":"TEN_PERCENT_HP_BONUS","is_daily":false,"chose_seed":false,"campfire_upgraded":6,"win_rate":0.0,"timestamp":1611380665,"path_taken":["M","M","M","$","?","R","?","M","T","R","E","?","?","E","R","BOSS","M","M","$","M","?","R","?","E","T","?","?","E","?","?","R","BOSS","M","M","?","?","?","E","R","M","T","R","?","R","$","M","R","BOSS"],"items_purchased_type":["Relic","Relic","Relic","Card","Relic","Card","Card","Potion","Relic","Relic","Relic","Card","Card","Potion"],"build_version":"2020-12-22","purchased_purges":2,"victory":true,"max_hp_per_floor":[77,77,77,77,77,77,77,77,77,77,77,77,77,77,77,77,77,77,77,77,77,82,82,82,82,82,82,82,82,82,82,82,82,82,82,82,82,82,82,82,82,84,84,84,84,84,84,84,84,84],"card_choices":[{"not_picked":["Blade Dance","Quick Slash"],"picked":"All Out Attack","floor":1.0},{"not_picked":["Underhanded Strike","Eviscerate","Finisher"],"picked":"SKIP","floor":2.0},{"not_picked":["Dagger Throw","Flying Knee"],"picked":"Skewer","floor":3.0},{"not_picked":["Bane","Calculated Gamble"],"picked":"Blade Dance","floor":8.0},{"not_picked":["Grand Finale","Underhanded Strike"],"picked":"Footwork","floor":11.0},{"not_picked":["Outmaneuver","Distraction"],"picked":"Backflip","floor":12.0},{"not_picked":["Underhanded Strike","Eviscerate"],"picked":"Cloak And Dagger","floor":14.0},{"not_picked":["Night Terror","Glass Knife"],"picked":"Envenom","floor":16.0},{"not_picked":["Outmaneuver","Flying Knee","Underhanded Strike"],"picked":"SKIP","floor":18.0},{"not_picked":["Slice","Quick Slash+1"],"picked":"Crippling Poison","floor":19.0},{"not_picked":["Masterful Stab","Poisoned Stab","Noxious Fumes"],"picked":"SKIP","floor":21.0},{"not_picked":["Flying Knee+1","Predator","Dagger Spray"],"picked":"SKIP","floor":25.0},{"not_picked":["Skewer","Slice"],"picked":"Noxious Fumes","floor":28.0},{"not_picked":["Distraction","Flying Knee"],"picked":"A Thousand Cuts","floor":29.0},{"not_picked":["Terror","Quick Slash"],"picked":"Predator+1","floor":30.0},{"not_picked":["Venomology","Corpse Explosion"],"picked":"Bullet Time","floor":33},{"not_picked":["PiercingWail+1","Underhanded Strike"],"picked":"Footwork","floor":35},{"not_picked":["Dagger Throw","Flying Knee"],"picked":"Noxious Fumes","floor":36},{"not_picked":["Noxious Fumes+1","Quick Slash"],"picked":"Wraith Form v2","floor":38},{"not_picked":["Blur","PiercingWail"],"picked":"Blade Dance+1","floor":40},{"not_picked":["Catalyst","Escape Plan","Slice"],"picked":"Singing Bowl","floor":42},{"not_picked":["Bane+1","Blade Dance"],"picked":"PiercingWail+1","floor":48}],"player_experience":1132663,"relics_obtained":[{"floor":9.0,"key":"Shuriken"},{"floor":11.0,"key":"Old Coin"},{"floor":14.0,"key":"Akabeko"},{"floor":25.0,"key":"Torii"},{"floor":26.0,"key":"MawBank"},{"floor":29.0,"key":"Happy Flower"},{"floor":30.0,"key":"Red Mask"},{"floor":34,"key":"Oddly Smooth Stone"},{"floor":34,"key":"Singing Bowl"},{"floor":34,"key":"Pocketwatch"},{"floor":40,"key":"Gambling Chip"},{"floor":43,"key":"Letter Opener"}],"event_choices":[{"damage_healed":0.0,"max_hp_gain":0.0,"max_hp_loss":0.0,"gold_gain":54.0,"event_name":"Golden Wing","player_choice":"Gained Gold","floor":5.0,"gold_loss":0.0,"damage_taken":0.0},{"damage_healed":0.0,"max_hp_gain":0.0,"max_hp_loss":0.0,"gold_gain":0.0,"event_name":"Scrap Ooze","player_choice":"Success","floor":7.0,"gold_loss":0.0,"damage_taken":7.0,"relics_obtained":["StrikeDummy"]},{"damage_healed":0.0,"max_hp_gain":0.0,"max_hp_loss":0.0,"gold_gain":30.0,"event_name":"Dead Adventurer","player_choice":"Searched \u00271\u0027 times","floor":13.0,"gold_loss":0.0,"damage_taken":0.0},{"damage_healed":0.0,"max_hp_gain":5.0,"max_hp_loss":0.0,"gold_gain":0.0,"event_name":"Forgotten Altar","player_choice":"Shed Blood","floor":22.0,"gold_loss":0.0,"damage_taken":19.0},{"damage_healed":0.0,"max_hp_gain":0.0,"max_hp_loss":0.0,"gold_gain":0.0,"event_name":"The Library","player_choice":"Read","floor":24.0,"gold_loss":0.0,"damage_taken":0.0,"cards_obtained":["Riddle With Holes"]},{"damage_healed":0.0,"max_hp_gain":0.0,"max_hp_loss":0.0,"gold_gain":0.0,"event_name":"Upgrade Shrine","player_choice":"Upgraded","floor":27.0,"gold_loss":0.0,"damage_taken":0.0,"cards_upgraded":["Footwork"]},{"damage_healed":0.0,"max_hp_gain":0.0,"max_hp_loss":0.0,"gold_gain":0.0,"event_name":"Masked Bandits","player_choice":"Fought Bandits","floor":30.0,"gold_loss":0.0,"damage_taken":0.0},{"damage_healed":0.0,"max_hp_gain":0.0,"max_hp_loss":0.0,"gold_gain":0.0,"event_name":"Back to Basics","player_choice":"Simplicity","floor":31.0,"gold_loss":0.0,"damage_taken":0.0,"cards_upgraded":["Strike_G","Strike_G","Strike_G","Strike_G","Defend_G","Defend_G","Defend_G","Defend_G","Defend_G"]},{"damage_healed":0,"gold_gain":0,"player_choice":"Ignored","damage_taken":0,"max_hp_gain":0,"max_hp_loss":0,"event_name":"SecretPortal","floor":37,"gold_loss":0},{"damage_healed":0,"gold_gain":0,"player_choice":"Ignored","damage_taken":0,"max_hp_gain":0,"max_hp_loss":0,"event_name":"Mysterious Sphere","floor":45,"gold_loss":0}],"is_beta":false,"boss_relics":[{"not_picked":["Velvet Choker","Empty Cage"],"picked":"Snecko Eye"},{"not_picked":["Runic Dome","Astrolabe"],"picked":"Calling Bell"}],"items_purged_floors":[20,39],"is_endless":false,"potions_floor_spawned":[3,14,16,21,25,30,38,42],"ascension_level":10}}