{"host":"q3lif1jtip1s8oen","time":1611437413,"event":{"mods":["2.2 Compatiblity","BaseMod","Better Note","Marisa????????","Minty Spire (QoL Compilation)","READ ME - Guardian Mod","Rare Cards Sparkle","StSLib","The Cursed","The Jungle","The Runesmith","The Servant 0.9.4"],"gold_per_floor":[117,135,135,135,210,242,242,267,294,100,129,129,144,144,144,247,247,257,282,282,302,317,342,342,371,371,371,386,412,428,44,44,139,139,155,171,222,222,233,263,263,290,314,314,329,345,22,47,47,47,47,47,21,56,56],"floor_reached":56,"language":"ENG","playtime":9165,"items_purged":["Defend_MRS"],"score":1660,"play_id":"04db12f8-d390-43f1-a1a1-67178b1b233f","local_time":"20210123133013","is_ascension_mode":true,"campfire_choices":[{"data":"MilkyWay","floor":12.0,"key":"SMITH"},{"data":"OortCloud","floor":15.0,"key":"SMITH"},{"data":"MaximisePower","floor":24.0,"key":"SMITH"},{"data":"FairyDestructionRay","floor":27.0,"key":"SMITH"},{"data":"Panacea","floor":32.0,"key":"SMITH"},{"data":"CasketOfStar","floor":41,"key":"SMITH"},{"floor":44,"key":"RECALL"},{"data":"SprinkleStarSeal","floor":49,"key":"SMITH"},{"data":"GravityBeat","floor":52,"key":"SMITH"}],"circlet_count":0,"master_deck":["Strike_MRS+1","Strike_MRS+1","Strike_MRS+1","Strike_MRS","Defend_MRS","Defend_MRS","Defend_MRS","MasterSpark","UpSweep+1","6A","StarBarrage+1","Parasite","Parasite","OrrerysSun","NonDirectionalLaser","OortCloud+1","MilkyWay+1","MysteriousBeam","MagicAbsorber","MaximisePower+1","IllusionStar+1","IllusionStar","OrrerysSun+1","BlazeAway+1","FairyDestructionRay+1","EnergyRecoil+1","EnergyRecoil+1","DarkMatter+1","AsteroidBelt","Panacea+1","CasketOfStar+1","MysteriousBeam+1","AsteroidBelt+1","ChargingUp+1","Acceleration+1","UnstableBomb+1","GravityBeat+1","SuperPerseids+1","SprinkleStarSeal+1","MagicChant"],"relics":["MiniHakkero","NeowsBlessing","Nunchaku","ShroomBag","Mango","Bag of Marbles","Membership Card","Akabeko","ExperimentalFamiliar","Red Mask","Potion Belt","TungstenRod","Pantograph","Eternal Feather","SimpleLauncher","Happy Flower","MealTicket","Coffee Dripper","CatCart","Runesmith:Nanobots","Whetstone","Turnip","HandDrill","Bottled Lightning","White Beast Statue"],"acts_visited":["Exordium","TheCity","TheBeyond","TheEnding"],"potions_floor_usage":[35,37,39,50,55,55,55,55],"damage_taken":[{"damage":0.0,"enemies":"Small Slimes","floor":1.0,"turns":1.0},{"damage":0.0,"enemies":"2 Louse","floor":2.0,"turns":1.0},{"damage":0.0,"enemies":"3 Sentries","floor":6.0,"turns":1.0},{"damage":15.0,"enemies":"Gremlin Nob","floor":8.0,"turns":4.0},{"damage":8.0,"enemies":"Lagavulin","floor":11.0,"turns":7.0},{"damage":0.0,"enemies":"Jaw Worm","floor":13.0,"turns":2.0},{"damage":1.0,"enemies":"The Guardian","floor":16.0,"turns":8.0},{"damage":11.0,"enemies":"3 Byrds","floor":18.0,"turns":4.0},{"damage":0.0,"enemies":"Masked Bandits","floor":19.0,"turns":2.0},{"damage":0.0,"enemies":"Chosen","floor":21.0,"turns":3.0},{"damage":0.0,"enemies":"Snecko","floor":22.0,"turns":3.0},{"damage":10.0,"enemies":"Book of Stabbing","floor":23.0,"turns":5.0},{"damage":0.0,"enemies":"Slavers","floor":25.0,"turns":3.0},{"damage":9.0,"enemies":"Centurion and Healer","floor":28.0,"turns":3.0},{"damage":0.0,"enemies":"Gremlin Leader","floor":29.0,"turns":2.0},{"damage":0.0,"enemies":"Shelled Parasite and Fungi","floor":30.0,"turns":3.0},{"damage":0.0,"enemies":"Champ","floor":33.0,"turns":18.0},{"damage":0,"enemies":"3 Darklings","floor":35,"turns":3},{"damage":7,"enemies":"Orb Walker","floor":36,"turns":2},{"damage":0,"enemies":"Orin","floor":37,"turns":8},{"damage":29,"enemies":"Writhing Mass","floor":39,"turns":4},{"damage":21,"enemies":"Nemesis","floor":40,"turns":7},{"damage":0,"enemies":"Reptomancer","floor":42,"turns":3},{"damage":17,"enemies":"Maw","floor":45,"turns":6},{"damage":0,"enemies":"Jaw Worm Horde","floor":46,"turns":1},{"damage":0,"enemies":"Giant Head","floor":48,"turns":6},{"damage":63,"enemies":"Time Eater","floor":50,"turns":10},{"damage":6,"enemies":"Shield and Spear","floor":54,"turns":3},{"damage":43,"enemies":"The Heart","floor":55,"turns":10}],"seed_played":"2378677668205251540","potions_obtained":[{"floor":1.0,"key":"PowerPotion"},{"floor":2.0,"key":"LiquidMemories"},{"floor":11.0,"key":"DuplicationPotion"},{"floor":21.0,"key":"FearPotion"},{"floor":25.0,"key":"Fire Potion"},{"floor":28.0,"key":"BottledSpark"},{"floor":30.0,"key":"LiquidMemories"},{"floor":36,"key":"DistilledChaos"},{"floor":37,"key":"Block Potion"},{"floor":39,"key":"Energy Potion"},{"floor":45,"key":"AttackPotion"}],"is_trial":false,"path_per_floor":["M","M","?","?","?","E","?","E","T","$","E","R","M","?","R","B",null,"M","?","?","M","M","E","R","E","T","R","M","E","M","$","R","B",null,"M","M","?","?","M","E","R","E","T","R","M","M","$","E","R","B",null,"R","$","E","B",null],"character_chosen":"MARISA","items_purchased":["Membership Card","OortCloud","MilkyWay","SimpleLauncher","Panacea","Happy Flower","MealTicket","Turnip","HandDrill","SprinkleStarSeal","CultistPotion","Dexterity Potion"],"campfire_rested":0,"item_purchase_floors":[10,10,10,31,31,31,31,47,47,47,47,53],"current_hp_per_floor":[75,75,75,68,57,57,42,45,45,45,41,41,45,45,45,48,89,80,80,80,84,86,80,80,84,84,84,79,79,79,79,89,89,89,89,82,86,86,61,44,65,69,69,89,74,76,89,89,89,30,89,89,89,83,48],"gold":56,"neow_bonus":"THREE_ENEMY_KILL","is_daily":false,"chose_seed":false,"campfire_upgraded":8,"win_rate":0.0,"timestamp":1611437413,"path_taken":["M","M","?","?","?","E","?","E","T","?","E","R","M","?","R","BOSS","M","?","?","M","M","E","R","E","T","R","M","E","M","$","R","BOSS","M","M","?","?","M","E","R","E","T","R","M","M","$","E","R","BOSS","R","$","E","BOSS"],"items_purchased_type":["Relic","Card","Card","Relic","Card","Relic","Relic","Relic","Relic","Card","Potion","Potion"],"build_version":"2020-12-22","purchased_purges":1,"victory":true,"max_hp_per_floor":[75,75,75,75,75,75,75,89,89,89,89,89,89,89,89,89,89,89,89,89,89,89,89,89,89,89,89,89,89,89,89,89,89,89,89,89,89,89,89,89,89,89,89,89,89,89,89,89,89,89,89,89,89,89,89],"card_choices":[{"not_picked":["GasGiant","WitchOfGreed"],"picked":"6A","floor":1.0},{"not_picked":["PulseMagic","IllusionStar"],"picked":"StarBarrage","floor":2.0},{"not_picked":["SporeBomb","IllusionStar"],"picked":"OrrerysSun","floor":6.0},{"not_picked":["GrandCross","ChargeUpSpray"],"picked":"NonDirectionalLaser","floor":8.0},{"not_picked":["NonDirectionalLaser","BigCrunch"],"picked":"MysteriousBeam","floor":11.0},{"not_picked":["EnergyRecoil","DragonMeteor"],"picked":"MagicAbsorber","floor":13.0},{"not_picked":["SuperNova","SatelliteIllusion"],"picked":"MaximisePower","floor":16.0},{"not_picked":["NonDirectionalLaser","GasGiant"],"picked":"IllusionStar+1","floor":18.0},{"not_picked":["Occultation","DragonMeteor"],"picked":"IllusionStar","floor":19.0},{"not_picked":["AsteroidBelt","BlazeAway"],"picked":"OrrerysSun+1","floor":21.0},{"not_picked":["LuminesStrike","StarBarrage"],"picked":"BlazeAway+1","floor":22.0},{"not_picked":["ManaRampage","StarlightTyphoon"],"picked":"FairyDestructionRay","floor":23.0},{"not_picked":["ShootTheMoon+1","WitchLeyline"],"picked":"EnergyRecoil+1","floor":25.0},{"not_picked":["PowerUp","BlazeAway"],"picked":"EnergyRecoil+1","floor":28.0},{"not_picked":["DarkSpark","MysteriousBeam"],"picked":"DarkMatter+1","floor":29.0},{"not_picked":["LuminesStrike","MysteriousBeam"],"picked":"AsteroidBelt","floor":30.0},{"not_picked":["MaximisePower","JA"],"picked":"CasketOfStar","floor":33.0},{"not_picked":["WitchLeyline","DeepEcoloBomb"],"picked":"MysteriousBeam+1","floor":35},{"not_picked":["UnstableBomb","DC+1"],"picked":"AsteroidBelt+1","floor":36},{"not_picked":["NonDirectionalLaser","MysteriousBeam"],"picked":"ChargingUp+1","floor":37},{"not_picked":["PowerUp","WitchLeyline"],"picked":"Acceleration+1","floor":39},{"not_picked":["BigCrunch","BlazingStar"],"picked":"UnstableBomb+1","floor":40},{"not_picked":["Acceleration+1","WitchOfGreed"],"picked":"GravityBeat","floor":42},{"not_picked":["DarkMatter+1","DoubleSpark"],"picked":"SuperPerseids+1","floor":45},{"not_picked":["DarkMatter+1","GalacticHalo","BlazingStar"],"picked":"SKIP","floor":46},{"not_picked":["Acceleration","ChargingUp","SporeBomb"],"picked":"SKIP","floor":48},{"not_picked":["EnergyFlow","GrandCross"],"picked":"MagicChant","floor":54}],"player_experience":827520,"relics_obtained":[{"floor":6.0,"key":"ShroomBag"},{"floor":8.0,"key":"Mango"},{"floor":9.0,"key":"Bag of Marbles"},{"floor":11.0,"key":"Akabeko"},{"floor":19.0,"key":"Red Mask"},{"floor":23.0,"key":"Potion Belt"},{"floor":25.0,"key":"TungstenRod"},{"floor":26.0,"key":"Pantograph"},{"floor":29.0,"key":"Eternal Feather"},{"floor":37,"key":"CatCart"},{"floor":40,"key":"Runesmith:Nanobots"},{"floor":42,"key":"Whetstone"},{"floor":48,"key":"Bottled Lightning"},{"floor":54,"key":"White Beast Statue"}],"event_choices":[{"damage_healed":0.0,"max_hp_gain":0.0,"max_hp_loss":0.0,"gold_gain":0.0,"event_name":"Big Fish","player_choice":"Box","floor":3.0,"gold_loss":0.0,"damage_taken":0.0,"relics_obtained":["Nunchaku"],"cards_obtained":["Regret"]},{"cards_removed":["Regret"],"damage_healed":0.0,"max_hp_gain":0.0,"max_hp_loss":0.0,"gold_gain":0.0,"event_name":"Golden Wing","player_choice":"Card Removal","floor":4.0,"gold_loss":0.0,"damage_taken":7.0},{"damage_healed":0.0,"max_hp_gain":0.0,"max_hp_loss":0.0,"gold_gain":75.0,"event_name":"World of Goop","player_choice":"Gather Gold","floor":5.0,"gold_loss":0.0,"damage_taken":11.0},{"damage_healed":0.0,"max_hp_gain":0.0,"max_hp_loss":0.0,"gold_gain":0.0,"event_name":"Shining Light","player_choice":"Entered Light","floor":7.0,"gold_loss":0.0,"damage_taken":15.0,"cards_upgraded":["Strike_MRS","Strike_MRS"]},{"damage_healed":0.0,"max_hp_gain":0.0,"max_hp_loss":0.0,"gold_gain":0.0,"event_name":"Upgrade Shrine","player_choice":"Upgraded","floor":14.0,"gold_loss":0.0,"damage_taken":0.0,"cards_upgraded":["StarBarrage"]},{"damage_healed":0.0,"max_hp_gain":0.0,"max_hp_loss":0.0,"gold_gain":0.0,"event_name":"Masked Bandits","player_choice":"Fought Bandits","floor":19.0,"gold_loss":0.0,"damage_taken":0.0},{"damage_healed":0.0,"max_hp_gain":0.0,"max_hp_loss":0.0,"gold_gain":0.0,"event_name":"Vampires","player_choice":"Ignored","floor":20.0,"gold_loss":0.0,"damage_taken":0.0},{"damage_healed":0,"gold_gain":0,"player_choice":"Fight","damage_taken":0,"max_hp_gain":0,"max_hp_loss":0,"event_name":"OrinTheCat","floor":37,"gold_loss":0},{"damage_healed":0,"gold_gain":0,"player_choice":"Ignored","damage_taken":0,"max_hp_gain":0,"max_hp_loss":0,"event_name":"SecretPortal","floor":38,"gold_loss":0}],"is_beta":false,"boss_relics":[{"not_picked":["SacredBark","Astrolabe"],"picked":"ExperimentalFamiliar"},{"not_picked":["Runic Dome","Pandora\u0027s Box"],"picked":"Coffee Dripper"}],"items_purged_floors":[31],"is_endless":false,"potions_floor_spawned":[1,2,11,21,25,28,30,36,37,39,45,54],"ascension_level":3}}