{"host":"yuhy0i501zzmn1iz","time":1611363188,"event":{"mods":["AchievementEnabler","AlwaysNeverKeys","BaseMod","Bestiary","Better Match","Better Third Choice","Curses Come First","Downfall","Minty Spire (QoL Compilation)","StSLib","slay the spire mod where everything is the same but ironclad has a cowboy hat"],"gold_per_floor":[114,114,125,136,151,151,169,169,169,16,49,59,59,78,78,182,182,194,38,54,69,69,69,69],"floor_reached":23,"language":"ENG","playtime":767,"items_purged":[],"score":249,"play_id":"c91579eb-3b9d-4fe4-92ed-c27716fc7dcd","local_time":"20210122195308","is_ascension_mode":true,"campfire_choices":[{"data":"Dualcast","floor":6,"key":"SMITH"},{"data":"Zap","floor":8,"key":"SMITH"},{"floor":13,"key":"REST"},{"data":"Beam Cell","floor":15,"key":"SMITH"}],"circlet_count":0,"master_deck":["Defend_B","Defend_B","Defend_B","Defend_B","Zap+1","Dualcast+1","Force Field+1","Go for the Eyes","Rip and Tear","All For One","Conserve Battery+1","Go for the Eyes","Steam","Beam Cell+1","Buffer","Reprogram+1","Melter","Deep Breath","Conserve Battery+1","Bite","Bite","Bite","Bite","Bite"],"relics":["Cracked Core","NeowsBlessing","Toy Ornithopter","War Paint","Pen Nib","Runic Dome"],"acts_visited":["Exordium","TheCity"],"potions_floor_usage":[18,23],"damage_taken":[{"damage":0,"enemies":"2 Louse","floor":1,"turns":1},{"damage":0,"enemies":"Cultist","floor":3,"turns":1},{"damage":0,"enemies":"Small Slimes","floor":4,"turns":1},{"damage":9,"enemies":"Looter","floor":5,"turns":3},{"damage":1,"enemies":"Blue Slaver","floor":7,"turns":2},{"damage":30,"enemies":"3 Sentries","floor":11,"turns":7},{"damage":7,"enemies":"Exordium Thugs","floor":12,"turns":5},{"damage":3,"enemies":"Large Slime","floor":14,"turns":4},{"damage":18,"enemies":"Hexaghost","floor":16,"turns":9},{"damage":6,"enemies":"Spheric Guardian","floor":18,"turns":2},{"damage":7,"enemies":"Chosen","floor":20,"turns":5},{"damage":15,"enemies":"Snake Plant","floor":21,"turns":5},{"damage":33,"enemies":"Slavers","floor":23,"turns":4}],"seed_played":"-7543915194143292271","potions_obtained":[{"floor":1,"key":"Weak Potion"},{"floor":5,"key":"Block Potion"},{"floor":12,"key":"champ:CounterPotion"},{"floor":16,"key":"DuplicationPotion"},{"floor":18,"key":"Fire Potion"}],"is_trial":false,"path_per_floor":["M","?","M","M","M","R","M","R","T","$","E","M","R","M","R","B",null,"M","$","M","M","?","E"],"character_chosen":"DEFECT","items_purchased":["War Paint","Melter","Deep Breath"],"campfire_rested":1,"item_purchase_floors":[10,19,19],"current_hp_per_floor":[75,68,68,68,59,59,58,58,58,58,28,21,43,40,40,22,75,69,69,62,47,47,21,21],"gold":69,"neow_bonus":"THREE_ENEMY_KILL","is_daily":false,"chose_seed":false,"campfire_upgraded":3,"win_rate":0.0,"timestamp":1611363188,"path_taken":["M","?","?","M","M","R","M","R","T","$","E","M","R","M","R","BOSS","M","$","M","M","?","E"],"items_purchased_type":["Relic","Card","Card"],"build_version":"2020-12-22","purchased_purges":0,"victory":false,"max_hp_per_floor":[75,75,75,75,75,75,75,75,75,75,75,75,75,75,75,75,75,75,75,75,75,52,52,52],"card_choices":[{"not_picked":["Chaos","Sweeping Beam"],"picked":"Force Field","floor":1},{"not_picked":["Streamline","Static Discharge"],"picked":"Go for the Eyes","floor":3},{"not_picked":["Defragment","Undo"],"picked":"Rip and Tear","floor":4},{"not_picked":["Turbo","Stack"],"picked":"All For One","floor":5},{"not_picked":["Tempest","Reinforced Body"],"picked":"Conserve Battery","floor":7},{"not_picked":["Core Surge","Fission"],"picked":"Go for the Eyes","floor":11},{"not_picked":["Consume","Rebound"],"picked":"Steam","floor":12},{"not_picked":["Skim","Conserve Battery"],"picked":"Beam Cell","floor":14},{"not_picked":["Thunder Strike","Seek"],"picked":"Buffer","floor":16},{"not_picked":["Skim","Conserve Battery"],"picked":"Reprogram+1","floor":18},{"not_picked":["Undo","Stack"],"picked":"Conserve Battery+1","floor":20},{"not_picked":["Rebound","Consume","Force Field+1"],"picked":"SKIP","floor":21}],"player_experience":335995,"relics_obtained":[{"floor":9,"key":"Toy Ornithopter"},{"floor":11,"key":"Pen Nib"}],"event_choices":[{"damage_healed":0,"gold_gain":0,"player_choice":"Damaged","damage_taken":7,"max_hp_gain":0,"max_hp_loss":0,"event_name":"Wheel of Change","floor":2,"gold_loss":0},{"damage_healed":0,"gold_gain":0,"player_choice":"Became a vampire","damage_taken":0,"max_hp_gain":0,"max_hp_loss":23,"event_name":"Vampires","floor":22,"gold_loss":0,"cards_obtained":["Bite","Bite","Bite","Bite","Bite"]}],"is_beta":false,"boss_relics":[{"not_picked":["Velvet Choker","Ectoplasm"],"picked":"Runic Dome"}],"items_purged_floors":[],"is_endless":false,"potions_floor_spawned":[1,5,12,16,18,21],"killed_by":"Slavers","ascension_level":3}}