{"host":"2lo6hma6kymb0g9i","time":1611384098,"event":{"mods":["BaseMod","Colored Map","DeckTracker","Minty Spire (QoL Compilation)"],"gold_per_floor":[114,189,189,209,209,239,258,284,284,284,310,310,326,356,356,433,433,404,404,270,290,290,290,290,323,374,84,2,2,16,27,27,27,27],"floor_reached":33,"language":"JPN","playtime":1949,"items_purged":["Strike_R","Strike_R"],"score":587,"play_id":"8b3537d0-44fa-4c7d-9623-b8c45dae75a3","local_time":"20210123154138","is_ascension_mode":true,"campfire_choices":[{"floor":12,"key":"REST"},{"data":"Clothesline","floor":15,"key":"SMITH"},{"data":"True Grit","floor":23,"key":"SMITH"},{"data":"Berserk","floor":29,"key":"SMITH"},{"floor":32,"key":"REST"}],"circlet_count":0,"master_deck":["AscendersBane","Strike_R","Strike_R","Defend_R","Defend_R","Defend_R","Defend_R","Bash","Clothesline+1","Pommel Strike","Demon Form","True Grit+1","Shrug It Off","Blood for Blood","Power Through","Berserk+1","Shrug It Off","True Grit+1","Battle Trance"],"relics":["Burning Blood","Mango","Nunchaku","Pantograph","Oddly Smooth Stone","Odd Mushroom","Anchor","Black Star","Pen Nib","Pear","Centennial Puzzle","Membership Card","Bag of Preparation","Medical Kit"],"acts_visited":["Exordium","TheCity"],"potions_floor_usage":[14,18,33],"damage_taken":[{"damage":14,"enemies":"Jaw Worm","floor":1,"turns":4},{"damage":7,"enemies":"Small Slimes","floor":4,"turns":4},{"damage":24,"enemies":"Gremlin Nob","floor":6,"turns":4},{"damage":7,"enemies":"2 Louse","floor":7,"turns":3},{"damage":18,"enemies":"Lagavulin","floor":8,"turns":6},{"damage":35,"enemies":"The Mushroom Lair","floor":11,"turns":6},{"damage":1,"enemies":"Blue Slaver","floor":13,"turns":7},{"damage":18,"enemies":"Gremlin Nob","floor":14,"turns":4},{"damage":31,"enemies":"The Guardian","floor":16,"turns":12},{"damage":16,"enemies":"2 Thieves","floor":18,"turns":4},{"damage":24,"enemies":"Shell Parasite","floor":21,"turns":9},{"damage":35,"enemies":"Gremlin Leader","floor":25,"turns":10},{"damage":11,"enemies":"Centurion and Healer","floor":30,"turns":8},{"damage":24,"enemies":"Snake Plant","floor":31,"turns":6},{"damage":78,"enemies":"Collector","floor":33,"turns":9}],"seed_played":"5925077677555720993","potions_obtained":[{"floor":8,"key":"SteroidPotion"},{"floor":11,"key":"FearPotion"},{"floor":16,"key":"DistilledChaos"},{"floor":21,"key":"FairyPotion"},{"floor":30,"key":"SteroidPotion"},{"floor":31,"key":"LiquidMemories"}],"is_trial":false,"path_per_floor":["M","?","?","M","?","E","M","E","T","?","?","R","M","E","R","B",null,"M","?","$","M","?","R","?","E","T","$","$","R","M","M","R","B"],"character_chosen":"IRONCLAD","items_purchased":["Shrug It Off","Membership Card","Bag of Preparation","Medical Kit"],"campfire_rested":2,"item_purchase_floors":[20,27,27,28],"current_hp_per_floor":[74,63,63,62,67,49,48,36,36,36,7,33,38,26,26,26,72,62,62,62,44,19,19,19,32,32,32,32,32,27,9,39,0,0],"gold":27,"neow_bonus":"ONE_RARE_RELIC","is_daily":false,"chose_seed":false,"campfire_upgraded":3,"win_rate":0.0,"timestamp":1611384098,"path_taken":["M","?","?","M","?","E","M","E","T","?","?","R","M","E","R","BOSS","M","?","$","M","?","R","?","E","T","?","$","R","M","M","R","BOSS"],"items_purchased_type":["Card","Relic","Relic","Relic"],"build_version":"2020-12-22","purchased_purges":2,"victory":false,"max_hp_per_floor":[82,82,82,82,87,87,87,87,87,87,87,87,87,87,87,87,87,87,87,87,87,92,92,92,102,102,102,102,102,102,102,102,102,102],"card_choices":[{"not_picked":["Cleave","Wild Strike"],"picked":"Clothesline","floor":1},{"not_picked":["Warcry","Blood for Blood"],"picked":"Pommel Strike","floor":4},{"not_picked":["Intimidate","Havoc"],"picked":"Demon Form","floor":6},{"not_picked":["Disarm","Body Slam"],"picked":"True Grit","floor":7},{"not_picked":["Iron Wave","Intimidate"],"picked":"Shrug It Off","floor":8},{"not_picked":["Bloodletting","Clash"],"picked":"Blood for Blood","floor":13},{"not_picked":["Clash","Rupture"],"picked":"Power Through","floor":14},{"not_picked":["Limit Break","Barricade"],"picked":"Berserk","floor":16},{"not_picked":["Perfected Strike","Sword Boomerang","Anger"],"picked":"SKIP","floor":18},{"not_picked":["Wild Strike","Twin Strike+1"],"picked":"True Grit+1","floor":21},{"not_picked":["True Grit","Reckless Charge+1","Clash"],"picked":"SKIP","floor":25},{"not_picked":["Dual Wield","Iron Wave"],"picked":"Battle Trance","floor":30},{"not_picked":["Burning Pact+1","Clothesline","Shockwave"],"picked":"SKIP","floor":31}],"player_experience":1118565,"relics_obtained":[{"floor":6,"key":"Nunchaku"},{"floor":8,"key":"Pantograph"},{"floor":9,"key":"Oddly Smooth Stone"},{"floor":11,"key":"Odd Mushroom"},{"floor":14,"key":"Anchor"},{"floor":25,"key":"Pen Nib"},{"floor":25,"key":"Pear"},{"floor":26,"key":"Centennial Puzzle"}],"event_choices":[{"damage_healed":0,"gold_gain":75,"player_choice":"Gather Gold","damage_taken":11,"max_hp_gain":0,"max_hp_loss":0,"event_name":"World of Goop","floor":2,"gold_loss":0},{"damage_healed":0,"gold_gain":0,"player_choice":"Ignored","damage_taken":0,"max_hp_gain":0,"max_hp_loss":0,"event_name":"Liars Game","floor":3,"gold_loss":0},{"damage_healed":0,"gold_gain":0,"player_choice":"Donut","damage_taken":0,"max_hp_gain":5,"max_hp_loss":0,"event_name":"Big Fish","floor":5,"gold_loss":0},{"cards_removed":["Strike_R"],"damage_healed":0,"gold_gain":0,"player_choice":"Forget","damage_taken":0,"max_hp_gain":0,"max_hp_loss":0,"event_name":"Living Wall","floor":10,"gold_loss":0},{"damage_healed":0,"gold_gain":0,"player_choice":"Fought Mushrooms","damage_taken":0,"max_hp_gain":0,"max_hp_loss":0,"event_name":"Mushrooms","floor":11,"gold_loss":0},{"damage_healed":0,"gold_gain":0,"player_choice":"Ignored","damage_taken":0,"max_hp_gain":0,"max_hp_loss":0,"event_name":"The Mausoleum","floor":19,"gold_loss":0},{"damage_healed":0,"gold_gain":0,"player_choice":"Shed Blood","damage_taken":30,"max_hp_gain":5,"max_hp_loss":0,"event_name":"Forgotten Altar","floor":22,"gold_loss":0},{"damage_healed":0,"gold_gain":0,"player_choice":"Ignored","damage_taken":0,"max_hp_gain":0,"max_hp_loss":0,"event_name":"Ghosts","floor":24,"gold_loss":0}],"is_beta":false,"boss_relics":[{"not_picked":["Fusion Hammer","Sozu"],"picked":"Black Star"}],"items_purged_floors":[20,27],"is_endless":false,"potions_floor_spawned":[8,11,13,16,21,30,31],"killed_by":"Collector","ascension_level":20}}