{"host":"ykruzxakfolvqoa7","time":1611406651,"event":{"mods":["Act Like it!","BaseMod","Colored Powertips","Downfall","Elementarium","Hubris","Ironclad Rager","Menagerie","Mimic Mod","Minty Spire (QoL Compilation)","Spicy Shops","Spikes Relics","StSLib","Swap Starting Deck Mod","Wandering Minibosses"],"gold_per_floor":[111,111,136,160,160,186,186,211,235,270,290,290,308,334,334,431,431,456,9,9,9,37,70,70,95,95,115,115,162,162,187,187,282,282,309,334,350,350,350,350,381,381,381,381,400,500,500,500,500],"floor_reached":48,"language":"ENG","playtime":4948,"items_purged":[],"score":617,"play_id":"465c8cf3-d420-43dc-8160-73b7ba3505ec","local_time":"20210123125731","is_ascension_mode":false,"campfire_choices":[{"floor":7,"key":"REST"},{"floor":12,"key":"REST"},{"floor":15,"key":"REST"},{"floor":24,"key":"REST"},{"floor":28,"key":"REST"},{"floor":32,"key":"REST"},{"floor":40,"key":"REST"},{"floor":42,"key":"REST"},{"floor":47,"key":"RECALL"}],"circlet_count":0,"master_deck":["Zap","Dualcast+1","ICR:ProbingStrike","ICR:ProbingStrike","ICR:ProbingStrike","ICR:ProbingStrike","ICR:AutoDefend","ICR:AutoDefend","ICR:AutoDefend","ICR:AutoDefend","Capacitor","Redo","White Noise+1","Fusion","Static Discharge","Barrage","Beam Cell","hubris:Ukulele","Lockon","Tempest+1","Leap+1","Hologram+1","Elementarium:VoidblessedBlade+1","Injury","Skim+1","Electrodynamics","Ball Lightning+1","Ball Lightning+1","Redo+1","Storm+1","Capacitor","CurseOfTheBell","CurseOfTheBell","Regret","downfall:Haunted","Fission+1","hubris:Envy"],"relics":["Cracked Core","Menagerie:HuntersKnife","hubris:Icosahedron","Strawberry","Toxic Egg 2","Bronze Scales","Busted Crown","Question Card","Elementarium:FlickeringLantern","Molten Egg 2","WizardHat","War Paint","Elementarium:ElementariumTrophy","SlaversCollar","hubris:Zylophone","The Courier","downfall:ExtraCursedBell","Bag of Marbles","Kunai","CaptainsWheel"],"acts_visited":["Exordium","Menagerie:Menagerie","TheBeyond"],"potions_floor_usage":[6,6,22,23,23,25,33,36,36,45],"damage_taken":[{"damage":1,"enemies":"Menagerie:WhisperingWraith","floor":1,"turns":4},{"damage":2,"enemies":"Menagerie:2_RABBITS","floor":3,"turns":4},{"damage":0,"enemies":"Menagerie:StygianBoar","floor":4,"turns":3},{"damage":37,"enemies":"Menagerie:Hydra","floor":6,"turns":7},{"damage":5,"enemies":"Menagerie:MaskedSummoner","floor":8,"turns":11},{"damage":8,"enemies":"Menagerie:DREAD_MOTH_AND_GRAFTED_WORMS","floor":10,"turns":3},{"damage":15,"enemies":"Menagerie:Hexasnake","floor":11,"turns":4},{"damage":15,"enemies":"Menagerie:RedMage","floor":13,"turns":5},{"damage":5,"enemies":"Menagerie:STYGIAN_BOAR_AND_RABBIT","floor":14,"turns":2},{"damage":13,"enemies":"Menagerie:Chimera","floor":16,"turns":9},{"damage":10,"enemies":"Elementarium:Cyclone","floor":18,"turns":5},{"damage":11,"enemies":"Elementarium:2_ELEMENTALS","floor":22,"turns":3},{"damage":31,"enemies":"Elementarium:ElementalPortal","floor":23,"turns":8},{"damage":10,"enemies":"Elementarium:STONE_GOLEMS","floor":25,"turns":3},{"damage":8,"enemies":"Elementarium:VoidBeast","floor":27,"turns":3},{"damage":7,"enemies":"Elementarium:VOID_CORRUPTION_AND_ORB_OF_FIRE","floor":31,"turns":4},{"damage":15,"enemies":"Elementarium:GoldenDragon","floor":33,"turns":8},{"damage":23,"enemies":"3 Shapes","floor":35,"turns":4},{"damage":5,"enemies":"3 Darklings","floor":36,"turns":3},{"damage":34,"enemies":"Writhing Mass","floor":37,"turns":5},{"damage":18,"enemies":"Nemesis","floor":41,"turns":5},{"damage":6,"enemies":"Transient","floor":45,"turns":5},{"damage":47,"enemies":"Reptomancer","floor":48,"turns":2}],"seed_played":"7059348686613047025","potions_obtained":[{"floor":1,"key":"SpeedPotion"},{"floor":4,"key":"FearPotion"},{"floor":16,"key":"DuplicationPotion"},{"floor":18,"key":"Regen Potion"},{"floor":22,"key":"GamblersBrew"},{"floor":23,"key":"PowerPotion"},{"floor":27,"key":"SneckoOil"},{"floor":31,"key":"Strength Potion"},{"floor":35,"key":"AttackPotion"},{"floor":41,"key":"SkillPotion"},{"floor":45,"key":"Dexterity Potion"}],"is_trial":false,"path_per_floor":["M","?","M","M","?","E","R","E","T","M","M","R","M","M","R","B",null,"M","$","?","?","M","E","R","M","T","M","R","T","?","M","R","B",null,"M","M","M","?","?","R","E","R","T","?","M","?","R","E"],"character_chosen":"DEFECT","items_purchased":["Question Card","Tempest+1"],"campfire_rested":8,"item_purchase_floors":[19,19],"current_hp_per_floor":[74,69,67,67,67,39,61,56,56,48,33,55,40,35,57,44,76,66,66,66,51,40,24,46,36,36,28,50,50,50,43,65,50,76,53,48,14,17,17,40,22,45,45,45,39,44,44,0,0],"gold":500,"neow_bonus":"DEFECT_WARDEN","is_daily":false,"chose_seed":false,"campfire_upgraded":0,"win_rate":0.0,"timestamp":1611406651,"path_taken":["M","?","M","M","?","E","R","E","T","M","M","R","M","M","R","BOSS","M","$","?","?","M","E","R","M","T","M","R","?","?","M","R","BOSS","M","M","M","?","?","R","E","R","T","?","M","?","R","E"],"items_purchased_type":["Relic","Card"],"build_version":"2020-12-22","purchased_purges":0,"victory":false,"max_hp_per_floor":[75,69,69,69,69,76,76,76,76,76,76,76,76,76,76,76,76,76,76,76,76,76,76,76,76,76,76,76,76,76,76,76,76,76,76,76,76,79,79,79,79,79,79,79,79,84,84,84,84],"card_choices":[{"not_picked":["Heatsinks","Scrape"],"picked":"Capacitor","floor":1},{"not_picked":["Beam Cell","Cold Snap"],"picked":"Redo","floor":3},{"not_picked":["Melter","Hologram"],"picked":"White Noise","floor":4},{"not_picked":["Streamline","Aggregate"],"picked":"Fusion","floor":6},{"not_picked":["Beam Cell","Ball Lightning"],"picked":"Static Discharge","floor":8},{"not_picked":["Chill+1","Aggregate+1"],"picked":"Barrage","floor":10},{"not_picked":["Coolheaded+1","Recycle+1"],"picked":"Beam Cell","floor":11},{"not_picked":["Aggregate+1","Hologram+1"],"picked":"hubris:Ukulele","floor":13},{"not_picked":["Sweeping Beam","Stack+1"],"picked":"FTL","floor":14},{"not_picked":[],"picked":"Lockon","floor":18},{"not_picked":["Blizzard+1","Gash+1"],"picked":"SKIP","floor":22},{"not_picked":["Go for the Eyes+1","Stack+1"],"picked":"SKIP","floor":23},{"not_picked":["Beam Cell+1"],"picked":"Leap+1","floor":25},{"not_picked":["Streamline+1"],"picked":"Hologram+1","floor":27},{"not_picked":["DiskWipe+1"],"picked":"Skim+1","floor":31},{"not_picked":["Meteor Strike+1"],"picked":"Electrodynamics","floor":33},{"not_picked":["Streamline+1"],"picked":"Ball Lightning+1","floor":35},{"not_picked":["Compile Driver+1"],"picked":"Ball Lightning+1","floor":36},{"not_picked":["Sweeping Beam+1"],"picked":"Redo+1","floor":37},{"not_picked":["Coolheaded+1"],"picked":"Storm+1","floor":41},{"not_picked":["Doom and Gloom+1"],"picked":"Capacitor","floor":45}],"player_experience":409642,"relics_obtained":[{"floor":6,"key":"Strawberry"},{"floor":8,"key":"Toxic Egg 2"},{"floor":9,"key":"Bronze Scales"},{"floor":23,"key":"WizardHat"},{"floor":29,"key":"War Paint"},{"floor":41,"key":"hubris:Zylophone"},{"floor":43,"key":"The Courier"},{"floor":46,"key":"Bag of Marbles"},{"floor":46,"key":"Kunai"},{"floor":46,"key":"CaptainsWheel"}],"event_choices":[{"damage_healed":0,"gold_gain":0,"player_choice":"Take","damage_taken":0,"relics_obtained":["Menagerie:HuntersKnife"],"max_hp_gain":0,"max_hp_loss":6,"event_name":"Menagerie:BigGameHunter","floor":2,"gold_loss":0},{"damage_healed":0,"gold_gain":0,"player_choice":"Take","damage_taken":0,"relics_obtained":["Elementarium:FlickeringLantern"],"max_hp_gain":0,"max_hp_loss":0,"event_name":"Elementarium:HeartOfTheVoid","floor":20,"gold_loss":0},{"damage_healed":0,"gold_gain":0,"player_choice":"Blood","damage_taken":15,"relics_obtained":["Molten Egg 2"],"max_hp_gain":0,"max_hp_loss":0,"event_name":"Elementarium:ShatteredPortal","floor":21,"gold_loss":0},{"damage_healed":0,"gold_gain":0,"player_choice":"Take","damage_taken":0,"max_hp_gain":0,"max_hp_loss":0,"event_name":"Elementarium:BladeSeller","floor":30,"gold_loss":0,"cards_obtained":["Elementarium:VoidblessedBlade","Injury"]},{"damage_healed":0,"gold_gain":0,"player_choice":"Ignored","damage_taken":0,"max_hp_gain":0,"max_hp_loss":0,"event_name":"Mysterious Sphere","floor":39,"gold_loss":0},{"cards_removed":["FTL"],"damage_healed":0,"gold_gain":0,"player_choice":"Removed Attack","damage_taken":0,"max_hp_gain":0,"max_hp_loss":0,"event_name":"Falling","floor":44,"gold_loss":0}],"is_beta":false,"boss_relics":[{"not_picked":["hubris:ScarierMask","Velvet Choker"],"picked":"Busted Crown"},{"not_picked":["Pandora\u0027s Box","bronze:MakeshiftBattery"],"picked":"SlaversCollar"}],"items_purged_floors":[],"is_endless":false,"potions_floor_spawned":[1,4,16,18,22,23,27,31,35,41,45],"killed_by":"Reptomancer","ascension_level":0}}