{"host":"l99crexq2sc8megk","time":1611403074,"event":{"mods":["BaseMod","Hermit","Minty Spire (QoL Compilation)","Quick Restart","StSLib","The Cursed"],"gold_per_floor":[111,111,121,137,137,137,60,100,150,150,164,177,177,191,191,191,191],"floor_reached":16,"language":"ZHS","playtime":334,"items_purged":[],"score":184,"play_id":"1468c6bd-356b-4149-a06b-88db0c5da827","local_time":"20210123195754","is_ascension_mode":true,"campfire_choices":[{"data":"Clash","floor":6,"key":"SMITH"},{"floor":10,"key":"REST"},{"data":"Shrug It Off","floor":13,"key":"SMITH"},{"data":"Sever Soul","floor":15,"key":"SMITH"}],"circlet_count":0,"master_deck":["AscendersBane","Strike_R","Strike_R","Strike_R","Strike_R","Strike_R","Defend_R","Defend_R","Defend_R","Defend_R","Bash","Clash+1","Sever Soul+1","Shrug It Off+1"],"relics":["Burning Blood","NeowsBlessing","Golden Idol","Happy Flower","Nunchaku"],"acts_visited":["Exordium"],"potions_floor_usage":[12,16],"damage_taken":[{"damage":0,"enemies":"Small Slimes","floor":1,"turns":1},{"damage":0,"enemies":"Cultist","floor":3,"turns":1},{"damage":0,"enemies":"Jaw Worm","floor":4,"turns":1},{"damage":45,"enemies":"Lagavulin","floor":8,"turns":6},{"damage":8,"enemies":"Exordium Wildlife","floor":11,"turns":4},{"damage":14,"enemies":"Lots of Slimes","floor":12,"turns":5},{"damage":8,"enemies":"3 Louse","floor":14,"turns":2},{"damage":10,"enemies":"Hexaghost","floor":16,"turns":3}],"seed_played":"2775215258785913612","potions_obtained":[{"floor":8,"key":"Strength Potion"},{"floor":11,"key":"Dexterity Potion"}],"is_trial":false,"path_per_floor":["M","?","M","M","?","R","$","E","T","R","M","M","R","M","R","B"],"character_chosen":"IRONCLAD","items_purchased":["Sever Soul"],"campfire_rested":1,"item_purchase_floors":[7],"current_hp_per_floor":[74,70,75,75,68,68,68,29,29,49,47,39,39,37,37,27,27],"gold":191,"neow_bonus":"THREE_ENEMY_KILL","is_daily":false,"chose_seed":false,"campfire_upgraded":3,"win_rate":0.0,"timestamp":1611403074,"path_taken":["M","?","M","?","?","R","?","E","T","R","M","M","R","M","R","BOSS"],"items_purchased_type":["Card"],"build_version":"2020-12-22","purchased_purges":0,"victory":false,"max_hp_per_floor":[75,75,75,75,68,68,68,68,68,68,68,68,68,68,68,68,68],"card_choices":[{"not_picked":["Anger","Havoc"],"picked":"Clash","floor":1},{"not_picked":["Iron Wave","Power Through","Rampage"],"picked":"SKIP","floor":3},{"not_picked":["Thunderclap","Feel No Pain","Havoc"],"picked":"SKIP","floor":4},{"not_picked":["True Grit","Berserk","Warcry"],"picked":"SKIP","floor":8},{"not_picked":["Power Through","Anger"],"picked":"Shrug It Off","floor":11},{"not_picked":["Havoc","Armaments","Rampage"],"picked":"SKIP","floor":12},{"not_picked":["Havoc","Sword Boomerang","Carnage"],"picked":"SKIP","floor":14}],"player_experience":364972,"relics_obtained":[{"floor":8,"key":"Happy Flower"},{"floor":9,"key":"Nunchaku"}],"event_choices":[{"damage_healed":0,"gold_gain":0,"player_choice":"Bought 0 Potions","damage_taken":0,"max_hp_gain":0,"max_hp_loss":0,"event_name":"The Woman in Blue","floor":2,"gold_loss":0},{"damage_healed":0,"gold_gain":0,"player_choice":"Lose Max HP","damage_taken":0,"relics_obtained":["Golden Idol"],"max_hp_gain":0,"max_hp_loss":7,"event_name":"Golden Idol","floor":5,"gold_loss":0}],"is_beta":false,"boss_relics":[],"items_purged_floors":[],"is_endless":false,"potions_floor_spawned":[8,11],"killed_by":"Hexaghost","ascension_level":16}}