{"host":"2se5dq1do2gp0x9k","time":1611425590,"event":{"mods":["AchievementEnabler","BaseMod","Block Reminder","Colored Map","Colored Powertips","Minty Spire (QoL Compilation)","Relic Stats","StSLib","SuperFastMode"],"gold_per_floor":[115,115,390,405,419,419,145,177,177,177,204,214,214,227,227,306,306,319,129,44,63,63,63,93,93,145,245,245,278,85,85,85,163,163,178,203,219,219,57,57,91,91,91,123,142,142,142],"floor_reached":46,"language":"ENG","playtime":1665,"items_purged":["Regret","Strike_G","Strike_G"],"score":1135,"play_id":"6c825f79-cf8e-4429-9bfc-cf2c55d09474","local_time":"20210123101310","is_ascension_mode":true,"campfire_choices":[{"data":"Neutralize","floor":10.0,"key":"SMITH"},{"floor":13.0,"key":"REST"},{"data":"Bouncing Flask","floor":15.0,"key":"SMITH"},{"data":"Noxious Fumes","floor":23,"key":"SMITH"},{"data":"Deadly Poison","floor":25,"key":"SMITH"},{"data":"Noxious Fumes","floor":32,"key":"SMITH"},{"data":"After Image","floor":40,"key":"SMITH"},{"floor":42,"key":"REST"}],"circlet_count":0,"master_deck":["AscendersBane","Defend_G","Defend_G","Defend_G+1","Defend_G","Defend_G","Survivor","Neutralize+1","Bouncing Flask+1","Deadly Poison+1","Dagger Spray","Sadistic Nature","Dash","Glass Knife","Poisoned Stab","Backflip+1","Adrenaline","Leg Sweep+1","Noxious Fumes+1","Deadly Poison","Decay","Well Laid Plans","Noxious Fumes+1","Acrobatics","Burst","Sucker Punch+1","After Image+1","Noxious Fumes","Blur","Catalyst"],"relics":["Ring of the Snake","NeowsBlessing","Mercury Hourglass","Bottled Flame","Sozu","War Paint","Anchor","Akabeko","TungstenRod","Question Card","Sundial","Eternal Feather","Snake Skull","Empty Cage","WingedGreaves","Vajra","Oddly Smooth Stone"],"acts_visited":["Exordium","TheCity","TheBeyond"],"potions_floor_usage":[16,41],"damage_taken":[{"damage":0.0,"enemies":"Jaw Worm","floor":1.0,"turns":1.0},{"damage":0.0,"enemies":"Small Slimes","floor":4.0,"turns":1.0},{"damage":0.0,"enemies":"Cultist","floor":5.0,"turns":1.0},{"damage":0.0,"enemies":"3 Sentries","floor":6.0,"turns":1.0},{"damage":20.0,"enemies":"Lagavulin","floor":8.0,"turns":4.0},{"damage":22.0,"enemies":"3 Sentries","floor":11.0,"turns":7.0},{"damage":0.0,"enemies":"2 Fungi Beasts","floor":12.0,"turns":3.0},{"damage":10.0,"enemies":"Large Slime","floor":14.0,"turns":5.0},{"damage":2,"enemies":"The Guardian","floor":16,"turns":8},{"damage":6,"enemies":"2 Thieves","floor":18,"turns":3},{"damage":0,"enemies":"3 Byrds","floor":21,"turns":3},{"damage":11,"enemies":"Gremlin Leader","floor":24,"turns":5},{"damage":0,"enemies":"Colosseum Slavers","floor":27,"turns":4},{"damage":4,"enemies":"Colosseum Nobs","floor":27,"turns":4},{"damage":14,"enemies":"Book of Stabbing","floor":29,"turns":4},{"damage":9,"enemies":"Champ","floor":33,"turns":9},{"damage":0,"enemies":"3 Shapes","floor":35,"turns":4},{"damage":0,"enemies":"Mind Bloom Boss Battle","floor":36,"turns":5},{"damage":0,"enemies":"Orb Walker","floor":37,"turns":2},{"damage":51,"enemies":"Giant Head","floor":41,"turns":7},{"damage":5,"enemies":"Nemesis","floor":44,"turns":7},{"damage":0,"enemies":"Maw","floor":45,"turns":6},{"damage":46,"enemies":"Giant Head","floor":46,"turns":5}],"seed_played":"7149664894051770239","potions_obtained":[{"floor":4.0,"key":"SmokeBomb"},{"floor":5.0,"key":"Poison Potion"},{"floor":8.0,"key":"PowerPotion"},{"floor":16,"key":"DuplicationPotion"}],"is_trial":false,"path_per_floor":["M","?","?","M","M","E","$","E","T","R","E","M","R","M","R","B",null,"M","$","?","M","?","R","E","R","T","?","T","E","$","?","R","B",null,"M","?","M","?","$","R","E","R","T","E","M","E"],"character_chosen":"THE_SILENT","items_purchased":["Sadistic Nature","Noxious Fumes","Snake Skull","Acrobatics","Noxious Fumes"],"campfire_rested":2,"item_purchase_floors":[7,19,30,30,39],"current_hp_per_floor":[59,52,52,52,52,52,52,32,32,32,10,10,29,19,19,17,54,48,48,48,48,48,48,37,37,37,33,33,19,19,19,34,25,56,56,56,56,56,56,66,15,49,49,44,44,0,0],"gold":142,"neow_bonus":"THREE_ENEMY_KILL","is_daily":false,"chose_seed":false,"campfire_upgraded":6,"win_rate":0.0,"timestamp":1611425590,"path_taken":["M","?","?","?","M","E","$","E","T","R","E","M","R","M","R","BOSS","M","$","?","M","?","R","E","R","T","?","?","E","$","?","R","BOSS","M","?","M","?","$","R","E","R","T","E","M","E"],"items_purchased_type":["Card","Card","Relic","Card","Card"],"build_version":"2020-12-22","purchased_purges":3,"victory":false,"max_hp_per_floor":[66,66,66,66,66,66,66,66,66,66,66,66,66,66,66,66,66,66,66,66,66,66,66,66,66,66,66,66,66,66,66,66,66,66,66,66,66,66,66,66,66,66,66,66,66,66,66],"relic_stats":{"Sozu":6,"counters":[23,98],"Sundial":[6],"Eternal Feather":40,"Snake Skull":[112],"War Paint":["Backflip","Defend_G"],"Question Card":8,"obtain_stats":[{"NeowsBlessing":0,"Vajra":41,"Oddly Smooth Stone":44,"Eternal Feather":29,"Snake Skull":30,"War Paint":20,"Question Card":27,"Empty Cage":34,"Akabeko":26,"Mercury Hourglass":8,"Sozu":17,"Bottled Flame":9,"Anchor":24,"Sundial":28,"WingedGreaves":36,"TungstenRod":27,"Ring of the Snake":0},{"NeowsBlessing":0,"Vajra":20,"Oddly Smooth Stone":21,"Eternal Feather":15,"Snake Skull":15,"War Paint":10,"Question Card":14,"Empty Cage":16,"Akabeko":12,"Mercury Hourglass":5,"Sozu":9,"Bottled Flame":5,"Anchor":12,"Sundial":14,"WingedGreaves":18,"TungstenRod":14,"Ring of the Snake":0},{"NeowsBlessing":0,"Vajra":80,"Oddly Smooth Stone":87,"Eternal Feather":53,"Snake Skull":53,"War Paint":33,"Question Card":49,"Empty Cage":62,"Akabeko":41,"Mercury Hourglass":8,"Sozu":30,"Bottled Flame":8,"Anchor":41,"Sundial":49,"WingedGreaves":71,"TungstenRod":49,"Ring of the Snake":0}],"TungstenRod":10,"Ring of the Snake":[46],"Mercury Hourglass":[347]},"card_choices":[{"not_picked":["Quick Slash","Flying Knee"],"picked":"Bouncing Flask","floor":1.0},{"not_picked":["Concentrate","Masterful Stab"],"picked":"Deadly Poison","floor":4.0},{"not_picked":["Dagger Throw","All Out Attack"],"picked":"Dagger Spray","floor":5.0},{"not_picked":["Finisher","Deadly Poison"],"picked":"Dash","floor":8.0},{"not_picked":["Blade Dance","Prepared"],"picked":"Glass Knife","floor":11.0},{"not_picked":["Underhanded Strike","Blur"],"picked":"Poisoned Stab","floor":12.0},{"not_picked":["Underhanded Strike","Slice"],"picked":"Backflip","floor":14.0},{"not_picked":["Glass Knife","Unload"],"picked":"Adrenaline","floor":16},{"not_picked":["Cloak And Dagger+1","Quick Slash"],"picked":"Leg Sweep+1","floor":18},{"not_picked":["Quick Slash+1","Dodge and Roll"],"picked":"Deadly Poison","floor":21},{"not_picked":["Setup","Poisoned Stab","Grand Finale"],"picked":"SKIP","floor":24},{"not_picked":["Bane+1","Blade Dance"],"picked":"Well Laid Plans","floor":27},{"not_picked":["Skewer","Dagger Throw","Well Laid Plans"],"picked":"Noxious Fumes","floor":29},{"not_picked":["Bullet Time","A Thousand Cuts","Envenom"],"picked":"Burst","floor":33},{"not_picked":["Riddle With Holes","Choke","Sucker Punch","Slice+1"],"picked":"SKIP","floor":35},{"not_picked":["Slice","Eviscerate+1","Cloak And Dagger"],"picked":"Sucker Punch+1","floor":36},{"not_picked":["Eviscerate+1","Prepared","Tactician+1"],"picked":"After Image","floor":37},{"not_picked":["Acrobatics","Bullet Time","Blade Dance"],"picked":"Blur","floor":41},{"not_picked":["Quick Slash","Concentrate","Skewer"],"picked":"Catalyst","floor":44},{"not_picked":["Bane+1","Flechettes","Dodge and Roll","Dagger Throw"],"picked":"SKIP","floor":45}],"player_experience":3939513,"relics_obtained":[{"floor":8.0,"key":"Mercury Hourglass"},{"floor":9.0,"key":"Bottled Flame"},{"floor":24,"key":"Anchor"},{"floor":26,"key":"Akabeko"},{"floor":27,"key":"TungstenRod"},{"floor":27,"key":"Question Card"},{"floor":28,"key":"Sundial"},{"floor":29,"key":"Eternal Feather"},{"floor":36,"key":"WingedGreaves"},{"floor":41,"key":"Vajra"},{"floor":44,"key":"Oddly Smooth Stone"}],"event_choices":[{"cards_removed":["Strike_G"],"damage_healed":0.0,"max_hp_gain":0.0,"max_hp_loss":0.0,"gold_gain":0.0,"event_name":"Golden Wing","player_choice":"Card Removal","floor":2.0,"gold_loss":0.0,"damage_taken":7.0},{"damage_healed":0.0,"max_hp_gain":0.0,"max_hp_loss":0.0,"gold_gain":275.0,"event_name":"Golden Shrine","player_choice":"Desecrate","floor":3.0,"gold_loss":0.0,"damage_taken":0.0,"cards_obtained":["Regret"]},{"damage_healed":0,"gold_gain":0,"player_choice":"Obtained Relic","damage_taken":0,"relics_obtained":["War Paint"],"max_hp_gain":0,"max_hp_loss":0,"event_name":"Addict","floor":20,"gold_loss":85},{"damage_healed":0,"gold_gain":0,"player_choice":"Smashed Altar","damage_taken":0,"max_hp_gain":0,"max_hp_loss":0,"event_name":"Forgotten Altar","floor":22,"gold_loss":0,"cards_obtained":["Decay"]},{"damage_healed":0,"gold_gain":0,"player_choice":"Fight","damage_taken":0,"max_hp_gain":0,"max_hp_loss":0,"event_name":"Colosseum","floor":27,"gold_loss":0},{"damage_healed":0,"gold_gain":0,"player_choice":"Fought Nobs","damage_taken":0,"max_hp_gain":0,"max_hp_loss":0,"event_name":"Colosseum","floor":27,"gold_loss":0},{"damage_healed":0,"gold_gain":0,"player_choice":"Ignored","damage_taken":0,"max_hp_gain":0,"max_hp_loss":0,"event_name":"Cursed Tome","floor":31,"gold_loss":0},{"damage_healed":0,"gold_gain":0,"player_choice":"Fight","damage_taken":0,"max_hp_gain":0,"max_hp_loss":0,"event_name":"MindBloom","floor":36,"gold_loss":0},{"damage_healed":0,"gold_gain":0,"player_choice":"Ignored","damage_taken":0,"max_hp_gain":0,"max_hp_loss":0,"event_name":"Tomb of Lord Red Mask","floor":38,"gold_loss":0}],"is_beta":false,"boss_relics":[{"not_picked":["Pandora\u0027s Box","Coffee Dripper"],"picked":"Sozu"},{"not_picked":["HoveringKite","Busted Crown"],"picked":"Empty Cage"}],"items_purged_floors":[7,19,39],"is_endless":false,"potions_floor_spawned":[4,5,8,16,21,29,35,41,44,45],"killed_by":"Giant Head","ascension_level":20}}