{"host":"pe2q1tocp309rrg9","time":1611379579,"event":{"mods":["2.2 Compatiblity","BaseMod","BetterRewards","Downfall","Ekko","Gremlin Mod","Hermit","Jorbs\u0027s Wanderer Trilogy","Minty Spire (QoL Compilation)","Quick Restart","Rare Cards Sparkle","Replay The Spire","StSLib","The Blue Laboratory","The Construct","The Hierophant","Uncapped"],"gold_per_floor":[209,103,118,118,133,133,167,167,167,167,185,203,237,251,251,349,349,368,387,399,417,437,437,468,468,491,501,501,515,60,77,77,177,177,187,187,187,205,0,0,20,20,47,64,64,13,13,33,33,33,33],"floor_reached":50,"language":"ENG","playtime":2232,"items_purged":[],"score":684,"play_id":"9d956a85-da68-4568-a8be-d173870654f9","local_time":"20210122232619","is_ascension_mode":true,"campfire_choices":[{"data":"Bane","floor":6.0,"key":"SMITH"},{"data":"Dodge and Roll","floor":8.0,"key":"SMITH"},{"data":"Deadly Poison","floor":10.0,"key":"SMITH"},{"floor":15.0,"key":"REST"},{"floor":23.0,"key":"REST"},{"data":"1","floor":25.0,"key":"LIFT"},{"floor":32.0,"key":"REST"},{"data":"2","floor":40.0,"key":"LIFT"},{"data":"3","floor":45.0,"key":"LIFT"},{"floor":49.0,"key":"REST"}],"circlet_count":0,"master_deck":["Strike_G","Strike_G","Strike_G","Strike_G","Strike_G","Defend_G","Defend_G","Defend_G","Defend_G","Defend_G","Survivor","Neutralize","Riddle With Holes+1","Deadly Poison+1","Bane+1","Backflip","Dodge and Roll+1","Hidden Blade","Slice","Slice","After Image","Footwork","Glass Knife","Poisoned Stab+1","Prepared","Catalyst+1","Dodge and Roll","Cloak And Dagger+1","Deadly Poison","Dodge and Roll+1","Atom Bomb","Dagger Spray+1","Deflect","Envenom","Dagger Throw+1","Deflect+1","Atom Bomb","Underhanded Strike","Deadly Poison","Prepared+1","Toxin Wave"],"relics":["Ring of the Snake","Incense Burner","Garlic","Girya","Runic Pyramid","Bottled Lightning","Dream Catcher","Sling","Replay:Rubber Ducky","Philosopher\u0027s Stone","Red Mask","Blue Doll"],"acts_visited":["Exordium","TheCity","TheBeyond"],"potions_floor_usage":[50,50],"damage_taken":[{"damage":1.0,"enemies":"Small Slimes","floor":1.0,"turns":4.0},{"damage":0.0,"enemies":"Cultist","floor":3.0,"turns":3.0},{"damage":2.0,"enemies":"2 Louse","floor":5.0,"turns":2.0},{"damage":13.0,"enemies":"Gremlin Nob","floor":7.0,"turns":4.0},{"damage":1.0,"enemies":"Looter","floor":11.0,"turns":3.0},{"damage":0.0,"enemies":"Large Slime","floor":12.0,"turns":4.0},{"damage":28.0,"enemies":"3 Sentries","floor":13.0,"turns":11.0},{"damage":0.0,"enemies":"2 Fungi Beasts","floor":14.0,"turns":2.0},{"damage":40.0,"enemies":"Slime Boss","floor":16.0,"turns":16.0},{"damage":1.0,"enemies":"Shell Parasite","floor":18.0,"turns":7.0},{"damage":0.0,"enemies":"3 Byrds","floor":19.0,"turns":6.0},{"damage":17.0,"enemies":"3 Cultists","floor":20.0,"turns":8.0},{"damage":7.0,"enemies":"Centurion and Healer","floor":21.0,"turns":7.0},{"damage":14.0,"enemies":"Cultist and Chosen","floor":22.0,"turns":7.0},{"damage":12.0,"enemies":"Book of Stabbing","floor":24.0,"turns":7.0},{"damage":2.0,"enemies":"Snake Plant","floor":27.0,"turns":4.0},{"damage":3.0,"enemies":"Snecko","floor":29.0,"turns":4.0},{"damage":0.0,"enemies":"Centurion and Healer","floor":31.0,"turns":8.0},{"damage":23.0,"enemies":"Pondfish","floor":33.0,"turns":9.0},{"damage":0.0,"enemies":"Orb Walker","floor":35.0,"turns":2.0},{"damage":2.0,"enemies":"3 Shapes","floor":38.0,"turns":5.0},{"damage":0.0,"enemies":"3 Darklings","floor":41.0,"turns":7.0},{"damage":7.0,"enemies":"Spire Growth","floor":44.0,"turns":5.0},{"damage":0.0,"enemies":"Transient","floor":48.0,"turns":5.0},{"damage":70,"enemies":"Time Eater","floor":50,"turns":10}],"seed_played":"-502376765781696502","potions_obtained":[{"floor":3.0,"key":"LiquidMemories"},{"floor":5.0,"key":"blueLaboratory:FrostheartPotion"},{"floor":13.0,"key":"hexamod:SoulburnPotion"},{"floor":16.0,"key":"blueLaboratory:NinjaPotion"},{"floor":22.0,"key":"Regen Potion"},{"floor":24.0,"key":"PowerPotion"},{"floor":27.0,"key":"Strength Potion"},{"floor":33.0,"key":"blueLaboratory:EnvenomedCoating"},{"floor":38.0,"key":"SkillPotion"},{"floor":41.0,"key":"EssenceOfSteel"}],"is_trial":false,"path_per_floor":["M","$","M","?","M","R","E","R","T","R","M","M","E","M","R","B",null,"M","M","M","M","M","R","E","R","T","M","?","M","$","M","R","B",null,"M","?","?","M","?","R","M","$","T","M","R","$","$","M","R","B"],"character_chosen":"THE_SILENT","items_purchased":["Deadly Poison","Bane","Atom Bomb","Sling","Replay:Rubber Ducky","Deadly Poison"],"campfire_rested":4,"item_purchase_floors":[2,2,30,30,30,46],"current_hp_per_floor":[69,69,69,69,67,67,54,54,54,54,53,53,25,25,46,6,70,69,69,52,45,31,52,55,55,55,53,53,50,50,50,70,47,70,70,70,70,68,68,68,68,68,68,61,61,61,61,61,70,0,0],"gold":33,"neow_bonus":"HUNDRED_GOLD","is_daily":false,"chose_seed":false,"campfire_upgraded":3,"win_rate":0.0,"timestamp":1611379579,"path_taken":["M","$","M","?","M","R","E","R","T","R","M","M","E","?","R","BOSS","M","?","M","M","M","R","E","R","T","M","?","M","$","M","R","BOSS","M","?","?","M","?","R","M","$","T","M","R","?","$","M","R","BOSS"],"items_purchased_type":["Card","Card","Card","Relic","Relic","Card"],"build_version":"2020-12-22","purchased_purges":0,"victory":false,"max_hp_per_floor":[70,70,70,70,70,70,70,70,70,70,70,70,70,70,70,70,70,70,70,70,70,70,70,70,70,70,70,70,70,70,70,70,70,70,70,70,70,70,70,70,70,70,70,70,70,70,70,70,70,70,70],"card_choices":[{"not_picked":["Flying Knee","ReplayTheSpireMod:Tripwire"],"picked":"Riddle With Holes","floor":1.0},{"not_picked":["Dodge and Roll","Wraith Form v2"],"picked":"Backflip","floor":3.0},{"not_picked":["Blade Dance","Prepared"],"picked":"Dodge and Roll","floor":5.0},{"not_picked":["Replay:Poison Smokescreen","Expertise"],"picked":"Hidden Blade","floor":7.0},{"not_picked":["Outmaneuver","PiercingWail"],"picked":"Slice","floor":11.0},{"not_picked":["Acrobatics","ReplayTheSpireMod:Shiv Toss"],"picked":"Slice","floor":12.0},{"not_picked":["Deadly Poison","Venomology"],"picked":"After Image","floor":13.0},{"not_picked":["Outmaneuver","Fluid Movement"],"picked":"Footwork","floor":14.0},{"not_picked":["Storm of Steel","Grand Finale"],"picked":"Glass Knife","floor":16.0},{"not_picked":["Blade Dance","Prepared"],"picked":"Poisoned Stab+1","floor":18.0},{"not_picked":["Cloak And Dagger","ReplayTheSpireMod:Tripwire"],"picked":"Prepared","floor":19.0},{"not_picked":["Deadly Poison","Backflip+1"],"picked":"Catalyst+1","floor":20.0},{"not_picked":["Terror","Riddle With Holes+1"],"picked":"Dodge and Roll","floor":21.0},{"not_picked":["Dodge and Roll","Calculated Gamble+1"],"picked":"Cloak And Dagger+1","floor":22.0},{"not_picked":["Hidden Blade","Underhanded Strike"],"picked":"Quick Slash","floor":24.0},{"not_picked":["PiercingWail+1","Dodge and Roll"],"picked":"Deadly Poison","floor":27.0},{"not_picked":["Flying Knee","Hidden Blade"],"picked":"Dodge and Roll+1","floor":29.0},{"not_picked":["Dagger Throw","Outmaneuver+1"],"picked":"Dagger Spray+1","floor":31.0},{"not_picked":["Wraith Form v2","Dagger Throw+1"],"picked":"Deflect","floor":32.0},{"not_picked":["Storm of Steel","Glass Knife"],"picked":"Envenom","floor":33.0},{"not_picked":["ReplayTheSpireMod:Exploit Weakness","Dagger Spray"],"picked":"Dagger Throw+1","floor":35.0},{"not_picked":["Quick Slash","Bane"],"picked":"Deflect+1","floor":38.0},{"not_picked":["Quick Slash","Underhanded Strike"],"picked":"Atom Bomb","floor":41.0},{"not_picked":["Masterful Stab+1","Choke+1"],"picked":"Underhanded Strike","floor":44.0},{"not_picked":["Calculated Gamble","Replay:Poison Smokescreen+1"],"picked":"Prepared+1","floor":48.0},{"not_picked":["Well Laid Plans","Outmaneuver"],"picked":"Toxin Wave","floor":49.0}],"player_experience":697106,"relics_obtained":[{"floor":7.0,"key":"Incense Burner"},{"floor":9.0,"key":"Garlic"},{"floor":13.0,"key":"Girya"},{"floor":24.0,"key":"Bottled Lightning"},{"floor":26.0,"key":"Dream Catcher"},{"floor":43.0,"key":"Blue Doll"}],"event_choices":[{"damage_healed":0.0,"max_hp_gain":0.0,"max_hp_loss":0.0,"gold_gain":0.0,"event_name":"Upgrade Shrine","player_choice":"Upgraded","floor":4.0,"gold_loss":0.0,"damage_taken":0.0,"cards_upgraded":["Riddle With Holes"]},{"cards_removed":["Quick Slash"],"damage_healed":0.0,"max_hp_gain":0.0,"max_hp_loss":0.0,"gold_gain":0.0,"event_name":"Falling","player_choice":"Removed Attack","floor":37.0,"gold_loss":0.0,"damage_taken":0.0},{"damage_healed":0.0,"max_hp_gain":0.0,"max_hp_loss":0.0,"gold_gain":0.0,"event_name":"Tomb of Lord Red Mask","player_choice":"Paid","floor":39.0,"gold_loss":205.0,"damage_taken":0.0,"relics_obtained":["Red Mask"]}],"is_beta":false,"boss_relics":[{"not_picked":["ReplayTheSpireMod:DimensionalGlitch","Replay:Wanted Poster"],"picked":"Runic Pyramid"},{"not_picked":["Replay:Drink Me","Runic Dome"],"picked":"Philosopher\u0027s Stone"}],"items_purged_floors":[],"is_endless":false,"potions_floor_spawned":[3,5,13,16,18,22,24,27,33,38,41],"killed_by":"Time Eater","ascension_level":1}}