{"host":"rb2p2z6v6vieend5","time":1611364784,"event":{"mods":["BaseMod","Block Reminder","Colored Map","DeckTracker","Highlight Path","Minty Spire (QoL Compilation)","Random Character Button","Relic Stats"],"gold_per_floor":[111,111,123,123,123,151,151,151,151,163,163,174,174,22,22,22,22],"floor_reached":16,"language":"ENG","playtime":763,"items_purged":[],"score":98,"play_id":"bfaf8f8d-c0cc-4596-99c3-c405b51b6606","local_time":"20210123021944","is_ascension_mode":false,"campfire_choices":[{"data":"JustLucky","floor":8,"key":"SMITH"},{"floor":11,"key":"DIG"},{"data":"Nirvana","floor":13,"key":"SMITH"},{"floor":15,"key":"DIG"}],"circlet_count":0,"master_deck":["Strike_P","Strike_P","Strike_P","Strike_P","Defend_P","Defend_P","Defend_P","Defend_P","Eruption+1","Vigilance","JustLucky+1","Consecrate","FollowUp","Nirvana+1"],"relics":["PureWater","Omamori","Pear","Unceasing Top","Gremlin Horn","Shovel","Question Card","Anchor","Happy Flower"],"acts_visited":[],"potions_floor_usage":[6],"damage_taken":[{"damage":1,"enemies":"Jaw Worm","floor":1,"turns":4},{"damage":2,"enemies":"Small Slimes","floor":3,"turns":3},{"damage":9,"enemies":"3 Sentries","floor":6,"turns":7},{"damage":0,"enemies":"2 Louse","floor":10,"turns":2},{"damage":4,"enemies":"Looter","floor":12,"turns":3},{"damage":64,"enemies":"Hexaghost","floor":16,"turns":11}],"seed_played":"-198738004788700717","potions_obtained":[{"floor":1,"key":"Block Potion"}],"is_trial":false,"path_per_floor":["M","?","M","?","?","E","T","R","T","M","R","M","R","$","R","B"],"character_chosen":"WATCHER","items_purchased":["Anchor"],"campfire_rested":0,"item_purchase_floors":[14],"current_hp_per_floor":[71,71,69,69,76,67,67,67,67,67,67,63,63,63,63,0,0],"gold":22,"neow_bonus":"RANDOM_COMMON_RELIC","is_daily":false,"chose_seed":false,"campfire_upgraded":2,"win_rate":0.0,"timestamp":1611364784,"path_taken":["M","?","M","?","?","E","?","R","T","?","R","M","R","$","R","BOSS"],"items_purchased_type":["Relic"],"build_version":"2020-12-22","purchased_purges":0,"victory":false,"max_hp_per_floor":[72,72,72,72,82,82,82,82,82,82,82,82,82,82,82,82,82],"relic_stats":{"Shovel":2,"Gremlin Horn":[1,1],"Happy Flower":[3],"counters":[6,30],"Question Card":1,"obtain_stats":[{"Anchor":14,"Pear":5,"Shovel":9,"Gremlin Horn":7,"Happy Flower":15,"Omamori":0,"PureWater":0,"Question Card":11,"Unceasing Top":6},{"Anchor":5,"Pear":2,"Shovel":3,"Gremlin Horn":3,"Happy Flower":5,"Omamori":0,"PureWater":0,"Question Card":4,"Unceasing Top":3},{"Anchor":19,"Pear":7,"Shovel":14,"Gremlin Horn":14,"Happy Flower":19,"Omamori":0,"PureWater":0,"Question Card":16,"Unceasing Top":14}],"Unceasing Top":[0]},"card_choices":[{"not_picked":["Swivel","ThirdEye"],"picked":"JustLucky","floor":1},{"not_picked":["Indignation","EmptyFist"],"picked":"Consecrate","floor":3},{"not_picked":["WreathOfFlame","Fasting2"],"picked":"FollowUp","floor":6},{"not_picked":["Collect","Worship","SignatureMove"],"picked":"SKIP","floor":10},{"not_picked":["EmptyMind","ThirdEye","Pray"],"picked":"Nirvana","floor":12}],"player_experience":590976,"relics_obtained":[{"floor":6,"key":"Unceasing Top"},{"floor":7,"key":"Gremlin Horn"},{"floor":9,"key":"Shovel"},{"floor":11,"key":"Question Card"},{"floor":15,"key":"Happy Flower"}],"event_choices":[{"damage_healed":0,"gold_gain":0,"player_choice":"Grow","damage_taken":0,"max_hp_gain":0,"max_hp_loss":0,"event_name":"Living Wall","floor":2,"gold_loss":0,"cards_upgraded":["Eruption"]},{"damage_healed":0,"gold_gain":0,"player_choice":"Ignored","damage_taken":0,"max_hp_gain":0,"max_hp_loss":0,"event_name":"Liars Game","floor":4,"gold_loss":0},{"damage_healed":0,"gold_gain":0,"player_choice":"Success","damage_taken":3,"relics_obtained":["Pear"],"max_hp_gain":0,"max_hp_loss":0,"event_name":"Scrap Ooze","floor":5,"gold_loss":0}],"is_beta":false,"boss_relics":[],"items_purged_floors":[],"is_endless":false,"potions_floor_spawned":[1],"killed_by":"Hexaghost","ascension_level":0}}