{"host":"xvcswx52z80fmg13","time":1611434354,"event":{"mods":["BaseMod","Colored Map","Colored Powertips","Highlight Path","Minty Spire (QoL Compilation)"],"gold_per_floor":[18,33,49,49,69,69,69,95,147,163,197,215,248,265,265,362,362,372,388,408,408,71,71,101,101,101,118,130,148,148,177,177,281,281,296,296,316,16,33,60,76,76,157,157,175,175,186,205,205,205,205,205,38,71,71],"floor_reached":56,"language":"ENG","playtime":5220,"items_purged":["Writhe","Defend_R+1"],"score":1295,"play_id":"5d12df1d-2efc-4292-b7df-a44f575eeb30","local_time":"20210123163914","is_ascension_mode":false,"campfire_choices":[{"data":"Bash","floor":7,"key":"SMITH"},{"data":"Rupture","floor":15,"key":"SMITH"},{"data":"Feed","floor":23,"key":"SMITH"},{"data":"Metallicize","floor":25,"key":"SMITH"},{"data":"Barricade","floor":32,"key":"SMITH"},{"floor":44,"key":"RECALL"},{"data":"Shrug It Off","floor":46,"key":"SMITH"},{"data":"Shrug It Off","floor":49,"key":"SMITH"},{"data":"Hemokinesis","floor":52,"key":"SMITH"}],"circlet_count":0,"master_deck":["Strike_R+1","Strike_R+1","Strike_R+1","Strike_R+1","Defend_R+1","Defend_R+1","Bash+1","Pommel Strike","Shrug It Off+1","Shrug It Off","Flex","Rupture+1","Metallicize+1","Flex","Shrug It Off+1","Brutality","Feed+1","Twin Strike+1","Barricade+1","Impervious+1","Hemokinesis+1","Madness+1","Madness+1","Exhume+1","Shrug It Off+1","Intimidate+1","Bloodletting+1","Shockwave+1","Ghostly Armor+1","Demon Form"],"relics":["Black Blood","Ice Cream","Self Forming Clay","MealTicket","Bottled Flame","Coffee Dripper","Charon\u0027s Ashes","Toxic Egg 2","Kunai","Happy Flower","InkBottle","Bronze Scales","Anchor","Meat on the Bone","White Beast Statue"],"acts_visited":["Exordium","TheCity","TheBeyond","TheEnding"],"potions_floor_usage":[8,11,16,16,28,28,28,33,40,54,55],"damage_taken":[{"damage":1,"enemies":"2 Louse","floor":1,"turns":3},{"damage":5,"enemies":"Small Slimes","floor":2,"turns":3},{"damage":6,"enemies":"Cultist","floor":3,"turns":3},{"damage":4,"enemies":"Blue Slaver","floor":5,"turns":5},{"damage":9,"enemies":"Lagavulin","floor":8,"turns":7},{"damage":24,"enemies":"Exordium Wildlife","floor":10,"turns":7},{"damage":16,"enemies":"3 Sentries","floor":11,"turns":7},{"damage":6,"enemies":"Large Slime","floor":12,"turns":6},{"damage":23,"enemies":"Lagavulin","floor":13,"turns":8},{"damage":0,"enemies":"2 Fungi Beasts","floor":14,"turns":4},{"damage":30,"enemies":"Hexaghost","floor":16,"turns":8},{"damage":6,"enemies":"Chosen","floor":18,"turns":6},{"damage":16,"enemies":"2 Thieves","floor":19,"turns":5},{"damage":23,"enemies":"Snecko","floor":20,"turns":8},{"damage":43,"enemies":"Slavers","floor":24,"turns":7},{"damage":15,"enemies":"Shelled Parasite and Fungi","floor":27,"turns":6},{"damage":2,"enemies":"Snake Plant","floor":28,"turns":4},{"damage":14,"enemies":"Chosen and Byrds","floor":29,"turns":6},{"damage":27,"enemies":"Gremlin Leader","floor":31,"turns":7},{"damage":6,"enemies":"Automaton","floor":33,"turns":10},{"damage":4,"enemies":"3 Darklings","floor":35,"turns":8},{"damage":1,"enemies":"3 Shapes","floor":37,"turns":6},{"damage":16,"enemies":"3 Darklings","floor":39,"turns":6},{"damage":22,"enemies":"Giant Head","floor":40,"turns":6},{"damage":8,"enemies":"Writhing Mass","floor":41,"turns":6},{"damage":16,"enemies":"Jaw Worm Horde","floor":45,"turns":6},{"damage":6,"enemies":"Sphere and 2 Shapes","floor":47,"turns":6},{"damage":13,"enemies":"Maw","floor":48,"turns":8},{"damage":21,"enemies":"Time Eater","floor":50,"turns":8},{"damage":25,"enemies":"Shield and Spear","floor":54,"turns":8},{"damage":32,"enemies":"The Heart","floor":55,"turns":10}],"seed_played":"6762850581964423226","potions_obtained":[{"floor":2,"key":"EssenceOfSteel"},{"floor":5,"key":"Explosive Potion"},{"floor":11,"key":"LiquidBronze"},{"floor":13,"key":"LiquidBronze"},{"floor":20,"key":"Regen Potion"},{"floor":24,"key":"Block Potion"},{"floor":27,"key":"EssenceOfSteel"},{"floor":29,"key":"Swift Potion"},{"floor":35,"key":"GamblersBrew"},{"floor":37,"key":"SteroidPotion"},{"floor":41,"key":"Explosive Potion"},{"floor":45,"key":"Swift Potion"}],"is_trial":false,"path_per_floor":["M","M","M","?","M","?","R","E","T","M","E","M","E","M","R","B",null,"M","M","M","?","$","R","E","R","T","M","M","M","?","E","R","B",null,"M","?","M","$","M","E","M","?","T","R","M","R","M","M","R","B",null,"R","$","E","B",null],"character_chosen":"IRONCLAD","items_purchased":["Toxic Egg 2","Bronze Scales","Exhume+1","Ghostly Armor+1"],"campfire_rested":0,"item_purchase_floors":[22,38,38,53],"current_hp_per_floor":[80,80,80,80,80,80,80,77,77,59,49,49,32,38,38,14,80,80,73,59,59,74,74,41,41,41,36,52,48,48,27,27,31,102,106,93,108,110,106,100,108,108,108,108,112,112,126,129,129,124,142,142,142,133,113],"gold":71,"neow_bonus":"ONE_RARE_RELIC","is_daily":false,"chose_seed":false,"campfire_upgraded":8,"win_rate":0.0,"timestamp":1611434354,"path_taken":["M","M","M","?","M","?","R","E","T","M","E","M","E","?","R","BOSS","M","M","M","?","$","R","E","R","T","M","M","M","?","E","R","BOSS","M","?","M","$","M","E","M","?","T","R","M","R","M","M","R","BOSS","R","$","E","BOSS"],"items_purchased_type":["Relic","Relic","Card","Card"],"build_version":"2020-12-22","purchased_purges":2,"victory":true,"max_hp_per_floor":[80,80,80,80,80,80,80,80,80,80,80,80,80,80,80,80,80,80,83,86,86,86,86,90,90,90,94,94,98,98,98,98,102,102,106,106,110,110,110,114,118,118,118,118,126,126,134,138,138,142,142,142,142,146,146],"card_choices":[{"not_picked":["Perfected Strike","Heavy Blade"],"picked":"Pommel Strike","floor":1},{"not_picked":["Warcry","Clash"],"picked":"Shrug It Off","floor":2},{"not_picked":["Pommel Strike","Headbutt"],"picked":"Shrug It Off","floor":3},{"not_picked":["Clothesline","Perfected Strike"],"picked":"Flex","floor":5},{"not_picked":["Bloodletting","Iron Wave"],"picked":"Metallicize","floor":8},{"not_picked":["Iron Wave","Anger"],"picked":"Flex","floor":10},{"not_picked":["Headbutt","Reaper","Bludgeon"],"picked":"SKIP","floor":11},{"not_picked":["Shockwave","Sentinel"],"picked":"Shrug It Off","floor":12},{"not_picked":["Cleave","Headbutt"],"picked":"Brutality","floor":13},{"not_picked":["Feel No Pain","Carnage","Dropkick"],"picked":"SKIP","floor":14},{"not_picked":["Bludgeon","Offering"],"picked":"Feed","floor":16},{"not_picked":["Perfected Strike","Seeing Red"],"picked":"Twin Strike+1","floor":18},{"not_picked":["Anger","Twin Strike","Searing Blow"],"picked":"SKIP","floor":19},{"not_picked":["Infernal Blade","Heavy Blade","Wild Strike"],"picked":"SKIP","floor":20},{"not_picked":["Thunderclap","Clash","Fire Breathing"],"picked":"SKIP","floor":24},{"not_picked":["Heavy Blade","Sword Boomerang+1","Body Slam"],"picked":"SKIP","floor":27},{"not_picked":["True Grit+1","Clothesline+1"],"picked":"Barricade","floor":28},{"not_picked":["Iron Wave","Havoc+1","Burning Pact+1"],"picked":"SKIP","floor":29},{"not_picked":["Exhume+1","Perfected Strike","Iron Wave"],"picked":"SKIP","floor":31},{"not_picked":["Bludgeon","Reaper"],"picked":"Impervious+1","floor":33},{"not_picked":["Clothesline","Hemokinesis","Cleave"],"picked":"SKIP","floor":35},{"not_picked":["Clothesline","Cleave"],"picked":"Hemokinesis","floor":35},{"not_picked":["Wild Strike","Dropkick+1","Warcry+1"],"picked":"SKIP","floor":37},{"not_picked":["Headbutt+1","Havoc+1"],"picked":"Shrug It Off+1","floor":39},{"not_picked":["Burning Pact+1","Clash+1"],"picked":"Intimidate+1","floor":40},{"not_picked":["Heavy Blade","Dark Embrace"],"picked":"Bloodletting+1","floor":41},{"not_picked":["Clothesline","Sword Boomerang","Thunderclap+1"],"picked":"SKIP","floor":45},{"not_picked":["Dropkick","Headbutt+1"],"picked":"Shockwave+1","floor":47},{"not_picked":["True Grit+1","Havoc+1","Clash"],"picked":"SKIP","floor":48},{"not_picked":["Thunderclap+1","Combust+1"],"picked":"Demon Form","floor":54}],"player_experience":1291245,"relics_obtained":[{"floor":8,"key":"Self Forming Clay"},{"floor":11,"key":"MealTicket"},{"floor":13,"key":"Bottled Flame"},{"floor":24,"key":"Kunai"},{"floor":26,"key":"Happy Flower"},{"floor":31,"key":"InkBottle"},{"floor":40,"key":"Anchor"},{"floor":43,"key":"Meat on the Bone"},{"floor":54,"key":"White Beast Statue"}],"event_choices":[{"damage_healed":0,"gold_gain":0,"player_choice":"Ignored","damage_taken":0,"max_hp_gain":0,"max_hp_loss":0,"event_name":"Liars Game","floor":4,"gold_loss":0},{"damage_healed":0,"gold_gain":0,"cards_transformed":["Defend_R"],"player_choice":"Transformed","damage_taken":0,"max_hp_gain":0,"max_hp_loss":0,"event_name":"Transmorgrifier","floor":6,"gold_loss":0,"cards_obtained":["Rupture"]},{"damage_healed":0,"gold_gain":0,"player_choice":"Opened","damage_taken":0,"relics_obtained":["Charon\u0027s Ashes"],"max_hp_gain":0,"max_hp_loss":0,"event_name":"The Mausoleum","floor":21,"gold_loss":0,"cards_obtained":["Writhe"]},{"damage_healed":0,"gold_gain":0,"player_choice":"Simplicity","damage_taken":0,"max_hp_gain":0,"max_hp_loss":0,"event_name":"Back to Basics","floor":30,"gold_loss":0,"cards_upgraded":["Strike_R","Strike_R","Strike_R","Strike_R","Strike_R","Defend_R","Defend_R","Defend_R"]},{"damage_healed":0,"gold_gain":0,"player_choice":"Embrace Madness","damage_taken":13,"max_hp_gain":0,"max_hp_loss":0,"event_name":"Winding Halls","floor":36,"gold_loss":0,"cards_obtained":["Madness","Madness"]},{"cards_removed":["Strike_R"],"damage_healed":0,"gold_gain":0,"player_choice":"Removed Attack","damage_taken":0,"max_hp_gain":0,"max_hp_loss":0,"event_name":"Falling","floor":42,"gold_loss":0}],"is_beta":false,"boss_relics":[{"not_picked":["Astrolabe","Sozu"],"picked":"Coffee Dripper"},{"not_picked":["Velvet Choker","Black Star"],"picked":"Black Blood"}],"items_purged_floors":[22,53],"is_endless":false,"potions_floor_spawned":[2,5,11,13,20,24,27,29,35,37,41,45],"ascension_level":0}}