{"host":"t1puqh5lxz8sp6fn","time":1611386715,"event":{"mods":["AchievementEnabler","BaseMod","Colored Powertips","Minty Spire (QoL Compilation)","Rare Cards Sparkle","Relic Stats","StSLib"],"gold_per_floor":[115,129,129,51,61,90,90,123,123,149,149,180,194,1,1,99,99,116,116,116,116,116,116,144,144,168,184,184,194,194,209,209,310,310,330,330,280,296,308,337,24,54,127,156,156,173,173,123,123,123,123,123,8,43,43,43],"floor_reached":55,"playtime":2468,"items_purged":["Strike_B","Auto Shields+1","Pain"],"score":1277,"play_id":"83765518-74f1-49b8-bad5-dc787f0bc619","local_time":"20210123042515","is_ascension_mode":true,"campfire_choices":[{"data":"Buffer","floor":7.0,"key":"SMITH"},{"floor":15.0,"key":"REST"},{"data":"Defragment","floor":23.0,"key":"SMITH"},{"floor":25.0,"key":"REST"},{"floor":32.0,"key":"REST"},{"floor":45.0,"key":"RECALL"},{"data":"Electrodynamics","floor":49.0,"key":"SMITH"},{"data":"Heatsinks","floor":52.0,"key":"SMITH"}],"circlet_count":0,"master_deck":["AscendersBane","Strike_B+1","Defend_B+1","Defend_B+1","Zap","Dualcast","Conserve Battery","Loop","Sweeping Beam","Buffer+1","FTL","Defragment+1","Machine Learning","Seek","Defragment+1","Lockon+1","Capacitor","Self Repair","Necronomicurse","Chill+1","Hologram","Compile Driver","Electrodynamics+1","Sunder+1","Echo Form","BootSequence","Steam Power+1","Heatsinks+1","Blizzard+1"],"relics":["Cracked Core","NeowsBlessing","PreservedInsect","Kunai","Singing Bowl","Smiling Mask","Astrolabe","Mummified Hand","Nunchaku","Necronomicon","Black Star","Letter Opener","Pantograph","Cables","Juzu Bracelet","Ancient Tea Set","The Courier","Vajra","Bag of Preparation","WarpedTongs","Frozen Eye","Orichalcum","Art of War"],"acts_visited":["Exordium","TheCity","TheBeyond","TheEnding"],"potions_floor_usage":[55],"damage_taken":[{"damage":0.0,"enemies":"Small Slimes","floor":1.0,"turns":1.0},{"damage":0.0,"enemies":"Cultist","floor":2.0,"turns":1.0},{"damage":0.0,"enemies":"2 Louse","floor":5.0,"turns":1.0},{"damage":23.0,"enemies":"Gremlin Nob","floor":6.0,"turns":4.0},{"damage":0.0,"enemies":"Lagavulin","floor":8.0,"turns":6.0},{"damage":0.0,"enemies":"Gremlin Nob","floor":10.0,"turns":3.0},{"damage":20.0,"enemies":"3 Sentries","floor":12.0,"turns":4.0},{"damage":0.0,"enemies":"Exordium Thugs","floor":13.0,"turns":5.0},{"damage":37.0,"enemies":"Hexaghost","floor":16.0,"turns":11.0},{"damage":32.0,"enemies":"2 Thieves","floor":18.0,"turns":4.0},{"damage":38.0,"enemies":"Slavers","floor":24.0,"turns":4.0},{"damage":0.0,"enemies":"Spheric Guardian","floor":27.0,"turns":4.0},{"damage":2.0,"enemies":"Centurion and Healer","floor":29.0,"turns":7.0},{"damage":0.0,"enemies":"Shelled Parasite and Fungi","floor":31.0,"turns":5.0},{"damage":14.0,"enemies":"Automaton","floor":33.0,"turns":10.0},{"damage":0.0,"enemies":"3 Shapes","floor":35.0,"turns":4.0},{"damage":18.0,"enemies":"3 Darklings","floor":38.0,"turns":5.0},{"damage":0.0,"enemies":"Maw","floor":39.0,"turns":7.0},{"damage":11.0,"enemies":"Giant Head","floor":40.0,"turns":6.0},{"damage":21.0,"enemies":"Nemesis","floor":42.0,"turns":5.0},{"damage":9.0,"enemies":"Reptomancer","floor":44.0,"turns":5.0},{"damage":14.0,"enemies":"Spire Growth","floor":46.0,"turns":4.0},{"damage":67.0,"enemies":"Time Eater","floor":50.0,"turns":9.0},{"damage":0.0,"enemies":"Shield and Spear","floor":54.0,"turns":4.0},{"damage":114,"enemies":"The Heart","floor":55,"turns":5}],"seed_played":"-2540174334018733368","potions_obtained":[{"floor":2.0,"key":"LiquidMemories"},{"floor":6.0,"key":"Explosive Potion"},{"floor":8.0,"key":"Energy Potion"},{"floor":11.0,"key":"PowerPotion"},{"floor":29.0,"key":"Ancient Potion"},{"floor":31.0,"key":"PowerPotion"},{"floor":38.0,"key":"Weak Potion"},{"floor":42.0,"key":"Strength Potion"}],"is_trial":false,"path_per_floor":["M","M","?","$","M","E","R","E","T","E","?","E","M","$","R","B",null,"M","?","?","?","?","R","E","R","T","M","?","M","?","M","R","B",null,"M","?","$","M","M","E","$","E","T","E","R","M","?","$","R","B",null,"R","$","E","B"],"character_chosen":"DEFECT","items_purchased":["Loop","Machine Learning","Cables","BootSequence","Frozen Eye"],"campfire_rested":3,"item_purchase_floors":[4,14,41,41,53],"current_hp_per_floor":[68,68,68,68,68,45,45,45,45,45,45,25,27,27,50,13,61,31,31,57,57,57,57,19,42,42,42,26,31,31,40,64,57,75,83,83,83,74,81,77,77,70,70,75,75,75,75,75,75,25,70,70,70,79,0,0],"gold":43,"neow_bonus":"THREE_ENEMY_KILL","is_daily":false,"chose_seed":false,"campfire_upgraded":4,"win_rate":0.0,"timestamp":1611386715,"path_taken":["M","M","?","$","?","E","R","E","T","E","?","E","M","$","R","BOSS","M","?","?","?","?","R","E","R","T","M","?","M","?","M","R","BOSS","M","?","$","M","M","E","$","E","T","E","R","M","?","$","R","BOSS","R","$","E","BOSS"],"items_purchased_type":["Card","Card","Relic","Card","Relic"],"build_version":"2020-12-13","purchased_purges":3,"victory":false,"max_hp_per_floor":[75,75,75,75,75,75,75,75,75,75,75,75,77,77,77,77,77,79,79,79,79,79,79,79,79,79,79,79,79,79,81,81,81,81,83,83,83,85,85,85,85,85,85,85,85,85,85,85,85,85,85,85,85,87,87,87],"relic_stats":{"Singing Bowl":12,"counters":[25,123],"Astrolabe":["Defragment","Auto Shields","Lockon"],"PreservedInsect":447,"Juzu Bracelet":0,"Bag of Preparation":[8],"Letter Opener":[60],"Orichalcum":[6],"Smiling Mask":125,"Cables":[28,18,10,0,0],"WarpedTongs":[18],"Nunchaku":[14],"Mummified Hand":[119],"Pantograph":18,"Necronomicon":[8],"Black Star":4,"Art of War":[1],"Kunai":[26],"obtain_stats":[{"NeowsBlessing":0,"Singing Bowl":10,"Astrolabe":17,"Vajra":44,"PreservedInsect":6,"The Courier":43,"Juzu Bracelet":42,"Bag of Preparation":44,"Letter Opener":40,"Orichalcum":54,"Smiling Mask":12,"Ancient Tea Set":42,"Cables":41,"WarpedTongs":47,"Frozen Eye":53,"Nunchaku":26,"Mummified Hand":24,"Pantograph":40,"Necronomicon":28,"Black Star":34,"Art of War":54,"Kunai":8,"Cracked Core":0},{"NeowsBlessing":0,"Singing Bowl":6,"Astrolabe":9,"Vajra":21,"PreservedInsect":4,"The Courier":20,"Juzu Bracelet":20,"Bag of Preparation":21,"Letter Opener":19,"Orichalcum":24,"Smiling Mask":7,"Ancient Tea Set":20,"Cables":19,"WarpedTongs":22,"Frozen Eye":23,"Nunchaku":11,"Mummified Hand":11,"Pantograph":19,"Necronomicon":12,"Black Star":15,"Art of War":24,"Kunai":5,"Cracked Core":0},{"NeowsBlessing":0,"Singing Bowl":16,"Astrolabe":36,"Vajra":101,"PreservedInsect":7,"The Courier":96,"Juzu Bracelet":96,"Bag of Preparation":101,"Letter Opener":91,"Orichalcum":118,"Smiling Mask":20,"Ancient Tea Set":96,"Cables":91,"WarpedTongs":105,"Frozen Eye":114,"Nunchaku":44,"Mummified Hand":44,"Pantograph":91,"Necronomicon":48,"Black Star":70,"Art of War":118,"Kunai":13,"Cracked Core":0}]},"card_choices":[{"not_picked":["Stack","Consume"],"picked":"Conserve Battery","floor":1.0},{"not_picked":["Cold Snap","BootSequence"],"picked":"Lockon","floor":2.0},{"not_picked":["Barrage","Conserve Battery"],"picked":"Sweeping Beam","floor":5.0},{"not_picked":["Reinforced Body","Melter"],"picked":"Buffer","floor":6.0},{"not_picked":["Hello World","Glacier"],"picked":"FTL","floor":8.0},{"not_picked":["Steam","Leap"],"picked":"Defragment","floor":10.0},{"not_picked":["Gash","Doom and Gloom"],"picked":"Leap","floor":12.0},{"not_picked":["Hologram","Gash","Go for the Eyes"],"picked":"Singing Bowl","floor":13.0},{"not_picked":["Machine Learning","Rainbow"],"picked":"Seek","floor":16.0},{"not_picked":["Hologram","Conserve Battery+1","Beam Cell"],"picked":"Singing Bowl","floor":18.0},{"not_picked":["Chaos","Streamline"],"picked":"Capacitor","floor":24.0},{"not_picked":["Stack","Static Discharge"],"picked":"Self Repair","floor":27.0},{"not_picked":["Go for the Eyes","Ball Lightning+1"],"picked":"Chill+1","floor":29.0},{"not_picked":["Lockon","Compile Driver","Beam Cell+1"],"picked":"Singing Bowl","floor":31.0},{"not_picked":["Fission","Echo Form"],"picked":"Electrodynamics","floor":33.0},{"not_picked":["Leap","Cold Snap+1","Stack"],"picked":"Singing Bowl","floor":35.0},{"not_picked":["Skim","Leap","Cold Snap+1"],"picked":"Singing Bowl","floor":38.0},{"not_picked":["Stack","Gash"],"picked":"Sunder+1","floor":39.0},{"not_picked":["Darkness","Auto Shields+1"],"picked":"Echo Form","floor":40.0},{"not_picked":["Rebound+1","Stack+1"],"picked":"Steam Power+1","floor":42.0},{"not_picked":["Go for the Eyes+1","Leap+1"],"picked":"Heatsinks","floor":44.0},{"not_picked":["Hologram","Stack+1"],"picked":"Blizzard+1","floor":46.0},{"not_picked":["Echo Form","Stack","Coolheaded"],"picked":"Singing Bowl","floor":54.0}],"player_experience":446799,"relics_obtained":[{"floor":6.0,"key":"PreservedInsect"},{"floor":8.0,"key":"Kunai"},{"floor":10.0,"key":"Singing Bowl"},{"floor":12.0,"key":"Smiling Mask"},{"floor":24.0,"key":"Mummified Hand"},{"floor":26.0,"key":"Nunchaku"},{"floor":28.0,"key":"Necronomicon"},{"floor":40.0,"key":"Letter Opener"},{"floor":40.0,"key":"Pantograph"},{"floor":42.0,"key":"Juzu Bracelet"},{"floor":42.0,"key":"Ancient Tea Set"},{"floor":43.0,"key":"The Courier"},{"floor":44.0,"key":"Vajra"},{"floor":44.0,"key":"Bag of Preparation"},{"floor":54.0,"key":"Orichalcum"},{"floor":54.0,"key":"Art of War"}],"event_choices":[{"cards_removed":["Strike_B"],"damage_healed":0.0,"max_hp_gain":0.0,"max_hp_loss":0.0,"gold_gain":0.0,"event_name":"Bonfire Elementals","player_choice":"Offered Basic","floor":3.0,"gold_loss":0.0,"damage_taken":0.0},{"damage_healed":0.0,"max_hp_gain":0.0,"max_hp_loss":0.0,"gold_gain":0.0,"event_name":"Lab","player_choice":"Got Potions","floor":11.0,"gold_loss":0.0,"damage_taken":0.0},{"damage_healed":0.0,"max_hp_gain":0.0,"max_hp_loss":0.0,"gold_gain":0.0,"event_name":"Ghosts","player_choice":"Ignored","floor":19.0,"gold_loss":0.0,"damage_taken":0.0},{"damage_healed":26.0,"max_hp_gain":0.0,"max_hp_loss":0.0,"gold_gain":0.0,"event_name":"The Library","player_choice":"Heal","floor":20.0,"gold_loss":0.0,"damage_taken":0.0},{"damage_healed":0.0,"max_hp_gain":0.0,"max_hp_loss":0.0,"gold_gain":0.0,"event_name":"Beggar","player_choice":"Ignored","floor":21.0,"gold_loss":0.0,"damage_taken":0.0},{"damage_healed":0.0,"max_hp_gain":0.0,"max_hp_loss":0.0,"gold_gain":0.0,"event_name":"Back to Basics","player_choice":"Simplicity","floor":22.0,"gold_loss":0.0,"damage_taken":0.0,"cards_upgraded":["Strike_B","Defend_B","Defend_B"]},{"damage_healed":0.0,"max_hp_gain":0.0,"max_hp_loss":0.0,"gold_gain":0.0,"event_name":"Cursed Tome","player_choice":"Obtained Book","floor":28.0,"gold_loss":0.0,"damage_taken":16.0},{"damage_healed":0.0,"max_hp_gain":0.0,"max_hp_loss":0.0,"gold_gain":0.0,"cards_transformed":["Leap","Lockon"],"event_name":"Drug Dealer","player_choice":"Became Test Subject","floor":30.0,"gold_loss":0.0,"damage_taken":0.0,"cards_obtained":["Hologram","Compile Driver"]},{"damage_healed":0.0,"max_hp_gain":0.0,"max_hp_loss":0.0,"gold_gain":0.0,"event_name":"Tomb of Lord Red Mask","player_choice":"Ignored","floor":36.0,"gold_loss":0.0,"damage_taken":0.0},{"damage_healed":0.0,"max_hp_gain":0.0,"max_hp_loss":0.0,"gold_gain":0.0,"event_name":"Accursed Blacksmith","player_choice":"Rummage","floor":47.0,"gold_loss":0.0,"damage_taken":0.0,"relics_obtained":["WarpedTongs"],"cards_obtained":["Pain"]}],"is_beta":false,"boss_relics":[{"not_picked":["SlaversCollar","Velvet Choker"],"picked":"Astrolabe"},{"not_picked":["Empty Cage","Nuclear Battery"],"picked":"Black Star"}],"items_purged_floors":[14,37,48],"is_endless":false,"potions_floor_spawned":[2,6,8,29,31,38,42,46,54],"killed_by":"The Heart","ascension_level":11}}