{"host":"34dziau2azxd7ce3","time":1611396988,"event":{"mods":["100% Spire Juice","Act Like it!","BaseMod","Gensokyo","Minty Spire (QoL Compilation)","Replay The Spire","RumiaBox-露米娅的神秘盒子","StSLib","SuperFastMode","TestMod","The Marked"],"gold_per_floor":[114,126,126,126,51,51,70,90,165,165,65,94,110,142,142,244,244,255,271,671,551,561,23,23,23,23,23,39,39,39,39],"floor_reached":30,"language":"ZHS","playtime":1128,"items_purged":["theMarked:Strike","theMarked:Strike"],"score":263,"play_id":"946b5732-083e-45ed-b3e3-8c30a1ae3bd3","local_time":"20210123181628","is_ascension_mode":false,"campfire_choices":[{"data":"theMarked:Improvise","floor":6,"key":"SMITH"},{"data":"theMarked:SoldierOfQuellstein","floor":10,"key":"SMITH"},{"data":"theMarked:TakeOffHeels","floor":15,"key":"SMITH"},{"floor":25,"key":"RECALL"}],"circlet_count":0,"master_deck":["theMarked:Strike","theMarked:Strike","theMarked:Strike","theMarked:Defend","theMarked:Defend","theMarked:Defend","theMarked:Defend","theMarked:SoldierOfQuellstein+1","theMarked:Improvise+1","theMarked:SelfDefenseTraining","theMarked:Opportunist","theMarked:TakeOffHeels+1","theMarked:Defy","theMarked:RogueSparks+1","Gensokyo:BlemishedSteel","Gensokyo:TarnishedGold","Gensokyo:Shovel","Gensokyo:DepletedGenerator","Reinforced Body","Pot Of Greed","Pot Of Greed"],"relics":["theMarked:ArtifactOfAir","testmod-TestBox","testmod-ArcanaOfDestiny","Replay:Wax Seal","Replay:Ringing Soul","White Beast Statue","testmod-EqualTreatment","Philosopher\u0027s Stone","Gensokyo:LionMask","Medical Kit","testmod-Register","Gremlin Food","Bottled Tornado","Gensokyo:RedStar","Grinning Jar"],"acts_visited":["Exordium","Gensokyo:Gensokyo"],"potions_floor_usage":[12,16,16,28,28,28,30],"damage_taken":[{"damage":0.0,"enemies":"Gensokyo:3_Fairies","floor":1.0,"turns":1.0},{"damage":0.0,"enemies":"Gensokyo:2_Kodama","floor":2.0,"turns":1.0},{"damage":0,"enemies":"Gensokyo:Gryphon","floor":7,"turns":1},{"damage":8,"enemies":"Gensokyo:VengefulSpirit","floor":8,"turns":3},{"damage":26,"enemies":"Gensokyo:Aya","floor":12,"turns":7},{"damage":0,"enemies":"Gensokyo:LivingMonolith","floor":13,"turns":2},{"damage":6,"enemies":"Gensokyo:Mamizou","floor":14,"turns":6},{"damage":16,"enemies":"Gensokyo:Yukari","floor":16,"turns":9},{"damage":4,"enemies":"Gensokyo:3_Dogs","floor":18,"turns":3},{"damage":6,"enemies":"Gensokyo:CosmicMonolith","floor":19,"turns":3},{"damage":0,"enemies":"Gensokyo:Chomper_and_Gloop","floor":22,"turns":3},{"damage":40,"enemies":"Gensokyo:Swordslinger","floor":28,"turns":4},{"damage":41,"enemies":"Gensokyo:Slime_Group","floor":30,"turns":3}],"seed_played":"8461236052966340145","potions_obtained":[{"floor":2.0,"key":"Block Potion"},{"floor":8,"key":"testmod-SpacePotion"},{"floor":13,"key":"Languid Potion"},{"floor":14,"key":"PowerPotion"},{"floor":16,"key":"Weak Potion"},{"floor":18,"key":"Fire Potion"},{"floor":19,"key":"SteroidPotion"},{"floor":22,"key":"Dexterity Potion"},{"floor":28,"key":"EssenceOfSteel"}],"is_trial":false,"path_per_floor":["M","M","?","?","$","R","M","M","T","R","$","E","M","E","R","B",null,"M","M","?","?","M","COS","?","R","T","?","M","?","M"],"character_chosen":"THE_DEFAULT","items_purchased":[],"campfire_rested":0,"item_purchase_floors":[],"current_hp_per_floor":[70,70,70,56,56,56,56,48,48,48,48,25,25,22,22,9,79,75,72,72,72,72,75,75,75,75,78,38,38,0,0],"gold":39,"neow_bonus":"THREE_ENEMY_KILL","is_daily":false,"chose_seed":false,"campfire_upgraded":3,"win_rate":0.0,"timestamp":1611396988,"path_taken":["M","M","?","?","?","R","?","M","T","R","$","E","M","E","R","BOSS","M","M","?","?","M","COS","?","R","T","?","?","?","?"],"items_purchased_type":[],"build_version":"2020-12-22","purchased_purges":2,"victory":false,"max_hp_per_floor":[70,70,70,70,70,70,70,70,70,70,70,73,73,76,76,79,79,79,82,82,82,82,85,79,79,79,82,82,82,85,85],"card_choices":[{"not_picked":["theMarked:WastefulDefense","theMarked:BanishingStrike","theMarked:Aftermath"],"picked":"SKIP","floor":1.0},{"not_picked":["theMarked:HeightenedSenses","theMarked:Parry"],"picked":"theMarked:Improvise","floor":2.0},{"not_picked":["theMarked:EmpowerWeapon","theMarked:TunnelVision","theMarked:ContemptForTheProud"],"picked":"SKIP","floor":7},{"not_picked":["theMarked:MaelstromOfLightning","theMarked:RepellingDischarge"],"picked":"theMarked:SelfDefenseTraining","floor":8},{"not_picked":["theMarked:HeritageOfTheMarked","theMarked:ChainLightning"],"picked":"theMarked:Opportunist","floor":12},{"not_picked":["theMarked:Static","theMarked:EmpowerWeapon","theMarked:RogueSparks"],"picked":"SKIP","floor":13},{"not_picked":["theMarked:ThrowWeapon","theMarked:Electrify"],"picked":"theMarked:TakeOffHeels","floor":14},{"not_picked":["theMarked:Abjuration","theMarked:ThrowWeapon"],"picked":"theMarked:Defy","floor":16},{"not_picked":["theMarked:ShockingTouch+1","theMarked:Static","theMarked:BanishingStrike"],"picked":"SKIP","floor":18},{"not_picked":["theMarked:LightningStrikesTwice","theMarked:Static+1"],"picked":"theMarked:RogueSparks+1","floor":19},{"not_picked":["theMarked:Improvise+1","theMarked:TwofoldDefense","theMarked:SwordAndMagic"],"picked":"SKIP","floor":22},{"not_picked":["theMarked:GodGivenPower","theMarked:Improvise","theMarked:AttractMetal"],"picked":"SKIP","floor":28},{"not_picked":["theMarked:GodGivenPower","theMarked:Improvise","theMarked:AttractMetal"],"picked":"SKIP","floor":28}],"player_experience":639400,"relics_obtained":[{"floor":9,"key":"Replay:Ringing Soul"},{"floor":12,"key":"White Beast Statue"},{"floor":14,"key":"testmod-EqualTreatment"},{"floor":26,"key":"Bottled Tornado"}],"event_choices":[{"damage_healed":0.0,"max_hp_gain":0.0,"max_hp_loss":0.0,"gold_gain":0.0,"event_name":"给自己的盒子","player_choice":"Ignored","floor":3.0,"gold_loss":0.0,"damage_taken":0.0},{"damage_healed":0,"gold_gain":400,"player_choice":"Sell","damage_taken":0,"max_hp_gain":0,"max_hp_loss":0,"event_name":"恩洛斯的盘子","floor":20,"relics_lost":["NeowsBlessing"],"gold_loss":0}],"is_beta":false,"boss_relics":[{"not_picked":["testmod-DreamHouse","ReplayTheSpireMod:DimensionalGlitch"],"picked":"Philosopher\u0027s Stone"}],"items_purged_floors":[5,11],"is_endless":false,"potions_floor_spawned":[2,8,13,14,16,18,19,22,28],"killed_by":"Gensokyo:Slime_Group","ascension_level":0}}