{"host":"baymyijz6sxaqj5s","time":1611363791,"event":{"mods":["AchievementEnabler","BaseMod","Colored Map","Colored Powertips","DeckTracker","Highlight Path","KOR Keyword Fix","Keyboard Shortcuts","Minty Spire (QoL Compilation)","StSLib","SuperFastMode","everything is the same but u backflip on backflip"],"gold_per_floor":[112,112,128,143,218,218,218,218,218,237,252,252,264,8,8,8,8],"floor_reached":16,"language":"KOR","playtime":245,"items_purged":[],"score":106,"play_id":"16a365f8-7d95-4a7a-be87-172a4d58b2c5","local_time":"20210123100311","is_ascension_mode":true,"campfire_choices":[{"data":"Spot Weakness","floor":6,"key":"SMITH"},{"data":"Burning Pact","floor":8,"key":"SMITH"},{"floor":12,"key":"REST"},{"floor":15,"key":"REST"}],"circlet_count":0,"master_deck":["Strike_R","Strike_R","Strike_R","Strike_R","Strike_R","Defend_R","Defend_R","Defend_R","Defend_R","Bash","Spot Weakness+1","Burning Pact+1"],"relics":["Burning Blood","Singing Bowl","Meat on the Bone"],"acts_visited":["Exordium"],"potions_floor_usage":[13],"damage_taken":[{"damage":1,"enemies":"Cultist","floor":1,"turns":3},{"damage":8,"enemies":"2 Louse","floor":3,"turns":2},{"damage":9,"enemies":"Jaw Worm","floor":4,"turns":4},{"damage":12,"enemies":"Blue Slaver","floor":10,"turns":5},{"damage":38,"enemies":"Exordium Wildlife","floor":11,"turns":7},{"damage":26,"enemies":"Lots of Slimes","floor":13,"turns":4},{"damage":0,"enemies":"The Guardian","floor":16,"turns":1}],"seed_played":"7515330017155426611","potions_obtained":[{"floor":3,"key":"GamblersBrew"},{"floor":10,"key":"GamblersBrew"},{"floor":11,"key":"HeartOfIron"},{"floor":13,"key":"BlessingOfTheForge"}],"is_trial":false,"path_per_floor":["M","?","M","M","?","R","$","R","T","M","M","R","M","$","R","B"],"character_chosen":"IRONCLAD","items_purchased":["Meat on the Bone"],"campfire_rested":2,"item_purchase_floors":[14],"current_hp_per_floor":[88,88,86,83,72,72,72,72,72,68,38,65,47,47,75,75,75],"gold":8,"neow_bonus":"TEN_PERCENT_HP_BONUS","is_daily":false,"chose_seed":false,"campfire_upgraded":2,"win_rate":0.0,"timestamp":1611363791,"path_taken":["M","?","M","M","?","R","?","R","T","M","M","R","M","$","R","BOSS"],"items_purchased_type":["Relic"],"build_version":"2020-12-22","purchased_purges":0,"victory":false,"max_hp_per_floor":[88,88,88,88,88,88,88,88,88,90,92,92,94,94,94,94,94],"card_choices":[{"not_picked":["Clash","Twin Strike","Havoc"],"picked":"SKIP","floor":1},{"not_picked":["True Grit","Shrug It Off"],"picked":"Spot Weakness","floor":3},{"not_picked":["Iron Wave","Warcry"],"picked":"Burning Pact","floor":4},{"not_picked":["Cleave","Hemokinesis","Uppercut"],"picked":"Singing Bowl","floor":10},{"not_picked":["Perfected Strike","Wild Strike","True Grit"],"picked":"Singing Bowl","floor":11},{"not_picked":["Clothesline","True Grit","Shockwave"],"picked":"Singing Bowl","floor":13}],"player_experience":70066,"relics_obtained":[{"floor":9,"key":"Singing Bowl"}],"event_choices":[{"damage_healed":0,"gold_gain":0,"player_choice":"Ignored","damage_taken":0,"max_hp_gain":0,"max_hp_loss":0,"event_name":"Golden Idol","floor":2,"gold_loss":0},{"damage_healed":0,"gold_gain":75,"player_choice":"Gather Gold","damage_taken":11,"max_hp_gain":0,"max_hp_loss":0,"event_name":"World of Goop","floor":5,"gold_loss":0}],"is_beta":false,"boss_relics":[],"items_purged_floors":[],"is_endless":false,"potions_floor_spawned":[3,10,11,13],"killed_by":"The Guardian","ascension_level":3}}