{"host":"q1ejl7hv5l3527la","time":1611392722,"event":{"mods":["Aspiration","BaseMod","Better Third Choice","Colored Powertips","Downfall","Energized Spire","Highlight Path","Infinite Spire","Minty Spire (QoL Compilation)","Shop Mod","StSLib","The Cursed","The Jungle","The Runesmith"],"gold_per_floor":[64,64,18,38,51,51,86,106,106,106,121,138,17,28,28,129,129,142,31,45,60,80,80,109,109,135,135,165,177,177,137,137,137,137],"floor_reached":33,"language":"ENG","playtime":2195,"items_purged":[],"score":330,"play_id":"fc1b4630-49cd-4ef0-93df-b096207d4e00","local_time":"20210123030522","is_ascension_mode":true,"campfire_choices":[{"data":"Terror","floor":6,"key":"SMITH"},{"data":"Sucker Punch","floor":10,"key":"SMITH"},{"floor":15,"key":"REST"},{"floor":23,"key":"REST"},{"floor":25,"key":"REST"},{"floor":27,"key":"REST"},{"floor":30,"key":"REST"},{"floor":32,"key":"REST"}],"circlet_count":0,"master_deck":["Strike_G","Strike_G","Strike_G","Strike_G","Strike_G","Defend_G","Defend_G","Defend_G","Defend_G","Defend_G","Survivor","Strike_G","Sucker Punch+1","Flying Knee","Terror+1","Poisoned Stab","Endless Agony","Heel Hook","Masterful Stab","Expertise","Caltrops","Slice","Blade Dance","Envenom+1","Acrobatics","Footwork","Quick Slash","Backflip","PiercingWail+1","Finisher","Accuracy","Cloak And Dagger"],"relics":["energizedSpire:HugeHouse","Nunchaku","infinitespire:Bottled Soul","Bronze Scales","Black Star","Paper Crane","Potion Belt","Regal Pillow","Ancient Tea Set","Oddly Smooth Stone"],"acts_visited":["Exordium","TheCity"],"potions_floor_usage":[4,7,8,16,20,20,22,29],"damage_taken":[{"damage":0,"enemies":"2 Louse","floor":1,"turns":3},{"damage":1,"enemies":"Cultist","floor":4,"turns":4},{"damage":3,"enemies":"infinitespire:Voidling","floor":5,"turns":3},{"damage":0,"enemies":"Gremlin Nob","floor":7,"turns":3},{"damage":3,"enemies":"3 Louse","floor":8,"turns":3},{"damage":3,"enemies":"Red Slaver","floor":11,"turns":3},{"damage":0,"enemies":"2 Fungi Beasts","floor":12,"turns":2},{"damage":5,"enemies":"Looter","floor":14,"turns":2},{"damage":44,"enemies":"The Guardian","floor":16,"turns":8},{"damage":1,"enemies":"Chosen","floor":18,"turns":4},{"damage":8,"enemies":"Spheric Guardian","floor":20,"turns":3},{"damage":18,"enemies":"Snecko","floor":21,"turns":4},{"damage":21,"enemies":"Snake Plant","floor":22,"turns":4},{"damage":52,"enemies":"Gremlin Leader","floor":24,"turns":7},{"damage":41,"enemies":"Slavers","floor":28,"turns":6},{"damage":17,"enemies":"Centurion and Healer","floor":29,"turns":6},{"damage":78,"enemies":"Collector","floor":33,"turns":9}],"seed_played":"-1326507121058121279","potions_obtained":[{"floor":4,"key":"EntropicBrew"},{"floor":7,"key":"AttackPotion"},{"floor":14,"key":"AttackPotion"},{"floor":16,"key":"Energy Potion"},{"floor":21,"key":"hexamod:SoulburnPotion"},{"floor":29,"key":"Fruit Juice"}],"is_trial":false,"path_per_floor":["M","?","$","M","M","R","E","M","T","R","M","M","$","M","R","B",null,"M","$","M","M","M","R","E","R","T","R","E","M","R","?","R","B"],"character_chosen":"THE_SILENT","items_purchased":["Flying Knee","Caltrops","Slice","Footwork","LiquidBronze"],"campfire_rested":6,"item_purchase_floors":[3,13,13,19,19],"current_hp_per_floor":[65,65,65,64,61,61,61,58,58,58,55,55,55,50,65,21,65,64,64,56,38,17,36,7,26,26,60,19,7,43,43,70,0,0],"gold":137,"neow_bonus":"BOSS_RELIC","is_daily":false,"chose_seed":false,"campfire_upgraded":2,"win_rate":0.0,"timestamp":1611392722,"path_taken":["M","?","$","M","M","R","E","?","T","R","?","M","$","M","R","BOSS","M","$","M","M","M","R","E","R","T","R","E","M","R","?","R","BOSS"],"items_purchased_type":["Card","Card","Card","Card","Potion"],"build_version":"2020-12-22","purchased_purges":0,"victory":false,"max_hp_per_floor":[65,65,65,65,65,65,65,65,65,65,65,65,65,65,65,65,65,65,65,65,65,65,65,65,65,65,65,65,70,70,70,70,70,70],"card_choices":[{"not_picked":["Dagger Spray","Deadly Poison"],"picked":"Sucker Punch","floor":1},{"not_picked":["Dash","Well Laid Plans"],"picked":"Terror","floor":4},{"not_picked":["Catalyst","Blur"],"picked":"Poisoned Stab","floor":5},{"not_picked":["Acrobatics","Bouncing Flask"],"picked":"Endless Agony","floor":7},{"not_picked":["Quick Slash","Dagger Throw"],"picked":"Heel Hook","floor":8},{"not_picked":["Bane","Poisoned Stab"],"picked":"Masterful Stab","floor":11},{"not_picked":["Poisoned Stab","Choke"],"picked":"Expertise","floor":12},{"not_picked":["Expertise","Eviscerate"],"picked":"Blade Dance","floor":14},{"not_picked":["Bullet Time","Corpse Explosion"],"picked":"Envenom","floor":16},{"not_picked":["Dagger Spray","Bane"],"picked":"Acrobatics","floor":18},{"not_picked":["Escape Plan","Sucker Punch"],"picked":"Quick Slash","floor":20},{"not_picked":["Dagger Throw+1","Outmaneuver"],"picked":"Backflip","floor":21},{"not_picked":["Tactician","Skewer"],"picked":"PiercingWail+1","floor":22},{"not_picked":["Acrobatics","Dagger Spray"],"picked":"Finisher","floor":24},{"not_picked":["Footwork","Escape Plan"],"picked":"Accuracy","floor":28},{"not_picked":["Poisoned Stab+1","Glass Knife"],"picked":"Cloak And Dagger","floor":29}],"player_experience":103088,"relics_obtained":[{"floor":7,"key":"infinitespire:Bottled Soul"},{"floor":9,"key":"Bronze Scales"},{"floor":24,"key":"Paper Crane"},{"floor":24,"key":"Potion Belt"},{"floor":26,"key":"Regal Pillow"},{"floor":28,"key":"Ancient Tea Set"},{"floor":28,"key":"Oddly Smooth Stone"}],"event_choices":[{"cards_removed":["Blade Dance"],"damage_healed":0,"gold_gain":0,"player_choice":"Gave Card","damage_taken":0,"relics_obtained":["Nunchaku"],"max_hp_gain":0,"max_hp_loss":0,"event_name":"WeMeetAgain","floor":2,"gold_loss":0},{"damage_healed":0,"gold_gain":0,"player_choice":"Upgrade","damage_taken":0,"max_hp_gain":0,"max_hp_loss":0,"event_name":"Designer","floor":31,"gold_loss":40,"cards_upgraded":["Envenom"]}],"is_beta":false,"boss_relics":[{"not_picked":["Coffee Dripper","Busted Crown"],"picked":"Black Star"}],"items_purged_floors":[],"is_endless":false,"potions_floor_spawned":[4,7,14,16,21,29],"killed_by":"Collector","ascension_level":1}}