{"host":"ylxam20yo7j5dy26","time":1611387517,"event":{"mods":["100% Spire Juice","ATMod(°¢èªMod)","Act Like it!","Aspiration","BaseMod","BetterRewards","Conspire","Defuse TimeMaze Blight","Energized Spire","Gensokyo","GungeonMod","Hubris","Infinite Spire","Marisa£¨ìFÓê¡¡Ä§ÀíÉ³£©","Minty Spire (QoL Compilation)","MostiFishMod","Quarter Circle Forward PUNCH!","Quick Restart","Reimu£¨²©ÀöÁéÃÎ£©","Remilia£¨ÀÙÃ×ÀòÑÇ£©","Replay The Spire","Robot Space Explorer","RumiaBox-Â¶Ã×æ«µÄÉñÃØºÐ×Ó","Spicy Shops","StSLib","The Jungle","The Runesmith","vexMod","¡¾¹¦ÄÜMod¡¿»ìãçÖ®»·ÐÞ¸´²¹¶¡","¡¾ÒÅÎï¿¨ÅÆ¡¿REMEMod"],"gold_per_floor":[34,48,48,223,223,256,256,269,269,296,324,324,324,335,335,439,439,439,439],"floor_reached":18,"language":"ZHS","playtime":1057,"items_purged":[],"score":170,"play_id":"2b1b1bff-1cc4-49bb-92d9-b809accb2867","local_time":"20210123153837","daily_mods":["Diverse","Colorless Cards"],"is_ascension_mode":false,"campfire_choices":[{"floor":7.0,"key":"REST"},{"floor":13.0,"key":"REST"},{"data":"OortCloud","floor":15,"key":"SMITH"},{"data":"hubris:MerchantsHand","floor":15,"key":"SMITH"}],"circlet_count":0,"master_deck":["Strike_R","Strike_G","Strike_B","hubris:Strike_Merchant","Defend_R","Defend_G","Defend_B","hubris:Defend_Merchant","hubris:MerchantsHand+1","hubris:MerchantsHand","AT_KneejerkReflex","REME_GrazeFinale","BasicCrystalCard","CutThroughFate","Doubt","Flame Barrier","Capacitor","Runesmith:HammerThrow","Moonworks:WindyEnchantment","OortCloud+1","Impervious"],"relics":["Smiling Mask","hubris:NiceRug","AT_ATBox","DaveBox","REME_ComplimentaryCards","ChiXiaoBlade","SynthV:TestCard","Turnip","DemoMod:ClearGuonStone","DemoMod:OrangeGuonStone","Replay:Arrowhead","hubris:Icosahedron","DemoMod:GlassGuonStoneRelic","REME_DuelDisc"],"acts_visited":["Exordium","TheCity"],"potions_floor_usage":[],"damage_taken":[{"damage":0.0,"enemies":"2 Louse","floor":1.0,"turns":2.0},{"damage":25.0,"enemies":"Jaw Worm","floor":2.0,"turns":4.0},{"damage":26.0,"enemies":"Gremlin Nob","floor":6.0,"turns":5.0},{"damage":0.0,"enemies":"infinitespire:Voidling","floor":8.0,"turns":4.0},{"damage":22.0,"enemies":"Lagavulin","floor":10.0,"turns":8.0},{"damage":0.0,"enemies":"Lots of Slimes","floor":11.0,"turns":5.0},{"damage":0,"enemies":"2 Fungi Beasts","floor":14,"turns":3},{"damage":30,"enemies":"Fading Forest","floor":16,"turns":11},{"damage":10,"enemies":"Shell Parasite","floor":18,"turns":1}],"seed_played":"4050569722710127601","potions_obtained":[{"floor":6.0,"key":"SpeedPotion"},{"floor":14,"key":"FearPotion"}],"is_trial":true,"path_per_floor":["M","M","$","?","T","E","R","M","T","E","M","?","R","M","R","B",null,"M"],"character_chosen":"IRONCLAD","items_purchased":[],"campfire_rested":2,"item_purchase_floors":[],"current_hp_per_floor":[75,50,50,50,50,24,46,46,46,24,24,24,46,46,46,36,75,65,65],"gold":439,"neow_bonus":"","is_daily":false,"chose_seed":false,"campfire_upgraded":2,"win_rate":0.0,"timestamp":1611387517,"path_taken":["M","M","$","?","?","E","R","?","T","E","?","?","R","M","R","BOSS","M"],"items_purchased_type":[],"build_version":"2020-12-22","purchased_purges":0,"victory":false,"max_hp_per_floor":[75,75,75,75,75,75,75,75,75,75,75,75,75,75,75,75,75,75,75],"card_choices":[{"not_picked":["AT_DiedThrough","DemoMod:DirectionalPad"],"picked":"BasicCrystalCard","floor":1.0},{"not_picked":["Gash","Body Slam","DemoMod:DoubleSwitch","Moonworks:CastOff"],"picked":"CutThroughFate","floor":2.0},{"not_picked":["UnstableBomb","Sadistic Nature","RedRainbow","Sucker Punch"],"picked":"Flame Barrier","floor":6.0},{"not_picked":["AT_ChampionStep","AT_RealFormLess","RobotSpaceExplorer:ScrapMissile","UnderTheZenith"],"picked":"Capacitor","floor":8.0},{"not_picked":["AT_ThistleTea","DemoMod:HuntsMan","Go for the Eyes","Moonworks:Flamethrower"],"picked":"Runesmith:HammerThrow","floor":10.0},{"not_picked":["RobotSpaceExplorer:FranticSearch","REME_MagicPocketWatch","REME_Cut","hubris:SlightOfHand"],"picked":"Moonworks:WindyEnchantment","floor":11.0},{"not_picked":["BloodHunter","AlertArray:ReiMu","FlyingSleeves","Nirvana"],"picked":"OortCloud","floor":14},{"not_picked":["MostiFishMod:InterfaceCompatibility","RobotSpaceExplorer:Arsenal","JA","aspiration:Lunge"],"picked":"Impervious","floor":16}],"player_experience":166859,"relics_obtained":[{"floor":1.0,"key":"SynthV:TestCard"},{"floor":5.0,"key":"Turnip"},{"floor":6.0,"key":"DemoMod:ClearGuonStone"},{"floor":9.0,"key":"DemoMod:OrangeGuonStone"},{"floor":10.0,"key":"Replay:Arrowhead"}],"event_choices":[{"damage_healed":0.0,"max_hp_gain":0.0,"max_hp_loss":0.0,"gold_gain":175.0,"event_name":"Liars Game","player_choice":"AGREE","floor":4.0,"gold_loss":0.0,"damage_taken":0.0,"cards_obtained":["Doubt"]}],"is_beta":false,"boss_relics":[{"not_picked":["ExusiaiGun","Sozu"],"picked":"REME_DuelDisc"}],"items_purged_floors":[],"is_endless":false,"potions_floor_spawned":[6,14],"killed_by":"Shell Parasite","ascension_level":0}}