{"host":"0qevis500jgmlc2v","time":1611395788,"event":{"mods":["ATMod(阿瑾Mod)","Act Like it!","Aspiration","BaseMod","Conspire","Energized Spire","Friendly Minions","GifTheSpireLib","Hubris","Minty Spire (QoL Compilation)","Pale of the Ancients","Quick Restart","Shop Mod","StSLib","vexMod","【功能Mod】聪明的最终Boss"],"gold_per_floor":[115,115,126,126,3,38,38,52,102,116,143,153,183,183,183,257,257,257,257],"floor_reached":18,"language":"ZHS","playtime":695,"items_purged":[],"score":440,"play_id":"2e364ee2-0e1e-4731-9185-88a5b45a0f9e","local_time":"20210123175628","is_ascension_mode":true,"campfire_choices":[{"data":"Eruption","floor":7.0,"key":"SMITH"},{"data":"ConjureBlade","floor":15.0,"key":"SMITH"}],"circlet_count":0,"master_deck":["AscendersBane","conspire:GhostlyStrike+1","conspire:GhostlyStrike","conspire:GhostlyStrike","conspire:GhostlyStrike","conspire:GhostlyDefend","conspire:GhostlyDefend","conspire:GhostlyDefend","conspire:GhostlyDefend","Eruption+1","Vigilance","WindmillStrike+1","Halt","Adaptation","EmptyMind","DeceiveReality","DeusExMachina","Crescendo","CutThroughFate","ConjureBlade+1","SpiritShield"],"relics":["PureWater","NeowsBlessing","hubris:Spice","hubris:OldNail","Odd Mushroom","hubris:CrackedHourglass"],"acts_visited":["TheCity"],"potions_floor_usage":[],"damage_taken":[{"damage":0.0,"enemies":"Small Slimes","floor":1.0,"turns":1.0},{"damage":0.0,"enemies":"conspire:RoseBush","floor":3.0,"turns":1.0},{"damage":0.0,"enemies":"Gremlin Nob","floor":6.0,"turns":1.0},{"damage":2.0,"enemies":"Jaw Worm","floor":8.0,"turns":3.0},{"damage":0.0,"enemies":"Blue Slaver","floor":10.0,"turns":4.0},{"damage":0.0,"enemies":"The Mushroom Lair","floor":11.0,"turns":3.0},{"damage":0.0,"enemies":"3 Louse","floor":12.0,"turns":1.0},{"damage":4.0,"enemies":"Lagavulin","floor":13.0,"turns":6.0},{"damage":25.0,"enemies":"Hexaghost","floor":16.0,"turns":5.0},{"damage":0,"enemies":"conspire:FuzzyDice","floor":18,"turns":1}],"seed_played":"1349510918206817064","potions_obtained":[{"floor":1.0,"key":"Swift Potion"},{"floor":11.0,"key":"SteroidPotion"},{"floor":13.0,"key":"Ancient Potion"},{"floor":16.0,"key":"BottledMiracle"}],"is_trial":false,"path_per_floor":["M","?","M","?","$","E","R","M","T","M","?","M","E","?","R","B",null,"M"],"character_chosen":"WATCHER","items_purchased":["Adaptation","EmptyMind"],"campfire_rested":0,"item_purchase_floors":[5,5],"current_hp_per_floor":[61,41,41,41,41,49,49,47,47,47,47,47,51,51,51,26,70,70,70],"gold":257,"neow_bonus":"THREE_ENEMY_KILL","is_daily":false,"chose_seed":false,"campfire_upgraded":2,"win_rate":0.0,"timestamp":1611395788,"path_taken":["M","?","M","?","?","E","R","M","T","M","?","M","E","?","R","BOSS","M"],"items_purchased_type":["Card","Card"],"build_version":"2020-12-22","purchased_purges":0,"victory":false,"max_hp_per_floor":[68,68,68,68,68,76,76,76,76,76,76,76,84,84,84,84,84,84,84],"card_choices":[{"not_picked":["DeceiveReality","Halt"],"picked":"WindmillStrike","floor":1.0},{"not_picked":["Prostrate","ThirdEye"],"picked":"Halt","floor":3.0},{"not_picked":["BowlingBash","FlurryOfBlows"],"picked":"DeceiveReality","floor":6.0},{"not_picked":["SandsOfTime","Adaptation"],"picked":"DeusExMachina","floor":8.0},{"not_picked":["Prostrate","FollowUp"],"picked":"Crescendo","floor":10.0},{"not_picked":["PathToVictory","DeceiveReality"],"picked":"CutThroughFate","floor":11.0},{"not_picked":["ThirdEye","Halt","Protect"],"picked":"SKIP","floor":12.0},{"not_picked":["CutThroughFate","Halt","LikeWater"],"picked":"SKIP","floor":13.0},{"not_picked":["hubris:SpiceAddiction","Scrawl"],"picked":"SpiritShield","floor":16.0}],"player_experience":754335,"relics_obtained":[{"floor":6.0,"key":"hubris:Spice"},{"floor":9.0,"key":"hubris:OldNail"},{"floor":11.0,"key":"Odd Mushroom"},{"floor":13.0,"key":"hubris:Spice"}],"event_choices":[{"damage_healed":0.0,"max_hp_gain":0.0,"max_hp_loss":0.0,"gold_gain":0.0,"event_name":"Shining Light","player_choice":"Entered Light","floor":2.0,"gold_loss":0.0,"damage_taken":20.0,"cards_upgraded":["WindmillStrike","Strike_P"]},{"damage_healed":0.0,"max_hp_gain":0.0,"max_hp_loss":0.0,"gold_gain":0.0,"event_name":"conspire:LoneGhost","player_choice":"Agree","floor":4.0,"gold_loss":0.0,"damage_taken":0.0},{"damage_healed":0.0,"max_hp_gain":0.0,"max_hp_loss":0.0,"gold_gain":0.0,"event_name":"Mushrooms","player_choice":"Fought Mushrooms","floor":11.0,"gold_loss":0.0,"damage_taken":0.0}],"is_beta":false,"boss_relics":[{"not_picked":["Empty Cage","hubris:Spice"],"picked":"hubris:CrackedHourglass"}],"items_purged_floors":[],"is_endless":false,"potions_floor_spawned":[1,11,13,16],"killed_by":"conspire:FuzzyDice","ascension_level":20}}