{"host":"wogey4gsknv4ot2d","time":1611423116,"event":{"mods":["2.2 Compatiblity","AchievementEnabler","Alarm Clock","BaseMod","Bestiary","Better Match","Better Third Choice","Colored Map","Colored Powertips","Googly Eyes","Key Reminder","Minty Spire (QoL Compilation)","Permanent Neow","Rare Cards Sparkle","Relic Stats","StSLib"],"gold_per_floor":[112,129,129,76,90,140,43,73,73,83,83,100,115,190,190,285,285,304,45,45,55,74,101,101,112,112,112,130,159,172,172,172],"floor_reached":31,"language":"ENG","playtime":1127,"items_purged":[],"score":279,"play_id":"05ef42c2-7205-4c73-9249-f9c627737f43","local_time":"20210123113156","is_ascension_mode":false,"campfire_choices":[{"floor":11,"key":"RECALL"},{"floor":15,"key":"REST"},{"floor":24,"key":"REST"},{"floor":27,"key":"REST"}],"circlet_count":0,"master_deck":["Strike_B","Strike_B","Defend_B","Defend_B","Defend_B","Defend_B","Zap","Dualcast","Melter","Auto Shields+1","Coolheaded","Glacier","Self Repair","Streamline","Streamline","Cold Snap+1","Steam","Coolheaded","Beam Cell","Conserve Battery","Cold Snap","Go for the Eyes+1"],"relics":["Cracked Core","TungstenRod","Eternal Feather","Torii","Empty Cage","Singing Bowl","Emotion Chip","Matryoshka","Toxic Egg 2"],"acts_visited":["Exordium","TheCity"],"potions_floor_usage":[8,13,23,29,31],"damage_taken":[{"damage":5,"enemies":"Small Slimes","floor":1,"turns":4},{"damage":0,"enemies":"Jaw Worm","floor":2,"turns":3},{"damage":5,"enemies":"Cultist","floor":5,"turns":3},{"damage":19,"enemies":"Lagavulin","floor":8,"turns":9},{"damage":6,"enemies":"Blue Slaver","floor":10,"turns":3},{"damage":10,"enemies":"Exordium Thugs","floor":12,"turns":4},{"damage":0,"enemies":"Red Slaver","floor":13,"turns":3},{"damage":22,"enemies":"Slime Boss","floor":16,"turns":19},{"damage":10,"enemies":"3 Byrds","floor":18,"turns":7},{"damage":0,"enemies":"Spheric Guardian","floor":21,"turns":3},{"damage":14,"enemies":"Centurion and Healer","floor":22,"turns":8},{"damage":52,"enemies":"Slavers","floor":23,"turns":10},{"damage":20,"enemies":"Snecko","floor":25,"turns":11},{"damage":8,"enemies":"Sentry and Sphere","floor":28,"turns":6},{"damage":54,"enemies":"Gremlin Leader","floor":29,"turns":8},{"damage":13,"enemies":"Shelled Parasite and Fungi","floor":30,"turns":10},{"damage":23,"enemies":"Book of Stabbing","floor":31,"turns":3}],"seed_played":"3363773054892843659","potions_obtained":[{"floor":1,"key":"ColorlessPotion"},{"floor":5,"key":"DuplicationPotion"},{"floor":12,"key":"PowerPotion"},{"floor":22,"key":"FearPotion"},{"floor":25,"key":"ColorlessPotion"},{"floor":29,"key":"CultistPotion"}],"is_trial":false,"path_per_floor":["M","M","?","$","M","T","$","E","T","M","R","M","M","?","R","B",null,"M","$","?","M","M","E","R","M","T","R","M","E","M","E"],"character_chosen":"DEFECT","items_purchased":["Coolheaded","Self Repair","Streamline","Singing Bowl"],"campfire_rested":3,"item_purchase_floors":[4,7,7,19],"current_hp_per_floor":[63,63,63,63,58,58,58,46,46,47,56,53,53,43,68,53,68,65,65,65,70,63,18,51,40,40,72,73,28,22,0,0],"gold":172,"neow_bonus":"ONE_RARE_RELIC","is_daily":false,"chose_seed":false,"campfire_upgraded":0,"win_rate":0.0,"timestamp":1611423116,"path_taken":["M","M","?","$","M","?","$","E","T","M","R","M","M","?","R","BOSS","M","$","?","M","?","E","R","M","T","R","M","E","M","E"],"items_purchased_type":["Card","Card","Card","Relic"],"build_version":"2020-12-22","purchased_purges":0,"victory":false,"max_hp_per_floor":[68,68,68,68,68,68,68,68,68,68,68,68,68,68,68,68,68,68,68,68,70,70,70,70,72,72,72,74,76,76,76,76],"relic_stats":{"Emotion Chip":[25,3,22,0,0],"Torii":47,"Singing Bowl":8,"counters":[17,114],"Eternal Feather":45,"obtain_stats":[{"keyreminder:keyreminder":6,"Emotion Chip":23,"Matryoshka":26,"Torii":9,"Singing Bowl":19,"Eternal Feather":8,"Toxic Egg 2":29,"Cracked Core":0,"Empty Cage":17,"TungstenRod":0},{"keyreminder:keyreminder":3,"Emotion Chip":12,"Matryoshka":13,"Torii":4,"Singing Bowl":9,"Eternal Feather":4,"Toxic Egg 2":15,"Cracked Core":0,"Empty Cage":8,"TungstenRod":0},{"keyreminder:keyreminder":10,"Emotion Chip":76,"Matryoshka":87,"Torii":19,"Singing Bowl":55,"Eternal Feather":19,"Toxic Egg 2":101,"Cracked Core":0,"Empty Cage":48,"TungstenRod":0}],"TungstenRod":64},"card_choices":[{"not_picked":["Steam Power","Gash"],"picked":"Melter","floor":1},{"not_picked":["Stack","FTL"],"picked":"Auto Shields","floor":2},{"not_picked":["Heatsinks","Redo"],"picked":"Glacier","floor":5},{"not_picked":["Fission","Hologram"],"picked":"Streamline","floor":8},{"not_picked":["Chaos","Hello World"],"picked":"Cold Snap","floor":10},{"not_picked":["Double Energy","Rebound"],"picked":"Steam","floor":12},{"not_picked":["Go for the Eyes","Skim"],"picked":"Coolheaded","floor":13},{"not_picked":["Ball Lightning","Recycle"],"picked":"Beam Cell","floor":18},{"not_picked":["Stack+1","Amplify","FTL"],"picked":"Singing Bowl","floor":21},{"not_picked":["Hologram","Leap"],"picked":"Conserve Battery","floor":22},{"not_picked":["Genetic Algorithm","Beam Cell"],"picked":"Cold Snap","floor":23},{"not_picked":["Streamline+1","Turbo+1","Double Energy"],"picked":"Singing Bowl","floor":25},{"not_picked":["Go for the Eyes","Turbo","Redo"],"picked":"Singing Bowl","floor":28},{"not_picked":["Meteor Strike","Ball Lightning","Amplify+1"],"picked":"Singing Bowl","floor":29},{"not_picked":["Darkness+1","Rebound"],"picked":"Go for the Eyes+1","floor":30}],"player_experience":76241,"relics_obtained":[{"floor":8,"key":"Eternal Feather"},{"floor":9,"key":"Torii"},{"floor":23,"key":"Emotion Chip"},{"floor":26,"key":"Matryoshka"},{"floor":29,"key":"Toxic Egg 2"}],"event_choices":[{"damage_healed":0,"gold_gain":0,"player_choice":"Grow","damage_taken":0,"max_hp_gain":0,"max_hp_loss":0,"event_name":"Living Wall","floor":3,"gold_loss":0,"cards_upgraded":["Auto Shields"]},{"damage_healed":0,"gold_gain":75,"player_choice":"Gold","damage_taken":11,"max_hp_gain":0,"max_hp_loss":0,"event_name":"betterThird:BetterGoop","floor":14,"gold_loss":0},{"damage_healed":0,"gold_gain":0,"player_choice":"Forge","damage_taken":0,"max_hp_gain":0,"max_hp_loss":0,"event_name":"Accursed Blacksmith","floor":20,"gold_loss":0,"cards_upgraded":["Cold Snap"]}],"is_beta":false,"boss_relics":[{"not_picked":["Philosopher\u0027s Stone","Ectoplasm"],"picked":"Empty Cage"}],"items_purged_floors":[],"is_endless":false,"potions_floor_spawned":[1,5,12,13,22,25,29],"killed_by":"Book of Stabbing","ascension_level":0}}