{"host":"4kmvpqjeiacgn1pr","time":1611367251,"event":{"mods":["AchievementEnabler","BaseMod","Better Altar","Better Match","Better Note","Better Sensory Stone","Better Skull","Better Third Choice","Colored Map","Colored Powertips","Highlight Path","Minty Spire (QoL Compilation)","Permanent Neow","Rare Cards Sparkle","Replay The Spire","Spicy Shops","StSLib"],"gold_per_floor":[366,366,541,491,512,553,34,34,59,147,218,252,266,266,266],"floor_reached":14,"language":"ENG","playtime":1359,"items_purged":["Pride"],"score":145,"play_id":"3d0868f7-d6a3-4219-a55a-44acfffeb6a0","local_time":"20210122210051","is_ascension_mode":true,"campfire_choices":[],"circlet_count":0,"master_deck":["Strike_R","Strike_R","Strike_R","Strike_R","Strike_R","Defend_R","Defend_R","Defend_R","Defend_R","Bash","Rupture","Shockwave","Dark Embrace","Impervious","Impervious","Burning Pact","Hemogenesis","Infernal Blade"],"relics":["Burning Blood","Golden Idol","Anchor","Bag of Preparation","Chemical X","DollysMirror","Akabeko","King of Hearts","Divine Protection","Dead Branch"],"acts_visited":["Exordium"],"potions_floor_usage":[5,6,12,12,12,12,12],"damage_taken":[{"damage":9,"enemies":"2 Louse","floor":1,"turns":3},{"damage":23,"enemies":"Jaw Worm","floor":5,"turns":4},{"damage":6,"enemies":"Lagavulin","floor":6,"turns":4},{"damage":8,"enemies":"3 Sentries","floor":12,"turns":10},{"damage":0,"enemies":"Small Slimes","floor":13,"turns":4},{"damage":37,"enemies":"Gremlin Nob","floor":14,"turns":6}],"seed_played":"9174896439940946276","potions_obtained":[{"floor":1,"key":"BloodPotion"},{"floor":5,"key":"ColorlessPotion"},{"floor":10,"key":"EntropicBrew"},{"floor":10,"key":"Flashbang"}],"is_trial":false,"path_per_floor":["M","?","?","?","M","E","$","?","T","?","T","E","M","E"],"character_chosen":"IRONCLAD","items_purchased":["Bag of Preparation","Chemical X","Impervious","DollysMirror"],"campfire_rested":0,"item_purchase_floors":[7,7,7,7],"current_hp_per_floor":[77,57,57,57,56,56,56,49,49,17,17,15,26,0,0],"gold":266,"neow_bonus":"TWO_FIFTY_GOLD","is_daily":false,"chose_seed":false,"campfire_upgraded":0,"win_rate":0.0,"timestamp":1611367251,"path_taken":["M","?","?","?","M","E","$","?","T","?","?","E","M","E"],"items_purchased_type":["Relic","Relic","Card","Relic"],"build_version":"2020-12-22","purchased_purges":1,"victory":false,"max_hp_per_floor":[80,80,80,80,80,80,80,80,80,80,80,80,80,80,80],"card_choices":[{"not_picked":["Anger","Battle Trance"],"picked":"Rupture","floor":1},{"not_picked":["Twin Strike","Spot Weakness"],"picked":"Shockwave","floor":5},{"not_picked":["Clothesline","Disarm"],"picked":"Dark Embrace","floor":6},{"not_picked":["Life Link","Run Through"],"picked":"Burning Pact","floor":10},{"not_picked":["Shockwave","Anger"],"picked":"Hemogenesis","floor":12},{"not_picked":["Flame Barrier","ReplayTheSpireMod:LeadingStrike"],"picked":"Infernal Blade","floor":13}],"player_experience":334784,"relics_obtained":[{"floor":6,"key":"Anchor"},{"floor":9,"key":"Akabeko"},{"floor":10,"key":"King of Hearts"},{"floor":11,"key":"Divine Protection"},{"floor":12,"key":"Dead Branch"}],"event_choices":[{"damage_healed":0,"gold_gain":0,"player_choice":"Take Damage","damage_taken":20,"relics_obtained":["Golden Idol"],"max_hp_gain":0,"max_hp_loss":0,"event_name":"Golden Idol","floor":2,"gold_loss":0},{"damage_healed":0,"gold_gain":175,"player_choice":"AGREE","damage_taken":366,"max_hp_gain":0,"max_hp_loss":0,"event_name":"betterThird:BetterSerpent","floor":3,"gold_loss":0},{"cards_removed":["Doubt"],"damage_healed":0,"gold_gain":0,"player_choice":"Card Removal","damage_taken":0,"max_hp_gain":0,"max_hp_loss":0,"event_name":"The Cleric","floor":4,"gold_loss":50},{"cards_removed":["Shame"],"damage_healed":0,"gold_gain":0,"player_choice":"Card Removal","damage_taken":7,"max_hp_gain":0,"max_hp_loss":0,"event_name":"Golden Wing","floor":8,"gold_loss":0}],"is_beta":false,"boss_relics":[],"items_purged_floors":[7],"is_endless":false,"potions_floor_spawned":[1,5],"killed_by":"Gremlin Nob","ascension_level":4}}