{"host":"ebj6lkgm8suah319","time":1611417538,"event":{"mods":["2.2 Compatiblity","AchievementEnabler","BaseMod","Block Reminder","Colored Map","Colored Powertips","Minty Spire (QoL Compilation)","Quick Restart","Rare Cards Sparkle","Relic Stats","SuperFastMode"],"gold_per_floor":[153,21,71,71,71,71,127,167,243,243,317,360,360,408,408,503,503,547,596,665,705,102,102,148,148,175,50,68,149,197,217,217,333,333,374,399,480,505,505],"floor_reached":38,"language":"ENG","playtime":1075,"items_purged":["Writhe","Strike_R","Shame"],"score":759,"play_id":"ef175370-ac4a-46dd-9eda-96d24c00aa2f","local_time":"20210123105858","is_ascension_mode":true,"campfire_choices":[{"data":"HandOfGreed","floor":6,"key":"SMITH"},{"data":"Sword Boomerang","floor":13,"key":"SMITH"},{"data":"Inflame","floor":15,"key":"SMITH"},{"data":"Spot Weakness","floor":23,"key":"SMITH"},{"data":"True Grit","floor":25,"key":"SMITH"},{"data":"Exhume","floor":32,"key":"SMITH"}],"circlet_count":0,"master_deck":["AscendersBane","Strike_R","Strike_R","Strike_R","Strike_R","Defend_R+1","Defend_R","Defend_R","Defend_R","Bash+1","HandOfGreed+1","Spot Weakness+1","Inflame+1","Thunderclap","Headbutt","Reaper","Sword Boomerang+1","Exhume","Shrug It Off+1","True Grit+1","Exhume+1","Clothesline+1","Reaper","Dropkick+1"],"relics":["Burning Blood","Golden Idol","Pen Nib","Shuriken","Kunai","Cursed Key","Red Mask","Ornamental Fan","Bronze Scales","War Paint","Eternal Feather","Black Star","Incense Burner"],"acts_visited":["Exordium","TheCity","TheBeyond"],"potions_floor_usage":[7,12,12,12,20,29,31,38],"damage_taken":[{"damage":4,"enemies":"2 Louse","floor":1,"turns":3},{"damage":10,"enemies":"Small Slimes","floor":3,"turns":3},{"damage":10,"enemies":"Gremlin Nob","floor":7,"turns":3},{"damage":0,"enemies":"Jaw Worm","floor":8,"turns":3},{"damage":18,"enemies":"Exordium Thugs","floor":11,"turns":3},{"damage":29,"enemies":"Lagavulin","floor":12,"turns":8},{"damage":17,"enemies":"Red Slaver","floor":14,"turns":5},{"damage":18,"enemies":"Slime Boss","floor":16,"turns":5},{"damage":13,"enemies":"3 Byrds","floor":18,"turns":6},{"damage":17,"enemies":"Shell Parasite","floor":19,"turns":4},{"damage":43,"enemies":"Masked Bandits","floor":20,"turns":5},{"damage":22,"enemies":"Snecko","floor":21,"turns":4},{"damage":12,"enemies":"Snake Plant","floor":24,"turns":3},{"damage":0,"enemies":"Chosen and Byrds","floor":28,"turns":4},{"damage":36,"enemies":"Slavers","floor":29,"turns":4},{"damage":55,"enemies":"Shelled Parasite and Fungi","floor":30,"turns":5},{"damage":24,"enemies":"Snake Plant","floor":31,"turns":3},{"damage":54,"enemies":"Automaton","floor":33,"turns":10},{"damage":53,"enemies":"3 Darklings","floor":35,"turns":10},{"damage":8,"enemies":"Orb Walker","floor":36,"turns":3},{"damage":87,"enemies":"2 Orb Walkers","floor":37,"turns":5},{"damage":20,"enemies":"4 Shapes","floor":38,"turns":2}],"seed_played":"-4033584590277773510","potions_obtained":[{"floor":1,"key":"FearPotion"},{"floor":7,"key":"EntropicBrew"},{"floor":14,"key":"PowerPotion"},{"floor":24,"key":"Regen Potion"},{"floor":29,"key":"LiquidBronze"},{"floor":35,"key":"EssenceOfSteel"}],"is_trial":false,"path_per_floor":["M","$","M","?","?","R","E","M","T","?","M","E","R","M","R","B",null,"M","M","?","M","$","R","M","R","T","$","M","E","M","M","R","B",null,"M","M","?","M"],"character_chosen":"IRONCLAD","items_purchased":["Fire Potion","Ornamental Fan","Bronze Scales","ColorlessPotion"],"campfire_rested":0,"item_purchase_floors":[2,22,22,22],"current_hp_per_floor":[70,70,66,66,71,71,67,73,73,73,61,51,51,40,40,28,62,67,62,61,52,52,52,46,46,46,46,73,65,36,35,47,41,65,64,73,20,0,0],"gold":505,"neow_bonus":"RANDOM_COLORLESS_2","is_daily":false,"chose_seed":false,"campfire_upgraded":6,"win_rate":0.0,"timestamp":1611417538,"path_taken":["M","$","M","?","?","R","E","M","T","?","M","E","R","M","R","BOSS","M","M","?","M","$","R","M","R","T","?","M","E","?","M","R","BOSS","M","M","?","M"],"items_purchased_type":["Potion","Relic","Relic","Potion"],"build_version":"2020-12-22","purchased_purges":3,"victory":false,"max_hp_per_floor":[75,75,75,68,73,73,73,73,73,73,73,73,73,73,73,73,73,73,73,73,73,73,73,73,73,73,73,73,73,73,73,73,73,73,73,73,73,73,73],"relic_stats":{"counters":[22,101],"Golden Idol":128,"Eternal Feather":12,"Pen Nib":[14],"War Paint":["Shrug It Off","Defend_R"],"Cursed Key":1,"Burning Blood":114,"Shuriken":[11],"Ornamental Fan":[32],"Bronze Scales":[169],"Black Star":0,"Kunai":[11],"obtain_stats":[{"Golden Idol":4,"Eternal Feather":29,"Pen Nib":7,"Incense Burner":37,"War Paint":26,"Cursed Key":17,"Burning Blood":0,"Shuriken":9,"Ornamental Fan":22,"Bronze Scales":22,"Red Mask":20,"Black Star":34,"Kunai":12},{"Golden Idol":2,"Eternal Feather":15,"Pen Nib":3,"Incense Burner":21,"War Paint":13,"Cursed Key":8,"Burning Blood":0,"Shuriken":4,"Ornamental Fan":12,"Bronze Scales":12,"Red Mask":11,"Black Star":18,"Kunai":6},{"Golden Idol":6,"Eternal Feather":63,"Pen Nib":9,"Incense Burner":99,"War Paint":55,"Cursed Key":33,"Burning Blood":0,"Shuriken":12,"Ornamental Fan":52,"Bronze Scales":52,"Red Mask":48,"Black Star":81,"Kunai":23}]},"card_choices":[{"not_picked":["Master of Strategy","Sadistic Nature"],"picked":"HandOfGreed","floor":0},{"not_picked":["Shrug It Off","Havoc"],"picked":"Spot Weakness","floor":1},{"not_picked":["Dark Embrace","Feel No Pain"],"picked":"Inflame","floor":3},{"not_picked":["Armaments","Second Wind"],"picked":"Thunderclap","floor":7},{"not_picked":["Fire Breathing","Cleave"],"picked":"Headbutt","floor":8},{"not_picked":["Reckless Charge","Clothesline"],"picked":"Reaper","floor":11},{"not_picked":["Flex","Dual Wield"],"picked":"Sword Boomerang","floor":12},{"not_picked":["Armaments","Body Slam","Combust"],"picked":"SKIP","floor":14},{"not_picked":["Juggernaut","Double Tap"],"picked":"Exhume","floor":16},{"not_picked":["Carnage","Clash+1"],"picked":"Shrug It Off","floor":18},{"not_picked":["Havoc","Searing Blow","Headbutt"],"picked":"SKIP","floor":19},{"not_picked":["Entrench","Heavy Blade+1"],"picked":"True Grit","floor":20},{"not_picked":["Combust","Cleave","Iron Wave"],"picked":"SKIP","floor":21},{"not_picked":["Sword Boomerang","True Grit","Reckless Charge"],"picked":"SKIP","floor":24},{"not_picked":["Wild Strike","Rampage+1","Carnage"],"picked":"SKIP","floor":28},{"not_picked":["Dropkick","Carnage+1"],"picked":"Exhume","floor":29},{"not_picked":["Clothesline","Iron Wave+1","Cleave"],"picked":"SKIP","floor":30},{"not_picked":["Rampage","Iron Wave"],"picked":"Clothesline+1","floor":31},{"not_picked":["Fiend Fire","Immolate"],"picked":"Reaper","floor":33},{"not_picked":["Body Slam","Wild Strike","Pummel"],"picked":"SKIP","floor":35},{"not_picked":["Twin Strike+1","Sword Boomerang","Combust"],"picked":"SKIP","floor":36},{"not_picked":["Perfected Strike","Flex+1"],"picked":"Dropkick+1","floor":37}],"player_experience":49635,"relics_obtained":[{"floor":7,"key":"Pen Nib"},{"floor":9,"key":"Shuriken"},{"floor":12,"key":"Kunai"},{"floor":20,"key":"Red Mask"},{"floor":26,"key":"War Paint"},{"floor":29,"key":"Eternal Feather"},{"floor":37,"key":"Incense Burner"}],"event_choices":[{"damage_healed":0,"gold_gain":0,"player_choice":"Lose Max HP","damage_taken":0,"relics_obtained":["Golden Idol"],"max_hp_gain":0,"max_hp_loss":7,"event_name":"Golden Idol","floor":4,"gold_loss":0},{"damage_healed":0,"gold_gain":0,"player_choice":"Donut","damage_taken":0,"max_hp_gain":5,"max_hp_loss":0,"event_name":"Big Fish","floor":5,"gold_loss":0},{"damage_healed":0,"gold_gain":0,"player_choice":"Grow","damage_taken":0,"max_hp_gain":0,"max_hp_loss":0,"event_name":"Living Wall","floor":10,"gold_loss":0,"cards_upgraded":["Bash"]},{"damage_healed":0,"gold_gain":0,"player_choice":"Fought Bandits","damage_taken":0,"max_hp_gain":0,"max_hp_loss":0,"event_name":"Masked Bandits","floor":20,"gold_loss":0},{"damage_healed":0,"gold_gain":0,"player_choice":"Fight","damage_taken":0,"max_hp_gain":0,"max_hp_loss":0,"event_name":"Mysterious Sphere","floor":37,"gold_loss":0}],"is_beta":false,"boss_relics":[{"not_picked":["SlaversCollar","Calling Bell"],"picked":"Cursed Key"},{"not_picked":["Philosopher\u0027s Stone","Empty Cage"],"picked":"Black Star"}],"items_purged_floors":[2,22,27],"is_endless":false,"potions_floor_spawned":[1,7,11,14,18,24,29,30,35,37],"killed_by":"4 Shapes","ascension_level":16}}