{"host":"22ezjknwheybwqtz","time":1611388085,"event":{"mods":["BaseMod","Minty Spire (QoL Compilation)","Replay The Spire","Shop Mod","StSLib"],"gold_per_floor":[111,127,127,127,127,140,157,157,172,172,172,203,203,203,203,233,233,330,330,349,349,372,391,407,407,435,452,452,108,383,395,407,407,407,511,511,528,528,42,58,112,112,112,112,112,138,151,151,166,184,184,184],"floor_reached":53,"language":"ENG","playtime":1988,"items_purged":["Strike_R","Strike_R"],"score":955,"play_id":"ba697f67-2e85-4940-93da-e2dd342e2103","local_time":"20210123154805","is_ascension_mode":true,"campfire_choices":[{"data":"Burning Pact","floor":8,"key":"SMITH"},{"data":"Flex","floor":13,"key":"SMITH"},{"floor":17,"key":"REST"},{"data":"Sword Boomerang","floor":25,"key":"SMITH"},{"floor":34,"key":"DIG"},{"data":"Infernal Blade","floor":42,"key":"SMITH"},{"data":"Sentinel","floor":44,"key":"SMITH"},{"data":"ReplayTheSpireMod:LeadingStrike","floor":48,"key":"SMITH"},{"data":"Battle Trance","floor":51,"key":"SMITH"}],"circlet_count":0,"master_deck":["Strike_R+1","Defend_R","Defend_R","Defend_R","Defend_R","Bash+1","Battle Trance+1","Iron Wave","Flex+1","Burning Pact+1","Headbutt+1","Impervious","Sentinel+1","Demon Form+1","Dual Wield+1","Sword Boomerang+1","Thunderclap","Cleave","Metallicize+1","ReplayTheSpireMod:Muscle Training+1","Regret","Infernal Blade+1","Bludgeon","Massacre+1","Wild Strike+1","Heavy Blade+1","ReplayTheSpireMod:LeadingStrike+1","Headbutt+1"],"relics":["Black Blood","Whetstone","Frozen Egg 2","Replay:WaspNest","Mercury Hourglass","MealTicket","Lantern","Ring of Fury","Ring of Peace","Blue Doll","Tiny Chest","Mango","Replay:Mystery Machine","Garlic","Ring of Chaos","CaptainsWheel","Question Card","TheAbacus","TungstenRod","Dream Catcher","Replay:Baseball"],"acts_visited":["Exordium","TheCity","TheBeyond"],"potions_floor_usage":[6,12,18,26,32,32,35,41,52,52],"damage_taken":[{"damage":14,"enemies":"2 Louse","floor":1,"turns":3},{"damage":3,"enemies":"Small Slimes","floor":2,"turns":3},{"damage":1,"enemies":"Jaw Worm","floor":6,"turns":4},{"damage":17,"enemies":"Exordium Thugs","floor":7,"turns":4},{"damage":14,"enemies":"Blue Slaver","floor":9,"turns":3},{"damage":27,"enemies":"3 Sentries","floor":12,"turns":7},{"damage":21,"enemies":"Lagavulin","floor":16,"turns":5},{"damage":10,"enemies":"Hexaghost","floor":18,"turns":9},{"damage":17,"enemies":"Spheric Guardian","floor":20,"turns":3},{"damage":7,"enemies":"Shell Parasite","floor":23,"turns":4},{"damage":6,"enemies":"Snecko","floor":24,"turns":4},{"damage":12,"enemies":"Gremlin Leader","floor":26,"turns":4},{"damage":16,"enemies":"Cultist and Chosen","floor":27,"turns":5},{"damage":16,"enemies":"Snake Plant","floor":31,"turns":3},{"damage":21,"enemies":"Centurion and Healer","floor":32,"turns":5},{"damage":39,"enemies":"Pondfish","floor":35,"turns":9},{"damage":23,"enemies":"3 Shapes","floor":37,"turns":4},{"damage":13,"enemies":"3 Darklings","floor":40,"turns":4},{"damage":25,"enemies":"2 Orb Walkers","floor":41,"turns":4},{"damage":31,"enemies":"Transient","floor":47,"turns":5},{"damage":9,"enemies":"4 Shapes","floor":49,"turns":3},{"damage":0,"enemies":"3 Darklings","floor":50,"turns":2},{"damage":73,"enemies":"Donu and Deca","floor":52,"turns":8}],"seed_played":"-5772263405890720727","potions_obtained":[{"floor":2,"key":"BlessingOfTheForge"},{"floor":6,"key":"Block Potion"},{"floor":7,"key":"Venom Potion"},{"floor":12,"key":"BlessingOfTheForge"},{"floor":18,"key":"Dexterity Potion"},{"floor":23,"key":"AttackPotion"},{"floor":31,"key":"AttackPotion"},{"floor":37,"key":"Energy Potion"},{"floor":49,"key":"Block Potion"},{"floor":50,"key":"Dexterity Potion"}],"is_trial":false,"path_per_floor":["M","M","PTL","PTL","?","M","M","R","M","?","T","E","R","?","T","E","R","B",null,"M","?","T","M","M","R","E","M","T","$","?","M","M","?","R","B",null,"M","T","$","M","?","R","$","R","T","T","M","R","M","M","R","B",null],"character_chosen":"IRONCLAD","items_purchased":["Metallicize+1","Replay:Mystery Machine","ReplayTheSpireMod:Muscle Training+1","Question Card","TheAbacus"],"campfire_rested":1,"item_purchase_floors":[29,29,29,39,39],"current_hp_per_floor":[72,75,75,75,72,77,66,66,58,58,58,37,37,37,37,22,46,42,80,75,75,75,80,80,80,80,76,90,94,94,90,81,81,81,54,94,83,83,94,93,80,80,94,94,94,94,75,75,78,90,90,29],"gold":184,"neow_bonus":"RANDOM_COMMON_RELIC","is_daily":false,"chose_seed":false,"campfire_upgraded":7,"win_rate":0.0,"timestamp":1611388085,"path_taken":["M","M","PTL","PTL","?","M","M","R","M","?","T","E","R","?","?","E","R","BOSS","M","?","?","M","M","R","E","M","T","$","?","M","?","?","R","BOSS","M","?","$","M","?","R","$","R","T","?","?","R","M","M","R","BOSS"],"items_purchased_type":["Card","Relic","Card","Relic","Relic"],"build_version":"2020-12-22","purchased_purges":2,"victory":true,"max_hp_per_floor":[80,80,80,80,80,80,80,80,80,80,80,80,80,80,80,80,80,80,80,80,80,80,80,80,80,80,80,94,94,94,94,94,94,94,94,94,94,94,94,94,94,94,94,94,94,94,94,94,94,94,94,94],"card_choices":[{"not_picked":["Armaments","Anger"],"picked":"Battle Trance","floor":1},{"not_picked":["Perfected Strike","Bloodletting"],"picked":"Iron Wave","floor":2},{"not_picked":["Bloodletting","Iron Wave"],"picked":"Flex","floor":6},{"not_picked":["Battle Trance","Heavy Blade"],"picked":"Burning Pact","floor":7},{"not_picked":["Flame Barrier","Clothesline","Entrench"],"picked":"SKIP","floor":9},{"not_picked":["Life Link+1","True Grit"],"picked":"Impervious","floor":12},{"not_picked":["Dual Wield","Life Link+1"],"picked":"Sentinel","floor":16},{"not_picked":["Demonic Infusion","Immolate"],"picked":"Demon Form+1","floor":18},{"not_picked":["Seeing Red+1","Iron Wave"],"picked":"Dual Wield+1","floor":20},{"not_picked":["Abandon","Thunderclap"],"picked":"Sword Boomerang","floor":23},{"not_picked":["Blood for Blood","ReplayReversal"],"picked":"Thunderclap","floor":24},{"not_picked":["Power Through","ReplayTheSpireMod:Muscle Training","Clash+1"],"picked":"SKIP","floor":26},{"not_picked":["ReplayTheSpireMod:Stacked+1","Heavy Blade"],"picked":"Cleave","floor":27},{"not_picked":["Run Through+1","Warcry"],"picked":"Infernal Blade","floor":31},{"not_picked":["Clash","Shrug It Off","Reckless Charge"],"picked":"SKIP","floor":32},{"not_picked":["Exhume","Fiend Fire"],"picked":"Bludgeon","floor":35},{"not_picked":["Body Slam","Run Through"],"picked":"Massacre+1","floor":37},{"not_picked":["Burning Pact","Shockwave+1","Rage+1"],"picked":"Wild Strike+1","floor":40},{"not_picked":["Rage+1","Defy Death+1","Searing Blow"],"picked":"Heavy Blade+1","floor":41},{"not_picked":["Shrug It Off+1","Warcry+1","Armaments+1"],"picked":"ReplayTheSpireMod:LeadingStrike","floor":47},{"not_picked":["Shrug It Off","Clash+1","ReplayReversal+1"],"picked":"Headbutt+1","floor":49},{"not_picked":["Second Wind+1","Life Link+1","Rampage+1","Wild Strike"],"picked":"SKIP","floor":50}],"player_experience":65372,"relics_obtained":[{"floor":11,"key":"Replay:WaspNest"},{"floor":12,"key":"Mercury Hourglass"},{"floor":15,"key":"MealTicket"},{"floor":16,"key":"Lantern"},{"floor":21,"key":"Ring of Fury"},{"floor":21,"key":"Ring of Peace"},{"floor":22,"key":"Blue Doll"},{"floor":26,"key":"Tiny Chest"},{"floor":28,"key":"Mango"},{"floor":34,"key":"Garlic"},{"floor":38,"key":"CaptainsWheel"},{"floor":41,"key":"TungstenRod"},{"floor":45,"key":"Dream Catcher"},{"floor":46,"key":"Replay:Baseball"}],"event_choices":[{"damage_healed":0,"gold_gain":0,"player_choice":"Success","damage_taken":3,"relics_obtained":["Frozen Egg 2"],"max_hp_gain":0,"max_hp_loss":0,"event_name":"Scrap Ooze","floor":5,"gold_loss":0},{"damage_healed":0,"gold_gain":275,"player_choice":"Desecrate","damage_taken":0,"max_hp_gain":0,"max_hp_loss":0,"event_name":"Golden Shrine","floor":30,"gold_loss":0,"cards_obtained":["Regret"]},{"damage_healed":0,"gold_gain":0,"player_choice":"Ignored","damage_taken":0,"max_hp_gain":0,"max_hp_loss":0,"event_name":"Ghosts","floor":33,"gold_loss":0},{"damage_healed":0,"gold_gain":0,"player_choice":"Fight","damage_taken":0,"max_hp_gain":0,"max_hp_loss":0,"event_name":"Mysterious Sphere","floor":41,"gold_loss":0}],"is_beta":false,"boss_relics":[{"not_picked":["Replay:Bronze Core","Painkiller Herb"],"picked":"Black Blood"},{"not_picked":["Philosopher\u0027s Stone","ChewingGum"],"picked":"Ring of Chaos"}],"items_purged_floors":[29,39],"is_endless":false,"potions_floor_spawned":[2,6,7,12,18,23,31,37,49,50],"ascension_level":1}}