{"host":"7k2a2omxz3voj5ax","time":1611369789,"event":{"mods":["BaseMod","Marisa£¨ìFÓê¡¡Ä§ÀíÉ³£©","Minty Spire (QoL Compilation)","Quick Restart","Spicy Shops","StSLib","Starting Relic: Pandora\u0027s Box","¡¾ÒÅÎï¿¨ÅÆ¡¿REMEMod","óô»ðÖ¸ÄÏ"],"gold_per_floor":[118,43,63,2277,1924,1924,1954,1954,1954,1972,1972,1992,2010,1745,1760,1780,667,740,740,755,775,792,805,730,406,417,417,417],"floor_reached":27,"language":"ZHS","playtime":887,"items_purged":["MysteriousBeam","UpSweep","ShootingEcho"],"score":442,"play_id":"806f1745-abe7-479a-a62f-8ff535ffc3ea","local_time":"20210123114309","is_ascension_mode":true,"campfire_choices":[{"data":"Ragnarok","floor":8,"key":"SMITH"}],"circlet_count":0,"master_deck":["AscendersBane","WitchLeyline","PropBag","PowerUp","ChargingUp","Ragnarok+1","GasGiant","SuperNova+1","BlazingStar+1","Mayhem+1"],"relics":["MiniHakkero","REME_ComplimentaryCards","NeowsBlessing","Frozen Egg 2","Strawberry","Whetstone","Pantograph","Coffee Dripper","TheAbacus","Art of War","Shuriken"],"acts_visited":["Exordium","TheCity"],"potions_floor_usage":[15,15,15],"damage_taken":[{"damage":0.0,"enemies":"2 Louse","floor":1.0,"turns":1.0},{"damage":0.0,"enemies":"Jaw Worm","floor":3.0,"turns":1.0},{"damage":0.0,"enemies":"Small Slimes","floor":4.0,"turns":1.0},{"damage":11,"enemies":"Gremlin Nob","floor":7,"turns":3},{"damage":0,"enemies":"Exordium Thugs","floor":10,"turns":2},{"damage":0,"enemies":"Lots of Slimes","floor":12,"turns":1},{"damage":0,"enemies":"2 Fungi Beasts","floor":13,"turns":1},{"damage":0,"enemies":"Blue Slaver","floor":15,"turns":2},{"damage":11,"enemies":"Looter","floor":16,"turns":2},{"damage":10,"enemies":"Slime Boss","floor":18,"turns":5},{"damage":12,"enemies":"3 Byrds","floor":20,"turns":2},{"damage":2,"enemies":"Chosen","floor":21,"turns":3},{"damage":0,"enemies":"3 Cultists","floor":22,"turns":2},{"damage":31,"enemies":"Shelled Parasite and Fungi","floor":23,"turns":2},{"damage":0,"enemies":"Snake Plant","floor":26,"turns":1},{"damage":34,"enemies":"Slavers","floor":27,"turns":1}],"seed_played":"-1082140400263164300","potions_obtained":[{"floor":1.0,"key":"Ancient Potion"},{"floor":10,"key":"EntropicBrew"},{"floor":18,"key":"ShroomBrew"},{"floor":22,"key":"REME_GoldPotion"}],"is_trial":false,"path_per_floor":["M","?","M","M","$","?","E","R","?","M","T","M","M","$","M","M","R","B",null,"M","M","M","M","?","R","M","E"],"character_chosen":"MARISA","items_purchased":["Frozen Egg 2","SuperNova+1","Whetstone","Pantograph","Mayhem+1","TheAbacus","Art of War"],"campfire_rested":0,"item_purchase_floors":[5,14,17,17,17,25,25],"current_hp_per_floor":[63,63,63,63,63,63,59,59,64,64,64,64,64,64,64,53,53,68,79,67,65,65,34,34,34,34,0,0],"gold":417,"neow_bonus":"THREE_ENEMY_KILL","is_daily":false,"chose_seed":false,"campfire_upgraded":1,"win_rate":0.0,"timestamp":1611369789,"path_taken":["M","?","M","M","$","?","E","R","?","M","T","M","?","?","M","M","R","BOSS","M","M","M","M","?","R","M","E"],"items_purchased_type":["Relic","Card","Relic","Relic","Card","Relic","Relic"],"build_version":"2020-12-22","purchased_purges":3,"victory":false,"max_hp_per_floor":[70,70,70,70,70,70,77,77,82,82,82,82,82,82,82,82,82,82,82,82,82,82,82,82,82,82,82,82],"card_choices":[{"not_picked":["NonDirectionalLaser","GalacticHalo"],"picked":"GasGiant","floor":1.0},{"not_picked":["GalacticHalo","SporeBomb","NonDirectionalLaser"],"picked":"SKIP","floor":3.0},{"not_picked":["MagicAbsorber","SporeBomb","Occultation"],"picked":"SKIP","floor":4.0},{"not_picked":["BinaryStars","LuminesStrike","MysteriousBeam"],"picked":"SKIP","floor":7},{"not_picked":["AsteroidBelt","LuminesStrike","Robbery"],"picked":"SKIP","floor":10},{"not_picked":["GrandCross","WitchLeyline","PowerUp"],"picked":"SKIP","floor":12},{"not_picked":["MilkyWay","SprinkleStarSeal","DragonMeteor"],"picked":"SKIP","floor":13},{"not_picked":["GrandCross","LuminesStrike","NonDirectionalLaser"],"picked":"SKIP","floor":15},{"not_picked":["AsteroidBelt","6A"],"picked":"BlazingStar","floor":16},{"not_picked":["MilkyWay","NonDirectionalLaser","LuminesStrike"],"picked":"SKIP","floor":20},{"not_picked":["ChargingUp","Acceleration","AsteroidBelt"],"picked":"SKIP","floor":21},{"not_picked":["GravityBeat","Robbery","Acceleration"],"picked":"SKIP","floor":22},{"not_picked":["MachineGunSpark","FairyDestructionRay","NonDirectionalLaser"],"picked":"SKIP","floor":23},{"not_picked":["UnstableBomb","WitchOfGreed+1","AsteroidBelt"],"picked":"SKIP","floor":26}],"player_experience":475470,"relics_obtained":[{"floor":7,"key":"Strawberry"}],"event_choices":[{"cards_removed":["MasterSpark"],"damage_healed":0.0,"max_hp_gain":0.0,"max_hp_loss":0.0,"gold_gain":0.0,"event_name":"The Cleric","player_choice":"Card Removal","floor":2.0,"gold_loss":75.0,"damage_taken":0.0},{"cards_removed":["GalacticHalo"],"damage_healed":0,"gold_gain":0,"player_choice":"Forget","damage_taken":0,"max_hp_gain":0,"max_hp_loss":0,"event_name":"Living Wall","floor":6,"gold_loss":0},{"damage_healed":0,"gold_gain":0,"player_choice":"Donut","damage_taken":0,"max_hp_gain":5,"max_hp_loss":0,"event_name":"Big Fish","floor":9,"gold_loss":0},{"cards_removed":["FairyDestructionRay"],"damage_healed":0,"gold_gain":0,"player_choice":"Gave Gold","damage_taken":0,"max_hp_gain":0,"max_hp_loss":0,"event_name":"Beggar","floor":24,"gold_loss":75}],"is_beta":false,"boss_relics":[{"not_picked":["Velvet Choker","REME_DuelDisc"],"picked":"Coffee Dripper"}],"items_purged_floors":[5,14,17],"is_endless":false,"potions_floor_spawned":[1,10,18,21,22,23],"killed_by":"Slavers","ascension_level":20}}