{"host":"TheHustler","time":1611399163,"event":{"mods":["BaseMod","Block Reminder","Colored Map","Colored Powertips","Minty Spire (QoL Compilation)","Quick Restart","StSLib","SuperFastMode","Unceasing Turn Reminder"],"gold_per_floor":[114,114,129,144,159,189,189,39,39,39,69,69,84,99,99,199,199,214,36,36,51,51,66,66,396,396,396,411,441,456,486,486,586,586,601,541,541,556,571,601,601,616,616,616,631,661,661,691,691,691],"floor_reached":51,"language":"ENG","playtime":1342,"items_purged":["Writhe"],"score":957,"play_id":"93f42603-3e8a-4106-9db1-fb6c706a4de7","local_time":"20210123115243","daily_mods":["Cursed Run","Purple Cards","DeadlyEvents"],"is_ascension_mode":false,"campfire_choices":[{"data":"Perfected Strike","floor":7,"key":"SMITH"},{"data":"Flame Barrier","floor":12,"key":"SMITH"},{"data":"Perfected Strike","floor":15,"key":"SMITH"},{"data":"Wish","floor":24,"key":"SMITH"},{"data":"Flex","floor":27,"key":"SMITH"},{"floor":32,"key":"REST"},{"floor":41,"key":"REST"},{"floor":44,"key":"REST"},{"floor":49,"key":"REST"}],"circlet_count":0,"master_deck":["Strike_R","Strike_R","Strike_R","Strike_R+1","Strike_R","Defend_R","Defend_R","Defend_R","Defend_R","Bash+1","Thunderclap","Flex+1","Flame Barrier+1","Perfected Strike+1","FollowUp","Perfected Strike+1","Wish+1","CurseOfTheBell","Spot Weakness+1","Sadistic Nature","Shame","Shrug It Off+1","Second Wind+1","Decay","Immolate","Dramatic Entrance+1","Panacea","Bandage Up","Iron Wave+1","True Grit","Shame","Dark Embrace+1","Regret","Pain"],"relics":["Cursed Key","Darkstone Periapt","Du-Vu Doll","Turnip","Omamori","InkBottle","Bag of Preparation","Calling Bell","Oddly Smooth Stone","Paper Frog","Pocketwatch","The Courier","Old Coin","Kunai","Toy Ornithopter","War Paint","Busted Crown","Red Skull","Peace Pipe","Whetstone","Singing Bowl","Orichalcum"],"acts_visited":["Exordium","TheCity","TheBeyond"],"potions_floor_usage":[18,23,25,50,50,50],"damage_taken":[{"damage":1,"enemies":"Jaw Worm","floor":1,"turns":3},{"damage":1,"enemies":"2 Louse","floor":3,"turns":2},{"damage":0,"enemies":"Cultist","floor":4,"turns":3},{"damage":18,"enemies":"Exordium Thugs","floor":5,"turns":5},{"damage":16,"enemies":"Lagavulin","floor":6,"turns":5},{"damage":9,"enemies":"3 Sentries","floor":11,"turns":6},{"damage":8,"enemies":"Exordium Wildlife","floor":13,"turns":4},{"damage":5,"enemies":"3 Louse","floor":14,"turns":2},{"damage":5,"enemies":"Hexaghost","floor":16,"turns":6},{"damage":10,"enemies":"3 Byrds","floor":18,"turns":3},{"damage":0,"enemies":"Spheric Guardian","floor":21,"turns":3},{"damage":15,"enemies":"Snake Plant","floor":23,"turns":3},{"damage":4,"enemies":"Book of Stabbing","floor":25,"turns":5},{"damage":2,"enemies":"Sentry and Sphere","floor":28,"turns":5},{"damage":22,"enemies":"Gremlin Leader","floor":29,"turns":6},{"damage":16,"enemies":"Cultist and Chosen","floor":30,"turns":5},{"damage":12,"enemies":"Slavers","floor":31,"turns":5},{"damage":45,"enemies":"Automaton","floor":33,"turns":11},{"damage":26,"enemies":"3 Darklings","floor":35,"turns":5},{"damage":3,"enemies":"Orb Walker","floor":38,"turns":3},{"damage":13,"enemies":"Writhing Mass","floor":39,"turns":4},{"damage":32,"enemies":"Nemesis","floor":40,"turns":7},{"damage":0,"enemies":"Transient","floor":42,"turns":5},{"damage":0,"enemies":"4 Shapes","floor":45,"turns":2},{"damage":16,"enemies":"Giant Head","floor":46,"turns":7},{"damage":71,"enemies":"Nemesis","floor":48,"turns":9},{"damage":53,"enemies":"Time Eater","floor":50,"turns":10}],"seed_played":"-4692305807027556167","potions_obtained":[{"floor":4,"key":"ElixirPotion"},{"floor":5,"key":"LiquidBronze"},{"floor":11,"key":"Weak Potion"},{"floor":16,"key":"Swift Potion"},{"floor":29,"key":"Strength Potion"},{"floor":30,"key":"FearPotion"},{"floor":31,"key":"HeartOfIron"},{"floor":38,"key":"LiquidBronze"}],"is_trial":false,"path_per_floor":["M","?","M","M","M","E","R","$","T","$","E","R","M","M","R","B",null,"M","$","?","M","$","M","R","E","T","R","M","E","M","E","R","B",null,"M","$","?","M","M","E","R","M","T","R","M","E","T","E","R","B",null],"character_chosen":"IRONCLAD","items_purchased":["Omamori","Sadistic Nature"],"campfire_rested":4,"item_purchase_floors":[8,19],"current_hp_per_floor":[79,79,78,78,60,44,44,44,44,44,35,35,27,22,22,17,86,76,76,82,82,82,67,67,63,69,69,67,45,29,17,46,7,104,78,78,68,65,56,28,59,63,69,102,102,90,96,31,66,38],"gold":691,"neow_bonus":"","is_daily":true,"chose_seed":false,"campfire_upgraded":5,"win_rate":0.0,"timestamp":1611399163,"path_taken":["M","?","M","M","M","E","R","$","T","$","E","R","?","M","R","BOSS","M","$","?","?","$","?","R","E","T","R","?","?","M","E","R","BOSS","M","$","?","M","M","E","R","M","T","R","M","E","?","E","R","BOSS"],"items_purchased_type":["Relic","Card"],"build_version":"2020-12-18","purchased_purges":1,"victory":true,"max_hp_per_floor":[80,80,80,80,80,80,80,80,80,80,80,80,80,80,80,80,86,86,86,92,92,92,92,92,92,98,98,98,98,98,98,98,104,104,104,104,104,104,104,104,104,104,110,110,110,110,116,118,118,124],"card_choices":[{"not_picked":["CrushJoints","Prostrate"],"picked":"Thunderclap","floor":1},{"not_picked":["Combust","Seeing Red"],"picked":"Flex","floor":3},{"not_picked":["FollowUp","Clash"],"picked":"Flame Barrier","floor":4},{"not_picked":["Halt","Warcry","True Grit"],"picked":"SKIP","floor":5},{"not_picked":["EmptyMind","Halt"],"picked":"Perfected Strike","floor":6},{"not_picked":["SignatureMove","Nirvana","Warcry"],"picked":"SKIP","floor":11},{"not_picked":["Warcry","FollowUp","Blasphemy"],"picked":"SKIP","floor":13},{"not_picked":["Warcry","Blasphemy"],"picked":"FollowUp","floor":13},{"not_picked":["Heavy Blade","EmptyMind"],"picked":"Perfected Strike","floor":14},{"not_picked":["Vault","Fiend Fire"],"picked":"Wish","floor":16},{"not_picked":["Wild Strike","Pommel Strike+1"],"picked":"Spot Weakness+1","floor":18},{"not_picked":["FearNoEvil","Anger","CarveReality"],"picked":"SKIP","floor":21},{"not_picked":["Feel No Pain+1","Battle Trance","Power Through"],"picked":"SKIP","floor":23},{"not_picked":["Dark Embrace","Halt","Consecrate"],"picked":"SKIP","floor":25},{"not_picked":["Heavy Blade","Flex"],"picked":"Shrug It Off","floor":28},{"not_picked":["Second Wind","BowlingBash","Hemokinesis"],"picked":"SKIP","floor":29},{"not_picked":["BowlingBash","Hemokinesis"],"picked":"Second Wind","floor":29},{"not_picked":["Collect","Exhume","FollowUp"],"picked":"SKIP","floor":30},{"not_picked":["Inflame+1","CutThroughFate","Blood for Blood"],"picked":"SKIP","floor":31},{"not_picked":["LessonLearned","Brutality"],"picked":"Immolate","floor":33},{"not_picked":["Consecrate+1"],"picked":"SKIP","floor":35},{"not_picked":[],"picked":"Dramatic Entrance","floor":37},{"not_picked":[],"picked":"Panacea","floor":37},{"not_picked":[],"picked":"Bandage Up","floor":37},{"not_picked":["Sword Boomerang"],"picked":"SKIP","floor":38},{"not_picked":["InnerPeace"],"picked":"SKIP","floor":39},{"not_picked":[],"picked":"Iron Wave+1","floor":40},{"not_picked":[],"picked":"True Grit","floor":42},{"not_picked":[],"picked":"Dark Embrace+1","floor":45},{"not_picked":["Iron Wave"],"picked":"SKIP","floor":46},{"not_picked":["CarveReality+1"],"picked":"Singing Bowl","floor":48}],"player_experience":644178,"relics_obtained":[{"floor":6,"key":"Turnip"},{"floor":9,"key":"InkBottle"},{"floor":11,"key":"Bag of Preparation"},{"floor":17,"key":"Oddly Smooth Stone"},{"floor":17,"key":"Paper Frog"},{"floor":17,"key":"Pocketwatch"},{"floor":25,"key":"Old Coin"},{"floor":26,"key":"Kunai"},{"floor":29,"key":"Toy Ornithopter"},{"floor":31,"key":"War Paint"},{"floor":40,"key":"Red Skull"},{"floor":43,"key":"Peace Pipe"},{"floor":46,"key":"Whetstone"},{"floor":47,"key":"Singing Bowl"},{"floor":48,"key":"Orichalcum"}],"event_choices":[{"damage_healed":0,"gold_gain":0,"player_choice":"Grow","damage_taken":0,"max_hp_gain":0,"max_hp_loss":0,"event_name":"Living Wall","floor":2,"gold_loss":0,"cards_upgraded":["Bash"]},{"damage_healed":0,"gold_gain":0,"player_choice":"Stole Relic","damage_taken":0,"relics_obtained":["The Courier"],"max_hp_gain":0,"max_hp_loss":0,"event_name":"Addict","floor":20,"gold_loss":0,"cards_obtained":["Shame"]},{"damage_healed":0,"gold_gain":0,"player_choice":"Memory 3","damage_taken":10,"max_hp_gain":0,"max_hp_loss":0,"event_name":"SensoryStone","floor":37,"gold_loss":0}],"is_beta":true,"boss_relics":[{"not_picked":["SacredBark","SlaversCollar"],"picked":"Calling Bell"},{"not_picked":["Runic Dome","Velvet Choker"],"picked":"Busted Crown"}],"items_purged_floors":[36],"is_endless":false,"potions_floor_spawned":[4,5,11,16,29,30,31,38,39,42,48],"ascension_level":0}}