{"host":"7y32p1l00v3bepzd","time":1611411064,"event":{"mods":["Act Like it!","Arknights The Spire","Ascension Reborn","BaseMod","Colored Powertips","Gensokyo","Highlight Path","Marisa£®ÏF”Í°°ƒß¿Ì…≥£©","Minty Spire (QoL Compilation)","Quick Restart","StSLib","Td1madao Mod","The Alterego","The Bug Knight","The Servant 0.9.4","vexMod"],"gold_per_floor":[109,109,171,51,101,135,135,149,172,222,222,242,275,289,289,384,384,394,444,494,513,528,559,559,129,183,183,39,52,86,86,86],"floor_reached":31,"language":"ZHS","playtime":1293,"items_purged":["HollowMod:NailStrikeStart","HollowMod:NailStrikeStart"],"score":308,"play_id":"a35cb0be-f936-4e2e-be37-7fef6fb61a04","local_time":"20210123221104","is_ascension_mode":true,"campfire_choices":[{"data":"HollowMod:CycloneSlash","floor":7,"key":"SMITH"},{"data":"HollowMod:MantisMark","floor":11,"key":"SMITH"},{"data":"HollowMod:HornetsHelp","floor":15,"key":"SMITH"},{"floor":24,"key":"REST"},{"data":"Apotheosis","floor":27,"key":"SMITH"}],"circlet_count":0,"master_deck":["HollowMod:QuickDashStart","HollowMod:QuickDashStart","HollowMod:QuickDashStart","HollowMod:FocusHealStart","HollowMod:PogoStrike","HollowMod:DungDefenderAura","HollowMod:HeavyBlow+1","HollowMod:CycloneSlash+1","HollowMod:MantisMark+1","HollowMod:LifebloodCocoon","HollowMod:HornetsHelp+1","HollowMod:VengefulVoid+1","HollowMod:SlysStrikes","CurseOfTheBell","HollowMod:CornifersMapStart","HollowMod:DescendingDark","Apotheosis+1","Gensokyo:BlemishedSteel","Gensokyo:LockedMedkit","HollowMod:CloakDash+1"],"relics":["HollowMod:VesselMask","NeowsBlessing","SsserpentHead","Blood Vial","vexMod:PlasmaPancake","Calling Bell","Akabeko","HollowMod:LifeEnderRelic","StoneCalendar","Happy Flower","Whetstone","Dead Branch"],"acts_visited":["Exordium","Exordium"],"potions_floor_usage":[29,29],"damage_taken":[{"damage":0,"enemies":"Small Slimes","floor":1,"turns":1},{"damage":0,"enemies":"Cultist","floor":3,"turns":1},{"damage":0,"enemies":"Lagavulin","floor":6,"turns":1},{"damage":1,"enemies":"Jaw Worm","floor":8,"turns":3},{"damage":3,"enemies":"Blue Slaver","floor":12,"turns":6},{"damage":8,"enemies":"Gremlin Nob","floor":13,"turns":4},{"damage":1,"enemies":"Red Slaver","floor":14,"turns":4},{"damage":48,"enemies":"The Guardian","floor":16,"turns":11},{"damage":2,"enemies":"Gensokyo:2_Gloops","floor":18,"turns":4},{"damage":8,"enemies":"Gensokyo:3_Dogs","floor":21,"turns":3},{"damage":48,"enemies":"Gensokyo:Swordslinger","floor":22,"turns":5},{"damage":28,"enemies":"Gensokyo:Koishi","floor":23,"turns":5},{"damage":0,"enemies":"Gensokyo:Wraith","floor":29,"turns":2},{"damage":16,"enemies":"Gensokyo:Tenshi","floor":30,"turns":5},{"damage":31,"enemies":"Gensokyo:Chomper_and_Gloop","floor":31,"turns":5}],"seed_played":"-6809509109012988384","potions_obtained":[{"floor":3,"key":"ColorlessPotion"},{"floor":8,"key":"DistilledChaos"},{"floor":13,"key":"Block Potion"}],"is_trial":false,"path_per_floor":["M","?","M","$","?","E","R","M","T","?","R","M","E","M","R","B",null,"M","?","?","M","M","E","R","$","T","R","COS","M","E","M"],"character_chosen":"THE_BUGKNIGHT","items_purchased":["HollowMod:CycloneSlash","Apotheosis","Whetstone"],"campfire_rested":1,"item_purchase_floors":[4,25,25],"current_hp_per_floor":[75,75,75,75,75,75,75,75,75,75,75,75,73,74,74,28,81,79,79,79,73,27,1,25,25,25,25,25,27,13,0,0],"gold":86,"neow_bonus":"THREE_ENEMY_KILL","is_daily":false,"chose_seed":false,"campfire_upgraded":4,"win_rate":0.0,"timestamp":1611411064,"path_taken":["M","?","?","$","?","E","R","M","T","?","R","M","E","M","R","BOSS","M","?","?","M","M","E","R","$","T","R","COS","M","E","M"],"items_purchased_type":["Card","Card","Relic"],"build_version":"2020-12-22","purchased_purges":2,"victory":false,"max_hp_per_floor":[75,75,75,75,75,75,75,75,75,75,75,75,81,81,81,81,81,81,81,81,81,81,81,81,81,81,81,81,81,81,81,81],"card_choices":[{"not_picked":["HollowMod:WraithStrike","HollowMod:CrystalDash"],"picked":"HollowMod:DungDefenderAura","floor":1},{"not_picked":["HollowMod:InfectedAttack","HollowMod:SoulEater"],"picked":"HollowMod:HeavyBlow","floor":3},{"not_picked":["HollowMod:HowlingWraiths","HollowMod:CycloneSlash"],"picked":"HollowMod:QuirrelsAssistance","floor":6},{"not_picked":["HollowMod:ChannelNail","HollowMod:CoiledNail"],"picked":"HollowMod:MantisMark","floor":8},{"not_picked":["HollowMod:LifebloodCocoon","HollowMod:GrimmsGift"],"picked":"HollowMod:HornetsHelp","floor":12},{"not_picked":["HollowMod:GrimmsGift","HollowMod:CycloneSlash"],"picked":"HollowMod:VengefulVoid","floor":13},{"not_picked":["HollowMod:TaintedHusks","HollowMod:BaldurShell","HollowMod:theNailsmith"],"picked":"SKIP","floor":14},{"not_picked":["HollowMod:TaintedHusks","HollowMod:BaldurShell","HollowMod:theNailsmith"],"picked":"SKIP","floor":14},{"not_picked":["HollowMod:TaintedHusks","HollowMod:BaldurShell","HollowMod:theNailsmith"],"picked":"SKIP","floor":14},{"not_picked":["HollowMod:MidwifesHunger","HollowMod:ZotesMagnificence"],"picked":"HollowMod:SlysStrikes","floor":16},{"not_picked":["HollowMod:DescendingDark","HollowMod:Grubsong","HollowMod:CloakDash"],"picked":"SKIP","floor":18},{"not_picked":["HollowMod:InfectedCysts","HollowMod:HeavyBlow+1","HollowMod:ShadowDash"],"picked":"SKIP","floor":21},{"not_picked":["HollowMod:DescendingDark","HollowMod:LifebloodCocoon"],"picked":"HollowMod:CornifersMapStart","floor":22},{"not_picked":["HollowMod:ShadowDash+1","HollowMod:WraithStrike"],"picked":"HollowMod:DescendingDark","floor":23},{"not_picked":["HollowMod:SharpenedNail","HollowMod:NewJinnsSoul"],"picked":"HollowMod:CloakDash+1","floor":29},{"not_picked":["HollowMod:MonarchWings+1","HollowMod:InfectionAssault+1","HollowMod:TaintedHusks+1"],"picked":"SKIP","floor":30}],"player_experience":342352,"relics_obtained":[{"floor":6,"key":"Blood Vial"},{"floor":9,"key":"HollowMod:KingsBrand"},{"floor":13,"key":"vexMod:PlasmaPancake"},{"floor":17,"key":"Akabeko"},{"floor":17,"key":"HollowMod:LifeEnderRelic"},{"floor":17,"key":"StoneCalendar"},{"floor":23,"key":"Happy Flower"},{"floor":30,"key":"Dead Branch"}],"event_choices":[{"damage_healed":0,"gold_gain":0,"player_choice":"Trade","damage_taken":0,"relics_obtained":["SsserpentHead"],"max_hp_gain":0,"max_hp_loss":0,"event_name":"FaceTrader","floor":2,"gold_loss":0},{"damage_healed":0,"gold_gain":0,"cards_transformed":["HollowMod:NailStrikeStart"],"player_choice":"Change","damage_taken":0,"max_hp_gain":0,"max_hp_loss":0,"event_name":"Living Wall","floor":10,"gold_loss":0,"cards_obtained":["HollowMod:LifebloodCocoon"]}],"is_beta":false,"boss_relics":[{"not_picked":["Astrolabe","vexMod:BigBerry"],"picked":"Calling Bell"}],"items_purged_floors":[4,25],"is_endless":false,"potions_floor_spawned":[3,8,13,16,21,23],"killed_by":"Gensokyo:Chomper_and_Gloop","ascension_level":0}}