{"host":"j0d4nq897em8strr","time":1611390993,"event":{"mods":["AchievementEnabler","BaseMod","Colored Map","Colored Powertips","Hero for Fun","Highlight Path","Marisa????????","Minty Spire (QoL Compilation)","StSLib","SuperFastMode","The Runesmith","slay the spire mod where everything is the same but ironclad has a cowboy hat"],"gold_per_floor":[109,129,76,76,76,111,111,137,137,137,137,156,156,195,195,323,323,344,360,8,0,0,44,44,62,62,77,93,116,141,166,166,286,286,305,324,344,344,344,344,367,406,457,457,471,553,577,600,600,600,600],"floor_reached":50,"language":"ENG","playtime":3623,"items_purged":[],"score":529,"play_id":"2c3fc490-98dd-486f-b974-876f9214a116","local_time":"20210123083633","is_ascension_mode":false,"campfire_choices":[{"floor":7,"key":"REST"},{"floor":10,"key":"REST"},{"floor":13,"key":"REST"},{"data":"CasketOfStar","floor":15,"key":"SMITH"},{"floor":24,"key":"REST"},{"floor":32,"key":"REST"},{"floor":40,"key":"REST"},{"floor":49,"key":"REST"}],"circlet_count":0,"master_deck":["Strike_MRS","Strike_MRS","Strike_MRS+1","Defend_MRS","Defend_MRS","MasterSpark","UpSweep","BlazingStar","SuperPerseids","SporeBomb+1","IllusionStar","CasketOfStar+1","EnergyFlow","DoubleSpark","SuperNova","BinaryStars","MagicChant","6A+1","ShootingEcho","PowerUp","ManaRampage","Orbital","WitchLeyline","EventHorizon","SuperPerseids","EarthLightRay","BlazingStar","SatelliteIllusion+1","Singularity+1","GasGiant+1","ShootingEcho+1","Orbital","WitchLeyline","Parasite","DC","ManaRampage","OortCloud+1","OrrerysSun","AsteroidBelt+1"],"relics":["MiniHakkero","AmplifyWand","BreadOfAWashokuLover","Golden Idol","Blue Candle","ExperimentalFamiliar","Tiny Chest","Akabeko","Mercury Hourglass","Mango","Blood Vial","Astrolabe","Question Card","Omamori","Bottled Tornado"],"acts_visited":["Exordium","TheCity","TheBeyond"],"potions_floor_usage":[33,33,33,50,50,50],"damage_taken":[{"damage":0,"enemies":"Small Slimes","floor":1,"turns":3},{"damage":0,"enemies":"2 Louse","floor":2,"turns":2},{"damage":31,"enemies":"3 Sentries","floor":6,"turns":5},{"damage":9,"enemies":"The Mushroom Lair","floor":8,"turns":3},{"damage":0,"enemies":"Cultist","floor":12,"turns":2},{"damage":22,"enemies":"Lagavulin","floor":14,"turns":5},{"damage":29,"enemies":"Hexaghost","floor":16,"turns":6},{"damage":2,"enemies":"Spheric Guardian","floor":18,"turns":3},{"damage":18,"enemies":"Shell Parasite","floor":19,"turns":3},{"damage":26,"enemies":"Gremlin Leader","floor":23,"turns":5},{"damage":0,"enemies":"Snecko","floor":25,"turns":2},{"damage":6,"enemies":"Cultist and Chosen","floor":27,"turns":2},{"damage":0,"enemies":"Snake Plant","floor":28,"turns":1},{"damage":8,"enemies":"3 Cultists","floor":30,"turns":3},{"damage":4,"enemies":"Centurion and Healer","floor":31,"turns":3},{"damage":91,"enemies":"Collector","floor":33,"turns":8},{"damage":6,"enemies":"Orb Walker","floor":35,"turns":2},{"damage":39,"enemies":"3 Darklings","floor":36,"turns":6},{"damage":11,"enemies":"Sphere and 2 Shapes","floor":37,"turns":2},{"damage":24,"enemies":"Writhing Mass","floor":41,"turns":6},{"damage":45,"enemies":"Nemesis","floor":42,"turns":5},{"damage":29,"enemies":"3 Darklings","floor":45,"turns":4},{"damage":45,"enemies":"Sphere and 2 Shapes","floor":47,"turns":4},{"damage":0,"enemies":"Transient","floor":48,"turns":5},{"damage":52,"enemies":"Awakened One","floor":50,"turns":5}],"seed_played":"3577291525059748548","potions_obtained":[{"floor":1,"key":"EntropicBrew"},{"floor":8,"key":"PowerPotion"},{"floor":12,"key":"SneckoOil"},{"floor":18,"key":"DuplicationPotion"},{"floor":33,"key":"AttackPotion"},{"floor":35,"key":"DuplicationPotion"},{"floor":37,"key":"GamblersBrew"}],"is_trial":false,"path_per_floor":["M","M","$","?","?","E","R","?","T","R","?","M","R","E","R","B",null,"M","M","$","?","?","E","R","M","T","M","M","T","M","M","R","B",null,"M","M","M","?","?","R","M","E","T","?","M","T","M","M","R","B"],"character_chosen":"MARISA","items_purchased":["IllusionStar","ShootingEcho","PowerUp","Tiny Chest","FairyPotion"],"campfire_rested":7,"item_purchase_floors":[3,20,20,20,20],"current_hp_per_floor":[75,75,75,75,60,29,51,42,42,64,46,46,68,46,46,17,75,73,55,55,55,55,29,51,51,65,59,59,59,53,51,77,32,89,87,58,49,49,49,74,63,41,41,86,57,57,14,16,41,0,0],"gold":600,"neow_bonus":"ONE_RANDOM_RARE_CARD","is_daily":false,"chose_seed":false,"campfire_upgraded":1,"win_rate":0.0,"timestamp":1611390993,"path_taken":["M","M","$","?","?","E","R","?","T","R","?","M","R","E","R","BOSS","M","M","$","?","?","E","R","M","T","?","M","?","M","M","R","BOSS","M","M","M","?","?","R","M","E","T","?","M","?","?","M","R","BOSS"],"items_purchased_type":["Card","Card","Card","Relic","Potion"],"build_version":"2020-12-22","purchased_purges":0,"victory":false,"max_hp_per_floor":[75,75,75,75,75,75,75,75,75,75,75,75,75,75,75,75,75,75,75,75,75,75,75,75,75,89,89,89,89,89,89,89,89,89,89,89,89,85,85,85,85,98,98,86,86,86,86,86,86,86,86],"card_choices":[{"not_picked":["GravityBeat","WitchOfGreed"],"picked":"SuperPerseids","floor":1},{"not_picked":["LuminesStrike","GrandCross"],"picked":"SporeBomb","floor":2},{"not_picked":["SuperPerseids","Acceleration"],"picked":"CasketOfStar","floor":6},{"not_picked":["StarBarrage","GrandCross"],"picked":"EnergyFlow","floor":8},{"not_picked":["PowerUp","GrandCross"],"picked":"DoubleSpark","floor":12},{"not_picked":["6A","MagicChant"],"picked":"SuperNova","floor":14},{"not_picked":["JA","SuperNova"],"picked":"BinaryStars","floor":16},{"not_picked":["PowerUp","MilkyWay"],"picked":"MagicChant","floor":18},{"not_picked":["EventHorizon","WitchOfGreed+1"],"picked":"6A+1","floor":19},{"not_picked":["Occultation","ShootingEcho"],"picked":"ManaRampage","floor":23},{"not_picked":["WitchOfGreed","FairyDestructionRay+1"],"picked":"Orbital","floor":25},{"not_picked":["ShootingEcho","OrrerysSun"],"picked":"WitchLeyline","floor":27},{"not_picked":["GrandCross","PowerUp"],"picked":"EventHorizon","floor":28},{"not_picked":["DC+1","SporeBomb+1"],"picked":"SuperPerseids","floor":30},{"not_picked":["LuminesStrike","Robbery"],"picked":"EarthLightRay","floor":31},{"not_picked":["SatelliteIllusion","TreasureHunter"],"picked":"BlazingStar","floor":33},{"not_picked":["DoubleSpark+1","PulseMagic"],"picked":"ShootingEcho+1","floor":35},{"not_picked":["SporeBomb","GalacticHalo"],"picked":"Orbital","floor":36},{"not_picked":["MysteriousBeam","PulseMagic"],"picked":"WitchLeyline","floor":37},{"not_picked":["DoubleSpark","Acceleration"],"picked":"DC","floor":41},{"not_picked":["DoubleSpark+1","LuminesStrike"],"picked":"ManaRampage","floor":42},{"not_picked":["IllusionStar+1","GalacticHalo","ChargeUpSpray+1"],"picked":"OortCloud+1","floor":45},{"not_picked":["Acceleration+1","NonDirectionalLaser","MeteoricShower+1"],"picked":"OrrerysSun","floor":47},{"not_picked":["GrandCross+1","UnstableBomb","MeteoricShower+1"],"picked":"AsteroidBelt+1","floor":48}],"player_experience":175025,"relics_obtained":[{"floor":6,"key":"AmplifyWand"},{"floor":9,"key":"BreadOfAWashokuLover"},{"floor":14,"key":"Blue Candle"},{"floor":22,"key":"Akabeko"},{"floor":23,"key":"Mercury Hourglass"},{"floor":26,"key":"Mango"},{"floor":29,"key":"Blood Vial"},{"floor":42,"key":"Question Card"},{"floor":43,"key":"Omamori"},{"floor":46,"key":"Bottled Tornado"}],"event_choices":[{"damage_healed":0,"gold_gain":0,"player_choice":"Leave","damage_taken":0,"max_hp_gain":0,"max_hp_loss":0,"event_name":"The Cleric","floor":4,"gold_loss":0},{"damage_healed":0,"gold_gain":0,"player_choice":"Entered Light","damage_taken":15,"max_hp_gain":0,"max_hp_loss":0,"event_name":"Shining Light","floor":5,"gold_loss":0,"cards_upgraded":["SporeBomb","Strike_MRS"]},{"damage_healed":0,"gold_gain":0,"player_choice":"Fought Mushrooms","damage_taken":0,"max_hp_gain":0,"max_hp_loss":0,"event_name":"Mushrooms_MRS","floor":8,"gold_loss":0},{"damage_healed":0,"gold_gain":0,"player_choice":"Take Damage","damage_taken":18,"relics_obtained":["Golden Idol"],"max_hp_gain":0,"max_hp_loss":0,"event_name":"Golden Idol","floor":11,"gold_loss":0},{"damage_healed":0,"gold_gain":0,"player_choice":"Paid Fearfully","damage_taken":0,"max_hp_gain":0,"max_hp_loss":0,"event_name":"Masked Bandits","floor":21,"gold_loss":8},{"damage_healed":0,"gold_gain":0,"player_choice":"Relic","damage_taken":0,"max_hp_gain":0,"max_hp_loss":0,"event_name":"Wheel of Change","floor":22,"gold_loss":0},{"damage_healed":0,"gold_gain":0,"player_choice":"Max HP","damage_taken":0,"max_hp_gain":0,"max_hp_loss":4,"event_name":"Winding Halls","floor":38,"gold_loss":0},{"damage_healed":0,"gold_gain":0,"player_choice":"Ignored","damage_taken":0,"max_hp_gain":0,"max_hp_loss":0,"event_name":"Tomb of Lord Red Mask","floor":39,"gold_loss":0},{"damage_healed":86,"gold_gain":0,"player_choice":"Heal","damage_taken":0,"max_hp_gain":0,"max_hp_loss":12,"event_name":"The Moai Head","floor":44,"gold_loss":0}],"is_beta":false,"boss_relics":[{"not_picked":["Cursed Key","SacredBark"],"picked":"ExperimentalFamiliar"},{"not_picked":["Runic Pyramid","Sozu"],"picked":"Astrolabe"}],"items_purged_floors":[],"is_endless":false,"potions_floor_spawned":[1,8,12,18,25,27,28,31,33,35,37,42,45],"killed_by":"Awakened One","ascension_level":0}}