{"host":"4ih4fq53sefgqhvb","time":1608187732,"event":{"mods":["AchievementEnabler","Aspiration","Bard","BaseMod","BetterRewards","Colored Map","Colored Powertips","Conspire","Downfall","Googly Eyes","Hermit","Highlight Path","Hubris","Infinite Spire","Jedi Mod","Jorbs\u0027s Wanderer Trilogy","Marisa????????","Mimic Mod","Minty Spire (QoL Compilation)","Quick Restart","Relic Stats","Replay The Spire","Shop Mod","StSLib","The Animator","The Cursed","The Jungle","The Runesmith"],"gold_per_floor":[99,47,61,161,161,187,187,197,197,231,241,261,272,272,272,372,382,382,382],"floor_reached":18,"playtime":1765,"items_purged":[],"score":122,"play_id":"e82a73c8-650b-488b-948d-46cce91c82af","local_time":"20201216224852","is_ascension_mode":false,"campfire_choices":[{"data":"Guardian:SphericShield","floor":1,"key":"SMITH"},{"floor":5,"key":"REST"},{"data":"1","floor":9,"key":"LIFT"}],"circlet_count":0,"master_deck":["Guardian:Strike_Guardian","Guardian:Strike_Guardian","Guardian:Defend_Guardian","Guardian:Defend_Guardian","Guardian:CurlUp","Guardian:TwinSlam","Guardian:TemporalShield","Guardian:SphericShield+1","Guardian:BronzeArmor","Guardian:DecasProtection","Guardian:PrismaticBarrier+1","Guardian:Harden","Guardian:ArmoredProtocol","Guardian:CrystalBeam","Guardian:Gem_Lightblue","Guardian:Suspension","Guardian:Gem_Fragmented","Guardian:BronzeArmor","Guardian:Planning"],"relics":["Guardian:ModeShifter","Potion Belt","Girya","Runesmith:AutoHammer"],"acts_visited":["Exordium"],"potions_floor_usage":[10,16,17,18],"damage_taken":[{"damage":0,"enemies":"downfall:FleeingMerchant","floor":2,"turns":4},{"damage":0,"enemies":"2 Louse","floor":3,"turns":4},{"damage":20,"enemies":"Lagavulin","floor":6,"turns":13},{"damage":0,"enemies":"Small Slimes","floor":8,"turns":5},{"damage":17,"enemies":"3 Sentries","floor":10,"turns":12},{"damage":0,"enemies":"Jaw Worm","floor":11,"turns":6},{"damage":0,"enemies":"3 Louse","floor":12,"turns":5},{"damage":0,"enemies":"Exordium Wildlife","floor":13,"turns":4},{"damage":29,"enemies":"downfall:Heads","floor":16,"turns":8},{"damage":0,"enemies":"Exordium Thugs","floor":17,"turns":6},{"damage":15,"enemies":"downfall:Defect","floor":18,"turns":6}],"seed_played":"-2700639787261780055","potions_obtained":[{"floor":3,"key":"LiquidMemories"},{"floor":6,"key":"SkillPotion"},{"floor":10,"key":"LiquidMemories"},{"floor":11,"key":"ColorlessPotion"},{"floor":17,"key":"Swift Potion"}],"is_trial":false,"path_per_floor":["R","$","M","?","R","E","T","M","R","E","M","M","M","PTL","PTL","?","M","B"],"character_chosen":"GUARDIAN","items_purchased":["Guardian:Gem_Lightblue"],"campfire_rested":1,"item_purchase_floors":[2],"current_hp_per_floor":[56,56,56,56,80,60,60,60,60,43,43,43,43,43,43,14,14,0,0],"gold":382,"neow_bonus":"TRANSFORM_TWO_CARDS","is_daily":false,"chose_seed":false,"campfire_upgraded":1,"win_rate":0.0,"timestamp":1608187732,"path_taken":["R","$","M","?","R","E","T","M","R","E","M","M","M","PTL","PTL","?","M","BOSS"],"items_purchased_type":["Card"],"build_version":"2020-12-13","purchased_purges":0,"victory":false,"max_hp_per_floor":[80,80,80,80,80,80,80,80,80,80,80,80,80,80,80,80,80,80,80],"relic_stats":{"counters":[11,73],"obtain_stats":[{"Potion Belt":6,"Girya":7,"Guardian:ModeShifter":0,"Runesmith:AutoHammer":10},{"Potion Belt":3,"Girya":3,"Guardian:ModeShifter":0,"Runesmith:AutoHammer":5},{"Potion Belt":21,"Girya":21,"Guardian:ModeShifter":0,"Runesmith:AutoHammer":38}]},"card_choices":[{"not_picked":["Guardian:TemporalShield","Guardian:Gem_Green"],"picked":"Guardian:BronzeArmor","floor":2},{"not_picked":["Guardian:EvasiveProtocol","Guardian:Suspension"],"picked":"Guardian:DecasProtection","floor":3},{"not_picked":["Guardian:Gem_Lightblue","Guardian:Recover"],"picked":"Guardian:PrismaticBarrier","floor":6},{"not_picked":["Guardian:ShieldSpikes","Guardian:Planning"],"picked":"Guardian:Harden","floor":8},{"not_picked":["Guardian:Gem_White","Guardian:SentryBeam"],"picked":"Guardian:ArmoredProtocol","floor":10},{"not_picked":["Guardian:Planning","Guardian:TemporalStrike"],"picked":"Guardian:CrystalBeam","floor":11},{"not_picked":["Guardian:Reroute","Guardian:GuardianWhirl"],"picked":"Guardian:Gem_Lightblue","floor":12},{"not_picked":["Guardian:Recover","Guardian:Incinerate"],"picked":"Guardian:Suspension","floor":13},{"not_picked":["Guardian:ShieldCharger","Guardian:TemporalStrike"],"picked":"Guardian:Gem_Fragmented","floor":16},{"not_picked":["Guardian:TimeCapacitor","Guardian:BronzeOrb"],"picked":"Guardian:Planning","floor":17}],"player_experience":852146,"relics_obtained":[{"floor":6,"key":"Potion Belt"},{"floor":7,"key":"Girya"},{"floor":10,"key":"Runesmith:AutoHammer"}],"event_choices":[],"is_beta":false,"boss_relics":[],"items_purged_floors":[],"is_endless":false,"potions_floor_spawned":[3,6,10,11,17],"killed_by":"downfall:Defect","ascension_level":0}}