{"host":"vcmmzzj6okc5j399","time":1608195554,"event":{"mods":["BaseMod","Minty Spire (QoL Compilation)","Robot Space Explorer","StSLib"],"gold_per_floor":[113,113,113,78,89,103,278,306,306,324,343,372,372,402,402,402,402],"floor_reached":16,"playtime":1238,"items_purged":[],"score":110,"play_id":"8192e1aa-7592-4c23-a210-6599335b670d","local_time":"20201217175914","is_ascension_mode":false,"campfire_choices":[{"floor":13,"key":"REST"},{"data":"RobotSpaceExplorer:GlueSpray","floor":15,"key":"SMITH"}],"circlet_count":0,"master_deck":["RobotSpaceExplorer:Strike","RobotSpaceExplorer:Strike","RobotSpaceExplorer:Strike","RobotSpaceExplorer:Strike","RobotSpaceExplorer:Defend+1","RobotSpaceExplorer:Defend","RobotSpaceExplorer:Defend","RobotSpaceExplorer:Defend+1","RobotSpaceExplorer:Scan","RobotSpaceExplorer:MiniLasers+1","RobotSpaceExplorer:PowerGlove","RobotSpaceExplorer:GlueSpray+1","RobotSpaceExplorer:MakeshiftVolley","RobotSpaceExplorer:FreezeRay","Doubt","RobotSpaceExplorer:StunGrenade","RobotSpaceExplorer:FranticSearch","RobotSpaceExplorer:ShovelStrike","RobotSpaceExplorer:DoubleBlock"],"relics":["RobotSpaceExplorer:RoboCore","War Paint","Mercury Hourglass","WingedGreaves","The Courier"],"acts_visited":["Exordium"],"potions_floor_usage":[12],"damage_taken":[{"damage":0,"enemies":"2 Louse","floor":1,"turns":2},{"damage":5,"enemies":"Small Slimes","floor":5,"turns":4},{"damage":0,"enemies":"Cultist","floor":6,"turns":2},{"damage":40,"enemies":"3 Sentries","floor":8,"turns":13},{"damage":0,"enemies":"Blue Slaver","floor":10,"turns":4},{"damage":4,"enemies":"Large Slime","floor":11,"turns":3},{"damage":19,"enemies":"Lagavulin","floor":12,"turns":6},{"damage":39,"enemies":"Hexaghost","floor":16,"turns":10}],"seed_played":"4556001231118934506","potions_obtained":[{"floor":6,"key":"SteroidPotion"},{"floor":8,"key":"PowerPotion"},{"floor":10,"key":"Weak Potion"},{"floor":12,"key":"Fire Potion"}],"is_trial":false,"path_per_floor":["M","?","?","$","M","M","?","E","T","M","M","E","R","?","R","B"],"character_chosen":"RobotSpaceExplorer","items_purchased":["RobotSpaceExplorer:GlueSpray"],"campfire_rested":1,"item_purchase_floors":[4],"current_hp_per_floor":[82,82,82,82,77,77,77,37,37,37,33,14,38,38,38,0,0],"gold":402,"neow_bonus":"TEN_PERCENT_HP_BONUS","is_daily":false,"chose_seed":false,"campfire_upgraded":1,"win_rate":0.0,"timestamp":1608195554,"path_taken":["M","?","?","$","?","M","?","E","T","M","M","E","R","?","R","BOSS"],"items_purchased_type":["Card"],"build_version":"2020-12-13","purchased_purges":0,"victory":false,"max_hp_per_floor":[82,82,82,82,82,82,82,82,82,82,82,82,82,82,82,82,82],"card_choices":[{"not_picked":["RobotSpaceExplorer:FranticSearch","RobotSpaceExplorer:Probe"],"picked":"RobotSpaceExplorer:PowerGlove","floor":1},{"not_picked":["RobotSpaceExplorer:SurgingShield","RobotSpaceExplorer:Ammunition"],"picked":"RobotSpaceExplorer:MakeshiftVolley","floor":5},{"not_picked":["RobotSpaceExplorer:Electroshield","RobotSpaceExplorer:Counterblock"],"picked":"RobotSpaceExplorer:FreezeRay","floor":6},{"not_picked":["RobotSpaceExplorer:PowerGlove","RobotSpaceExplorer:MakeshiftVolley"],"picked":"RobotSpaceExplorer:StunGrenade","floor":8},{"not_picked":["RobotSpaceExplorer:ShockKick","RobotSpaceExplorer:SlimeMissile"],"picked":"RobotSpaceExplorer:FranticSearch","floor":10},{"not_picked":["RobotSpaceExplorer:FranticSearch","RobotSpaceExplorer:GlueShot"],"picked":"RobotSpaceExplorer:ShovelStrike","floor":11},{"not_picked":["RobotSpaceExplorer:Ammunition","RobotSpaceExplorer:SurgingShield"],"picked":"RobotSpaceExplorer:DoubleBlock","floor":12}],"player_experience":133787,"relics_obtained":[{"floor":8,"key":"War Paint"},{"floor":9,"key":"Mercury Hourglass"},{"floor":12,"key":"WingedGreaves"}],"event_choices":[{"damage_healed":0,"gold_gain":0,"player_choice":"Grow","damage_taken":0,"max_hp_gain":0,"max_hp_loss":0,"event_name":"Living Wall","floor":2,"gold_loss":0,"cards_upgraded":["RobotSpaceExplorer:MiniLasers"]},{"damage_healed":0,"gold_gain":0,"player_choice":"Bought 0 Potions","damage_taken":0,"max_hp_gain":0,"max_hp_loss":0,"event_name":"The Woman in Blue","floor":3,"gold_loss":0},{"damage_healed":0,"gold_gain":175,"player_choice":"AGREE","damage_taken":0,"max_hp_gain":0,"max_hp_loss":0,"event_name":"Liars Game","floor":7,"gold_loss":0,"cards_obtained":["Doubt"]},{"damage_healed":0,"gold_gain":30,"player_choice":"Searched \u00272\u0027 times","damage_taken":0,"relics_obtained":["The Courier"],"max_hp_gain":0,"max_hp_loss":0,"event_name":"Dead Adventurer","floor":14,"gold_loss":0}],"is_beta":false,"boss_relics":[],"items_purged_floors":[],"is_endless":false,"potions_floor_spawned":[6,8,10,12],"killed_by":"Hexaghost","ascension_level":0}}