{"host":"vcmmzzj6okc5j399","time":1608186317,"event":{"mods":["BaseMod","Minty Spire (QoL Compilation)","StSLib","The Fake Hero"],"gold_per_floor":[512,538,613,613,613,613,362,393,693,693,711,711,299,319,319,424,424,438,438,438],"floor_reached":19,"playtime":865,"items_purged":[],"score":188,"play_id":"2ba98140-f729-4248-bb4f-40a3ca7469b3","local_time":"20201217152517","is_ascension_mode":false,"campfire_choices":[{"data":"luka_mod:Guard","floor":6,"key":"SMITH"},{"data":"luka_mod:Cutscene","floor":15,"key":"SMITH"}],"circlet_count":0,"master_deck":["luka_mod:StrikeLukaOne+1","luka_mod:StrikeLukaTwo","luka_mod:StrikeLukaThree","luka_mod:StrikeLukaFour","luka_mod:StrikeLukaFive","luka_mod:StrikeLukaSix","luka_mod:Salt+1","luka_mod:Guard+1","luka_mod:Wait","luka_mod:Edging","luka_mod:FlailWildly","luka_mod:Meditation","luka_mod:Intense+1","luka_mod:BladeOfRagingFire","luka_mod:Struggle","luka_mod:Cutscene+1","luka_mod:Ora","luka_mod:FlashKill+1","luka_mod:GuardedStrike+1","luka_mod:Tamamo","luka_mod:EndlessGuard+1"],"relics":["luka_mod:KeepsakeRing","NeowsBlessing","Anchor","Bronze Scales","Eternal Feather","Old Coin","Torii","Frozen Eye","Molten Egg 2","SacredBark"],"acts_visited":["Exordium","TheCity"],"potions_floor_usage":[],"damage_taken":[{"damage":0,"enemies":"Cultist","floor":1,"turns":1},{"damage":0,"enemies":"Lagavulin","floor":8,"turns":1},{"damage":0,"enemies":"2 Louse","floor":11,"turns":1},{"damage":1,"enemies":"Small Slimes","floor":14,"turns":3},{"damage":47,"enemies":"Slime Boss","floor":16,"turns":12},{"damage":8,"enemies":"3 Byrds","floor":18,"turns":4},{"damage":0,"enemies":"Chosen","floor":19,"turns":1}],"seed_played":"2207333523569541448","potions_obtained":[{"floor":14,"key":"EssenceOfSteel"}],"is_trial":false,"path_per_floor":["M","T","?","?","?","R","$","E","T","?","M","T","$","M","R","B",null,"M","M"],"character_chosen":"LUKA_CLASS","items_purchased":["luka_mod:BladeOfRagingFire","Bronze Scales","luka_mod:Struggle","Frozen Eye","Molten Egg 2","luka_mod:FlashKill+1"],"campfire_rested":0,"item_purchase_floors":[7,7,7,13,13,13],"current_hp_per_floor":[40,40,29,21,21,21,21,21,21,14,14,14,14,13,22,13,40,32,32,32],"gold":438,"neow_bonus":"THREE_ENEMY_KILL","is_daily":false,"chose_seed":false,"campfire_upgraded":2,"win_rate":0.0,"timestamp":1608186317,"path_taken":["M","?","?","?","?","R","$","E","T","?","?","?","$","M","R","BOSS","M","M"],"items_purchased_type":["Card","Relic","Card","Relic","Relic","Card"],"build_version":"2020-12-13","purchased_purges":0,"victory":false,"max_hp_per_floor":[40,40,40,40,40,40,40,40,40,40,40,40,40,40,40,40,40,40,40,40],"card_choices":[{"not_picked":["luka_mod:EarthRumblingDecapitation","luka_mod:HeroicStrike"],"picked":"luka_mod:Intense","floor":1},{"not_picked":["luka_mod:IliasesJudgement","luka_mod:DemonDecapitation"],"picked":"luka_mod:Cutscene","floor":8},{"not_picked":["luka_mod:Feel","luka_mod:Struggle"],"picked":"luka_mod:Ora","floor":11},{"not_picked":["luka_mod:StrikeLuka+1","luka_mod:FlashKill+1"],"picked":"luka_mod:GuardedStrike+1","floor":14},{"not_picked":["luka_mod:Ora+1","luka_mod:SuperAttack+1"],"picked":"luka_mod:Tamamo","floor":16},{"not_picked":["luka_mod:Feel","luka_mod:Struggle+1"],"picked":"luka_mod:EndlessGuard+1","floor":18}],"player_experience":135999,"relics_obtained":[{"floor":2,"key":"Anchor"},{"floor":8,"key":"Eternal Feather"},{"floor":9,"key":"Old Coin"},{"floor":12,"key":"Torii"}],"event_choices":[{"damage_healed":0,"gold_gain":75,"player_choice":"Gather Gold","damage_taken":11,"max_hp_gain":0,"max_hp_loss":0,"event_name":"World of Goop","floor":3,"gold_loss":0},{"damage_healed":0,"gold_gain":0,"player_choice":"Entered Light","damage_taken":8,"max_hp_gain":0,"max_hp_loss":0,"event_name":"Shining Light","floor":4,"gold_loss":0,"cards_upgraded":["luka_mod:StrikeLukaOne","luka_mod:Intense"]},{"damage_healed":0,"gold_gain":0,"player_choice":"Grow","damage_taken":0,"max_hp_gain":0,"max_hp_loss":0,"event_name":"Living Wall","floor":5,"gold_loss":0,"cards_upgraded":["luka_mod:Salt"]},{"cards_removed":["luka_mod:Surrender"],"damage_healed":0,"gold_gain":0,"player_choice":"Card Removal","damage_taken":7,"max_hp_gain":0,"max_hp_loss":0,"event_name":"Golden Wing","floor":10,"gold_loss":0}],"is_beta":false,"boss_relics":[{"not_picked":["Snecko Eye","Sozu"],"picked":"SacredBark"}],"items_purged_floors":[],"is_endless":false,"potions_floor_spawned":[14],"killed_by":"Chosen","ascension_level":0}}