{"host":"jgyoyy5iuhtvyvtg","time":1608198469,"event":{"mods":["2.2 Compatiblity","BaseMod","Challenge The Spire","Colored Map","Conspire","Downfall","Hermit","Highlight Path","Infinite Spire","Lobotomy","LobotomyExtend","Minty Spire (QoL Compilation)","Quick Restart","Replay The Spire","Spikes Relics","StSLib","The Construct","The Disciple","The Jungle","Yuri Mod"],"gold_per_floor":[279,299,299,3,3,3,23,23,46,46,76,76,111,127,127,248,248,269,47,47,47,60,60,60],"floor_reached":23,"playtime":601,"items_purged":[],"score":262,"play_id":"8cb92b8f-ea37-4cd2-baee-c78d20f9a404","local_time":"20201217014749","is_ascension_mode":false,"campfire_choices":[{"data":"champ:Taunt","floor":6,"key":"SMITH"},{"data":"champ:DeathBlow","floor":8,"key":"SMITH"},{"data":"champ:FaceSlap","floor":15,"key":"SMITH"}],"circlet_count":0,"master_deck":["champ:Strike","champ:Strike","champ:Strike","champ:Strike","champ:Defend","champ:Defend","champ:Defend","champ:Execute","champ:Taunt+1","Woodsman","champ:DeathBlow+1","RedShoes","champ:SteelEdge","champ:Improvising+1","UniverseFragment","champ:FaceSlap+1","champ:EnchantCrown","champ:EnragedBash","champ:EndlessRage","champ:CalledShot"],"relics":["champ:ChampionCrown","CogitoBucket","RabbitCall","LetterFromLob","Golden Idol","hexamod:BolsterEngine","Juzu Bracelet","Replay:Ringing Soul","construct:FoamFinger","White Beast Statue","champ:BerserkersGuideToSlaughter"],"acts_visited":["Exordium","Exordium"],"potions_floor_usage":[23],"damage_taken":[{"damage":5,"enemies":"2 Louse","floor":1,"turns":3},{"damage":27,"enemies":"Small Slimes","floor":2,"turns":2},{"damage":7,"enemies":"Cultist","floor":7,"turns":3},{"damage":69,"enemies":"Gremlin Nob","floor":13,"turns":3},{"damage":40,"enemies":"Gremlin Gang","floor":14,"turns":3},{"damage":61,"enemies":"Slime Boss","floor":16,"turns":6},{"damage":82,"enemies":"theJungle:5_Spyders","floor":18,"turns":4},{"damage":43,"enemies":"theJungle:Flameango_and_Byrd","floor":22,"turns":5},{"damage":82,"enemies":"Nightmare","floor":23,"turns":6}],"seed_played":"8142806461782821015","potions_obtained":[{"floor":2,"key":"LiquidMemories"},{"floor":7,"key":"SpeedPotion"},{"floor":14,"key":"SneckoOil"},{"floor":16,"key":"Swift Potion"},{"floor":18,"key":"champ:CounterPotion"}],"is_trial":false,"path_per_floor":["M","M","?","$","?","R","M","R","T","M","?","?","E","M","R","B",null,"M","$","?","?","M","NM"],"character_chosen":"THE_CHAMP","items_purchased":["hexamod:BolsterEngine","champ:Improvising","champ:BerserkersGuideToSlaughter","champ:EndlessRage"],"campfire_rested":0,"item_purchase_floors":[4,4,19,19],"current_hp_per_floor":[90,90,68,68,68,68,72,72,72,72,72,72,67,76,76,101,101,72,75,75,75,81,0,0],"gold":60,"neow_bonus":"","is_daily":false,"chose_seed":false,"campfire_upgraded":3,"win_rate":0.0,"timestamp":1608198469,"path_taken":["M","M","?","$","?","R","?","R","T","M","?","?","E","M","R","BOSS","M","$","?","?","M","NM"],"items_purchased_type":["Relic","Card","Relic","Card"],"build_version":"2020-12-13","purchased_purges":0,"victory":false,"max_hp_per_floor":[90,90,90,90,90,90,90,90,90,90,90,90,93,93,93,101,101,104,107,107,107,110,110,110],"card_choices":[{"not_picked":["Scarecrow","MHz","ShyLook"],"picked":"Singing Bowl","floor":1},{"not_picked":["CherryBlossoms","WallGazer"],"picked":"Woodsman","floor":1},{"not_picked":["champ:BringItOn","champ:FalseCounter"],"picked":"champ:DeathBlow","floor":1},{"not_picked":["Murderer","GalaxyChild","VoidDream"],"picked":"Singing Bowl","floor":2},{"not_picked":["CherryBlossoms","BeautyBeast"],"picked":"RedShoes","floor":2},{"not_picked":["champ:GladiatorsShout","champ:Backstep"],"picked":"champ:SteelEdge","floor":2},{"not_picked":["HappyTeddy","WallGazer","OldLady"],"picked":"Singing Bowl","floor":7},{"not_picked":["MHz","MeatLantern"],"picked":"UniverseFragment","floor":7},{"not_picked":["champ:Balance","champ:DefensiveShout"],"picked":"champ:FaceSlap","floor":7},{"not_picked":["CrumblingArmor","CherryBlossoms","MeatLantern"],"picked":"Singing Bowl","floor":13},{"not_picked":["champ:ShieldSigil","champ:SkillfulDodge"],"picked":"champ:FightOn","floor":13},{"not_picked":["WallGazer","Wellcheers","Bloodbath"],"picked":"Singing Bowl","floor":14},{"not_picked":["champ:TornadoPunch","champ:SwordSigil","champ:BringItOn"],"picked":"SKIP","floor":14},{"not_picked":["Wellcheers","DreamingCurrent","NakedNest"],"picked":"Singing Bowl","floor":16},{"not_picked":["champ:ShieldThrow","champ:Improvising"],"picked":"champ:EnchantCrown","floor":16},{"not_picked":["Funeral","BlackSwan","BeautyBeast"],"picked":"Singing Bowl","floor":18},{"not_picked":["champ:DefensiveShout","champ:GladiatorsShout"],"picked":"champ:EnragedBash","floor":18},{"not_picked":["VoidDream","BigBird","MHz"],"picked":"Singing Bowl","floor":22},{"not_picked":["champ:FlashCut+1","champ:PerfectForm"],"picked":"champ:CalledShot","floor":22}],"player_experience":3141823,"relics_obtained":[{"floor":1,"key":"LetterFromLob"},{"floor":9,"key":"Juzu Bracelet"},{"floor":13,"key":"White Beast Statue"}],"event_choices":[{"damage_healed":0,"gold_gain":0,"player_choice":"Take Damage","damage_taken":22,"relics_obtained":["Golden Idol"],"max_hp_gain":0,"max_hp_loss":0,"event_name":"Golden Idol","floor":3,"gold_loss":0},{"damage_healed":0,"gold_gain":0,"player_choice":"Forge","damage_taken":0,"max_hp_gain":0,"max_hp_loss":0,"event_name":"Accursed Blacksmith","floor":5,"gold_loss":0,"cards_upgraded":["champ:Improvising"]},{"damage_healed":0,"gold_gain":30,"player_choice":"Searched \u00272\u0027 times","damage_taken":0,"relics_obtained":["Replay:Ringing Soul"],"max_hp_gain":0,"max_hp_loss":0,"event_name":"Dead Adventurer","floor":11,"gold_loss":0},{"damage_healed":0,"gold_gain":0,"player_choice":"Gave Potion","damage_taken":0,"relics_obtained":["construct:FoamFinger"],"max_hp_gain":0,"max_hp_loss":0,"event_name":"WeMeetAgain","floor":12,"gold_loss":0},{"damage_healed":0,"gold_gain":0,"player_choice":"Leave","damage_taken":0,"max_hp_gain":0,"max_hp_loss":0,"event_name":"conspire:Investor","floor":21,"gold_loss":0}],"is_beta":false,"boss_relics":[{"not_picked":["Pandora\u0027s Box","ReplayTheSpireMod:DimensionalGlitch","Ectoplasm"]}],"items_purged_floors":[],"is_endless":false,"potions_floor_spawned":[2,7,14,16,18,22],"killed_by":"Nightmare","ascension_level":0}}