{"host":"naykp6d9ulahlwib","time":1608246024,"event":{"mods":["BaseMod","Highlight Path","Minty Spire (QoL Compilation)","Shop Mod","StSLib"],"gold_per_floor":[110,110,126,76,94,94,94,107,107,127,127,127,156,186,186,289,289,289,239,164,164,164,164,64,64,64,64,64,64,64,64,64,64,64,64,64,64,64,64,64,64,64,64,64,64,64,64,64,64,64],"floor_reached":51,"playtime":5692,"items_purged":["Defend_P","Strike_P"],"score":1175,"play_id":"4662e4c5-1b85-4217-9988-8d7bde43e618","local_time":"20201217170024","is_ascension_mode":true,"campfire_choices":[{"data":"Eruption","floor":6.0,"key":"SMITH"},{"data":"Protect","floor":11.0,"key":"SMITH"},{"data":"Wish","floor":15.0,"key":"SMITH"},{"data":"Vault","floor":23.0,"key":"SMITH"},{"data":"Wallop","floor":25.0,"key":"SMITH"},{"data":"Collect","floor":27.0,"key":"SMITH"},{"floor":30.0,"key":"REST"},{"data":"Wallop","floor":32.0,"key":"SMITH"},{"data":"Alpha","floor":40.0,"key":"SMITH"},{"data":"Blind","floor":47.0,"key":"SMITH"},{"floor":49,"key":"REST"}],"circlet_count":0,"master_deck":["AscendersBane","Strike_P","Strike_P","Defend_P","Defend_P","Defend_P","Eruption+1","Vigilance","Consecrate","CutThroughFate","Protect+1","Collect+1","Wish+1","Vault+1","Wallop+1","Wallop+1","Evaluate+1","Meditate","Alpha+1","TalkToTheHand+1","Blind+1","WreathOfFlame+1","Halt+1"],"relics":["PureWater","NeowsBlessing","Gremlin Horn","Lizard Tail","Oddly Smooth Stone","Odd Mushroom","Ectoplasm","Molten Egg 2","Boot","Prayer Wheel","Sozu","Girya","TeardropLocket","Letter Opener"],"acts_visited":["Exordium","TheCity","TheBeyond"],"potions_floor_usage":[48],"damage_taken":[{"damage":0.0,"enemies":"Jaw Worm","floor":1.0,"turns":1.0},{"damage":0.0,"enemies":"Cultist","floor":3.0,"turns":1.0},{"damage":0.0,"enemies":"Small Slimes","floor":5.0,"turns":1.0},{"damage":3.0,"enemies":"Blue Slaver","floor":8.0,"turns":4.0},{"damage":8.0,"enemies":"Large Slime","floor":10.0,"turns":3.0},{"damage":10.0,"enemies":"Gremlin Nob","floor":13.0,"turns":4.0},{"damage":6.0,"enemies":"The Mushroom Lair","floor":14.0,"turns":3.0},{"damage":13.0,"enemies":"Slime Boss","floor":16.0,"turns":9.0},{"damage":1.0,"enemies":"Chosen","floor":18.0,"turns":4.0},{"damage":0.0,"enemies":"3 Byrds","floor":22.0,"turns":4.0},{"damage":17.0,"enemies":"Centurion and Healer","floor":29.0,"turns":4.0},{"damage":1.0,"enemies":"Gremlin Leader","floor":31.0,"turns":7.0},{"damage":0.0,"enemies":"Automaton","floor":33.0,"turns":11.0},{"damage":8.0,"enemies":"3 Darklings","floor":35.0,"turns":4.0},{"damage":0.0,"enemies":"Orb Walker","floor":36.0,"turns":4.0},{"damage":7.0,"enemies":"Spire Growth","floor":39.0,"turns":5.0},{"damage":0.0,"enemies":"4 Shapes","floor":41.0,"turns":8.0},{"damage":9.0,"enemies":"Nemesis","floor":42.0,"turns":7.0},{"damage":36,"enemies":"Reptomancer","floor":48,"turns":6},{"damage":19,"enemies":"Awakened One","floor":50,"turns":12}],"seed_played":"-1196232949866786332","potions_obtained":[{"floor":3.0,"key":"Dexterity Potion"},{"floor":10.0,"key":"GamblersBrew"},{"floor":14.0,"key":"Fire Potion"},{"floor":16.0,"key":"Ancient Potion"},{"floor":22.0,"key":"Regen Potion"}],"is_trial":false,"path_per_floor":["M","?","M","?","M","R","?","M","T","M","R","?","E","?","R","B",null,"M","?","$","?","M","R","$","R","T","R","T","M","R","E","R","B",null,"M","M","?","?","M","R","M","E","T","T","?","$","R","E","R","B",null],"character_chosen":"WATCHER","items_purchased":[],"campfire_rested":2,"item_purchase_floors":[],"current_hp_per_floor":[65,72,72,72,72,72,72,69,69,61,61,66,56,50,50,37,67,66,66,66,66,66,66,66,66,66,66,66,49,72,71,71,71,76,68,68,68,68,61,61,61,52,52,52,52,52,52,31,52,33],"gold":64,"neow_bonus":"THREE_ENEMY_KILL","is_daily":false,"chose_seed":false,"campfire_upgraded":9,"win_rate":0.0,"timestamp":1608246024,"path_taken":["M","?","?","?","M","R","?","M","T","M","R","?","E","?","R","BOSS","M","?","?","?","M","R","$","R","T","R","?","M","R","E","R","BOSS","M","M","?","?","M","R","M","E","T","?","?","?","R","E","R","BOSS"],"items_purchased_type":[],"build_version":"2020-12-13","purchased_purges":2,"victory":true,"max_hp_per_floor":[72,72,72,72,72,72,72,72,72,72,72,77,77,77,77,77,77,77,77,77,77,77,77,77,77,77,77,77,77,77,77,77,77,77,77,77,77,77,77,77,77,77,77,77,73,73,73,73,73,73],"card_choices":[{"not_picked":["Prostrate","Fasting2","SashWhip"],"picked":"SKIP","floor":1.0},{"not_picked":["Prostrate","Vengeance"],"picked":"Consecrate","floor":3.0},{"not_picked":["LikeWater","BowlingBash"],"picked":"CutThroughFate","floor":5.0},{"not_picked":["BowlingBash","ClearTheMind","Crescendo"],"picked":"SKIP","floor":8.0},{"not_picked":["CutThroughFate","BowlingBash"],"picked":"Protect","floor":10.0},{"not_picked":["Swivel","InnerPeace"],"picked":"Collect","floor":13.0},{"not_picked":["ClearTheMind","PathToVictory"],"picked":"Wish","floor":14.0},{"not_picked":["MasterReality","Devotion"],"picked":"Vault","floor":16.0},{"not_picked":["EmptyMind","LikeWater"],"picked":"Wallop","floor":18.0},{"not_picked":["ClearTheMind","PathToVictory"],"picked":"Wallop","floor":22.0},{"not_picked":["Consecrate+1","BattleHymn"],"picked":"Evaluate+1","floor":29.0},{"not_picked":["FlurryOfBlows+1","MentalFortress+1"],"picked":"Meditate","floor":31.0},{"not_picked":["Scrawl","Devotion"],"picked":"Alpha","floor":33.0},{"not_picked":["Halt","EmptyFist+1","CutThroughFate+1"],"picked":"SKIP","floor":35.0},{"not_picked":["FlurryOfBlows+1","Meditate","Crescendo"],"picked":"SKIP","floor":35.0},{"not_picked":["Crescendo","Halt"],"picked":"TalkToTheHand+1","floor":36.0},{"not_picked":["Halt","ThirdEye","PathToVictory"],"picked":"SKIP","floor":36.0},{"not_picked":["Metamorphosis","Violence"],"picked":"Blind","floor":38.0},{"not_picked":["BowlingBash+1","EmptyBody","EmptyFist+1"],"picked":"SKIP","floor":39.0},{"not_picked":["Consecrate+1","LessonLearned+1","Adaptation"],"picked":"SKIP","floor":39.0},{"not_picked":["FollowUp+1","Study","ClearTheMind"],"picked":"SKIP","floor":41.0},{"not_picked":["BowlingBash+1","ThirdEye+1","Crescendo"],"picked":"SKIP","floor":41.0},{"not_picked":["ThirdEye","CarveReality+1"],"picked":"WreathOfFlame+1","floor":42.0},{"not_picked":["BowlingBash+1","Evaluate"],"picked":"Halt+1","floor":48}],"player_experience":794213,"relics_obtained":[{"floor":9.0,"key":"Lizard Tail"},{"floor":13.0,"key":"Oddly Smooth Stone"},{"floor":14.0,"key":"Odd Mushroom"},{"floor":26.0,"key":"Molten Egg 2"},{"floor":28.0,"key":"Boot"},{"floor":31.0,"key":"Prayer Wheel"},{"floor":42.0,"key":"Girya"},{"floor":44.0,"key":"TeardropLocket"},{"floor":48,"key":"Letter Opener"}],"event_choices":[{"damage_healed":7.0,"max_hp_gain":0.0,"max_hp_loss":0.0,"gold_gain":0.0,"event_name":"Wheel of Change","player_choice":"Full Heal","floor":2.0,"gold_loss":0.0,"damage_taken":0.0},{"cards_removed":["Strike_P"],"damage_healed":0.0,"max_hp_gain":0.0,"max_hp_loss":0.0,"gold_gain":0.0,"event_name":"The Cleric","player_choice":"Card Removal","floor":4.0,"gold_loss":50.0,"damage_taken":0.0},{"damage_healed":0.0,"max_hp_gain":0.0,"max_hp_loss":0.0,"gold_gain":0.0,"event_name":"Dead Adventurer","player_choice":"Searched \u00271\u0027 times","floor":7.0,"gold_loss":0.0,"damage_taken":0.0,"relics_obtained":["Gremlin Horn"]},{"damage_healed":0.0,"max_hp_gain":5.0,"max_hp_loss":0.0,"gold_gain":0.0,"event_name":"Big Fish","player_choice":"Donut","floor":12.0,"gold_loss":0.0,"damage_taken":0.0},{"damage_healed":0.0,"max_hp_gain":0.0,"max_hp_loss":0.0,"gold_gain":0.0,"event_name":"Mushrooms","player_choice":"Fought Mushrooms","floor":14.0,"gold_loss":0.0,"damage_taken":0.0},{"damage_healed":0.0,"max_hp_gain":0.0,"max_hp_loss":0.0,"gold_gain":100.0,"event_name":"The Joust","player_choice":"Bet on Murderer","floor":19.0,"gold_loss":50.0,"damage_taken":0.0},{"damage_healed":0.0,"max_hp_gain":0.0,"max_hp_loss":0.0,"gold_gain":0.0,"event_name":"Vampires","player_choice":"Ignored","floor":21.0,"gold_loss":0.0,"damage_taken":0.0},{"damage_healed":0.0,"max_hp_gain":0.0,"max_hp_loss":0.0,"gold_gain":0.0,"event_name":"Mysterious Sphere","player_choice":"Ignored","floor":37.0,"gold_loss":0.0,"damage_taken":0.0},{"damage_healed":0.0,"max_hp_gain":0.0,"max_hp_loss":0.0,"gold_gain":0.0,"event_name":"SensoryStone","player_choice":"Memory 1","floor":38.0,"gold_loss":0.0,"damage_taken":0.0},{"damage_healed":0.0,"max_hp_gain":0.0,"max_hp_loss":4.0,"gold_gain":0.0,"event_name":"Winding Halls","player_choice":"Max HP","floor":45.0,"gold_loss":0.0,"damage_taken":0.0}],"is_beta":false,"boss_relics":[{"not_picked":["Black Star","Coffee Dripper"],"picked":"Ectoplasm"},{"not_picked":["VioletLotus","Cursed Key"],"picked":"Sozu"}],"items_purged_floors":[20,24],"is_endless":false,"potions_floor_spawned":[3,10,14,16,22,29,39,41,42,48],"ascension_level":12}}