{"host":"yvoppmyq353hf3pf","time":1608196652,"event":{"mods":["BaseMod","Colored Map","Colored Powertips","Downfall","Minty Spire (QoL Compilation)","StSLib"],"gold_per_floor":[99,126,136,136,148,148,174,274,292,292,302,320,340,360,378,475,475,475,489,97,129,129,155,182,214,228,228,228,228,228,20,30,131,131,131,131,12,12,12,31,31,31,31,46,58,78,78,124,152,164],"floor_reached":51,"playtime":3388,"items_purged":["Writhe"],"score":662,"play_id":"7b0ce8f6-9d91-4f77-b8a0-16ea6c786bd1","local_time":"20201217031732","is_ascension_mode":false,"campfire_choices":[{"data":"Guardian:StasisField","floor":1.0,"key":"SMITH"},{"data":"Guardian:TwinSlam","floor":4.0,"key":"SMITH"},{"floor":10.0,"key":"REST"},{"data":"Guardian:ChargeUp","floor":18.0,"key":"SMITH"},{"data":"Guardian:Preprogram","floor":22,"key":"SMITH"},{"floor":27,"key":"REST"},{"data":"Guardian:AncientConstruct","floor":35,"key":"SMITH"},{"data":"Guardian:Emergency","floor":39,"key":"SMITH"},{"data":"Guardian:DonusPower","floor":42,"key":"SMITH"}],"circlet_count":0,"master_deck":["Guardian:CurlUp+1","Guardian:TwinSlam+1","Guardian:StasisField+1","Guardian:Harden","Guardian:ChargeCore","Guardian:PrimingBeam","Guardian:PolyBeam","Guardian:PrismaticBarrier","Guardian:ChargeUp+1","Guardian:PolyBeam","Guardian:MultiBeam","Guardian:Preprogram+1","Guardian:PolyBeam","Guardian:RollAttack","Guardian:TimeBomb","Guardian:ExploitGems","Guardian:PiercingHide+1","Guardian:TemporalShield+1","expansioncontent:TimeRipple","Guardian:Emergency+1","Guardian:PrimingBeam","Guardian:SentryBeam","Guardian:AncientConstruct+1","Guardian:Emergency+1","Guardian:DonusPower+1","Guardian:DonusPower+1","Guardian:PrimingBeam+1","Guardian:Gem_White","Guardian:WalkerClaw+1"],"relics":["Guardian:ModeShifter","Regal Pillow","Tiny Chest","Pandora\u0027s Box","Juzu Bracelet","Bag of Marbles","Oddly Smooth Stone","PreservedInsect","Incense Burner","Anchor","Philosopher\u0027s Stone","Frozen Egg 2","Ornamental Fan","MawBank"],"acts_visited":["Exordium","TheCity","TheBeyond"],"potions_floor_usage":[44,50,50,50],"damage_taken":[{"damage":25.0,"enemies":"3 Sentries","floor":2.0,"turns":12.0},{"damage":0.0,"enemies":"Small Slimes","floor":3.0,"turns":5.0},{"damage":0.0,"enemies":"Jaw Worm","floor":5.0,"turns":3.0},{"damage":19.0,"enemies":"downfall:Heads","floor":8.0,"turns":9.0},{"damage":0.0,"enemies":"Cultist","floor":9.0,"turns":3.0},{"damage":0.0,"enemies":"2 Fungi Beasts","floor":11.0,"turns":3.0},{"damage":8.0,"enemies":"3 Louse","floor":12.0,"turns":3.0},{"damage":5.0,"enemies":"Exordium Thugs","floor":13.0,"turns":5.0},{"damage":3.0,"enemies":"Red Slaver","floor":14.0,"turns":3.0},{"damage":1.0,"enemies":"Large Slime","floor":15.0,"turns":5.0},{"damage":31.0,"enemies":"downfall:Silent","floor":16.0,"turns":11.0},{"damage":9.0,"enemies":"Spheric Guardian","floor":19.0,"turns":4.0},{"damage":0.0,"enemies":"downfall:FleeingMerchant","floor":20.0,"turns":4.0},{"damage":12,"enemies":"Book of Stabbing","floor":21,"turns":5},{"damage":21,"enemies":"Gremlin Leader","floor":25,"turns":6},{"damage":7,"enemies":"3 Cultists","floor":26,"turns":5},{"damage":0,"enemies":"downfall:FleeingMerchant","floor":31,"turns":4},{"damage":0,"enemies":"Snake Plant","floor":32,"turns":4},{"damage":16,"enemies":"downfall:Ironclad","floor":33,"turns":8},{"damage":0,"enemies":"downfall:FleeingMerchant","floor":37,"turns":4},{"damage":13,"enemies":"Orb Walker","floor":40,"turns":4},{"damage":0,"enemies":"3 Darklings","floor":44,"turns":4},{"damage":1,"enemies":"Writhing Mass","floor":45,"turns":4},{"damage":3,"enemies":"Jaw Worm Horde","floor":46,"turns":3},{"damage":0,"enemies":"Maw","floor":49,"turns":7},{"damage":9,"enemies":"downfall:Defect","floor":50,"turns":9}],"seed_played":"-8478554294063756605","potions_obtained":[{"floor":5.0,"key":"AttackPotion"},{"floor":11.0,"key":"DuplicationPotion"},{"floor":12.0,"key":"Guardian:DefensiveModePotion"},{"floor":16.0,"key":"Guardian:DefensiveModePotion"},{"floor":21,"key":"Guardian:BlockOnCardUsePotion"},{"floor":45,"key":"SpeedPotion"}],"is_trial":false,"path_per_floor":["R","E","M","R","M","?","T","?","M","R","M","M","M","M","M","B",null,"R","M","$","E","R","T","T","E","M","R","?","?","?","$","M","B",null,"R","T","$","?","R","M","T","R","?","M","M","M","?","T","M","B",null],"character_chosen":"GUARDIAN","items_purchased":["expansioncontent:TimeRipple","Juzu Bracelet","Guardian:BaubleBeam","Guardian:PrimingBeam","Guardian:SentryBeam","Guardian:BronzeOrb","Guardian:Emergency"],"campfire_rested":2,"item_purchase_floors":[20,20,20,31,31,37,37],"current_hp_per_floor":[80,55,55,55,55,55,55,36,36,75,75,67,62,59,58,27,80,80,71,71,59,59,59,59,38,31,70,70,70,90,90,90,74,90,90,90,90,90,90,77,77,77,77,77,76,73,73,73,73,64],"gold":176,"neow_bonus":"ONE_RANDOM_RARE_CARD","is_daily":false,"chose_seed":false,"campfire_upgraded":7,"win_rate":0.0,"timestamp":1608196652,"path_taken":["R","E","M","R","M","?","T","?","M","R","M","?","M","M","M","BOSS","R","M","?","E","R","?","T","E","M","R","?","?","?","$","M","BOSS","R","?","$","?","R","M","T","R","?","M","M","M","?","?","M","BOSS"],"items_purchased_type":["Card","Relic","Card","Card","Card","Card","Card"],"build_version":"2020-12-13","purchased_purges":1,"victory":true,"max_hp_per_floor":[80,80,80,80,80,80,80,80,80,80,80,80,80,80,80,80,80,80,80,80,80,80,80,80,80,80,80,80,80,90,90,90,90,90,90,90,90,90,90,90,90,90,90,90,90,90,90,90,90,90],"card_choices":[{"not_picked":["Guardian:Gem_Cyan","Guardian:CrystalBeam"],"picked":"Guardian:Harden","floor":2.0},{"not_picked":["Guardian:TemporalShield","Guardian:TemporalStrike"],"picked":"Guardian:ChargeCore","floor":3.0},{"not_picked":["Guardian:Gem_Cyan","Guardian:Planning"],"picked":"Guardian:Gem_Purple","floor":5.0},{"not_picked":["Guardian:Recover","Guardian:TemporalStrike"],"picked":"Guardian:PolyBeam","floor":9.0},{"not_picked":["Guardian:Repulse","Guardian:Planning"],"picked":"Guardian:PrismaticBarrier","floor":11.0},{"not_picked":["Guardian:RollAttack","Guardian:CrystalBeam"],"picked":"Guardian:ChargeUp","floor":12.0},{"not_picked":["Guardian:Clone","Guardian:Emergency"],"picked":"Guardian:PolyBeam","floor":13.0},{"not_picked":["Guardian:Gem_Purple","Guardian:Gem_Red"],"picked":"Guardian:MultiBeam","floor":14.0},{"not_picked":["Guardian:Incinerate","Guardian:RollAttack"],"picked":"Guardian:Preprogram","floor":15.0},{"not_picked":["Guardian:ExploitGems","Guardian:AncientConstruct"],"picked":"Guardian:Gem_Synthetic","floor":16.0},{"not_picked":["Guardian:PolyBeam","Guardian:Gem_Cyan"],"picked":"Guardian:PiercingHide+1","floor":19.0},{"not_picked":["Guardian:Planning","Guardian:Recover"],"picked":"Guardian:TemporalShield+1","floor":20.0},{"not_picked":["Guardian:Clone","Guardian:Suspension"],"picked":"Guardian:Gem_Lightblue","floor":21},{"not_picked":["Guardian:Gem_Lightblue","Guardian:HyperBeam_Guardian"],"picked":"Guardian:Gem_Red","floor":25},{"not_picked":["Guardian:BronzeOrb","Guardian:TemporalShield"],"picked":"Guardian:Gem_Green","floor":26},{"not_picked":["Guardian:TimeBomb","Guardian:Gem_Orange"],"picked":"Guardian:Emergency+1","floor":31},{"not_picked":["Guardian:PiercingHide","Guardian:Gem_Green"],"picked":"Guardian:Gem_Cyan","floor":32},{"not_picked":["Guardian:ConstructionForm","Guardian:StasisField"],"picked":"Guardian:AncientConstruct","floor":33},{"not_picked":["Guardian:ShieldSpikes","Guardian:PiercingHide"],"picked":"Guardian:Gem_Lightblue","floor":37},{"not_picked":["Guardian:Planning+1","Guardian:StasisField"],"picked":"Guardian:DonusPower","floor":40},{"not_picked":["Guardian:Gem_Green","Guardian:Gem_Crimson"],"picked":"Guardian:DonusPower+1","floor":44},{"not_picked":["Guardian:Gem_Purple","Guardian:TemporalStrike"],"picked":"Guardian:PrimingBeam+1","floor":45},{"not_picked":["Guardian:PrimingBeam+1","Guardian:PrismaticBeam+1"],"picked":"Guardian:Gem_White","floor":46},{"not_picked":["Guardian:Gem_Lightblue","Guardian:CrystalBeam+1"],"picked":"Guardian:WalkerClaw+1","floor":49}],"player_experience":1560091,"relics_obtained":[{"floor":2.0,"key":"Regal Pillow"},{"floor":7.0,"key":"Tiny Chest"},{"floor":21,"key":"Bag of Marbles"},{"floor":23,"key":"Oddly Smooth Stone"},{"floor":24,"key":"PreservedInsect"},{"floor":25,"key":"Incense Burner"},{"floor":36,"key":"Frozen Egg 2"},{"floor":41,"key":"Ornamental Fan"},{"floor":48,"key":"MawBank"}],"event_choices":[{"cards_removed":["Guardian:BaubleBeam"],"damage_healed":10,"gold_gain":0,"player_choice":"Offered Rare","damage_taken":0,"max_hp_gain":10,"max_hp_loss":0,"event_name":"Bonfire Elementals","floor":30,"gold_loss":0},{"cards_removed":["Guardian:BronzeOrb"],"damage_healed":0,"gold_gain":0,"player_choice":"Removed Attack","damage_taken":0,"max_hp_gain":0,"max_hp_loss":0,"event_name":"Falling","floor":38,"gold_loss":0}],"is_beta":false,"boss_relics":[{"not_picked":["Runic Pyramid","SlaversCollar"],"picked":"Pandora\u0027s Box"},{"not_picked":["Guardian:StasisSlotReductionRelic","Black Star"],"picked":"Philosopher\u0027s Stone"}],"items_purged_floors":[31],"is_endless":false,"potions_floor_spawned":[5,11,12,13,14,16,21,25,26,45,46,49],"ascension_level":0}}