{"host":"do5be0rrwzdbe7ng","time":1608175446,"event":{"mods":["AchievementEnabler","BaseMod","Colored Map","Colored Powertips","Custom Start","DeckTracker","Keyboard Shortcuts","Minty Spire (QoL Compilation)","Quick Restart","StSLib","SuperFastMode","everything is the same but u backflip on backflip"],"gold_per_floor":[117,267,347,422,34,34,64,74,99,111,123,123,153,164,164,241,241,257,257,1,1,18,18,47,63,117,140,152,68,68,87,87,159,159,175,200,200,210,60,60,87,12,12,27,27,61,78,35,35,35],"floor_reached":51,"playtime":2052,"items_purged":["Strike_B","Strike_B","Defend_B","Defend_B"],"score":1588,"play_id":"ae260791-1302-497d-a8df-a759d03e959b","local_time":"20201217122406","is_ascension_mode":true,"campfire_choices":[{"data":"Beam Cell","floor":6.0,"key":"SMITH"},{"data":"Heatsinks","floor":15.0,"key":"SMITH"},{"data":"Echo Form","floor":23.0,"key":"SMITH"},{"floor":28.0,"key":"REST"},{"data":"Storm","floor":32.0,"key":"SMITH"},{"floor":40,"key":"REST"},{"floor":45,"key":"RECALL"},{"floor":49,"key":"REST"}],"circlet_count":0,"master_deck":["AscendersBane","Defend_B","Zap","Dualcast","Beam Cell+1","Undo","Loop","Skim","Heatsinks+1","Electrodynamics","Static Discharge","Turbo","Echo Form+1","Darkness","Sweeping Beam","Panacea","Heatsinks","Storm+1","Coolheaded","Creative AI","Master of Strategy","Glacier","Storm+1"],"relics":["Cracked Core","NeowsBlessing","Mummified Hand","Bird Faced Urn","Mango","Omamori","Oddly Smooth Stone","Cursed Key","Membership Card","Boot","MawBank","Fusion Hammer","StoneCalendar","DataDisk","CaptainsWheel","Bottled Tornado","Gremlin Horn"],"acts_visited":["Exordium","TheCity","TheBeyond"],"potions_floor_usage":[38,46,50],"damage_taken":[{"damage":0.0,"enemies":"Small Slimes","floor":1.0,"turns":1.0},{"damage":0.0,"enemies":"Gremlin Nob","floor":7.0,"turns":1.0},{"damage":0.0,"enemies":"Jaw Worm","floor":8.0,"turns":1.0},{"damage":0.0,"enemies":"2 Louse","floor":10.0,"turns":1.0},{"damage":13.0,"enemies":"Large Slime","floor":11.0,"turns":6.0},{"damage":17.0,"enemies":"3 Sentries","floor":13.0,"turns":6.0},{"damage":19.0,"enemies":"Exordium Wildlife","floor":14.0,"turns":2.0},{"damage":32.0,"enemies":"Slime Boss","floor":16.0,"turns":6.0},{"damage":16.0,"enemies":"2 Thieves","floor":18.0,"turns":3.0},{"damage":5.0,"enemies":"Spheric Guardian","floor":22.0,"turns":4.0},{"damage":50.0,"enemies":"Book of Stabbing","floor":24.0,"turns":5.0},{"damage":6.0,"enemies":"Cultist and Chosen","floor":25.0,"turns":5.0},{"damage":6.0,"enemies":"Snake Plant","floor":27.0,"turns":4.0},{"damage":15.0,"enemies":"Shelled Parasite and Fungi","floor":31.0,"turns":4.0},{"damage":20,"enemies":"Collector","floor":33,"turns":10},{"damage":22,"enemies":"3 Darklings","floor":35,"turns":3},{"damage":0,"enemies":"Mind Bloom Boss Battle","floor":36,"turns":7},{"damage":16,"enemies":"3 Shapes","floor":38,"turns":2},{"damage":0,"enemies":"Giant Head","floor":41,"turns":6},{"damage":0,"enemies":"3 Darklings","floor":44,"turns":2},{"damage":12,"enemies":"Nemesis","floor":46,"turns":5},{"damage":0,"enemies":"Transient","floor":47,"turns":6},{"damage":0,"enemies":"Donu and Deca","floor":50,"turns":4}],"seed_played":"26645409053422565","potions_obtained":[{"floor":1.0,"key":"CultistPotion"},{"floor":7.0,"key":"DistilledChaos"},{"floor":14.0,"key":"BlessingOfTheForge"},{"floor":22.0,"key":"PowerPotion"},{"floor":27.0,"key":"SteroidPotion"},{"floor":31.0,"key":"Fruit Juice"},{"floor":38,"key":"Explosive Potion"},{"floor":44,"key":"AttackPotion"},{"floor":47,"key":"SteroidPotion"}],"is_trial":false,"path_per_floor":["M","?","T","?","$","R","E","M","T","M","M","?","E","M","R","B",null,"M","?","$","?","M","R","E","M","T","M","R","$","?","M","R","B",null,"M","?","?","M","$","R","E","$","T","M","R","E","M","$","R","B",null],"character_chosen":"DEFECT","items_purchased":["Bird Faced Urn","Undo","Membership Card","Panacea","Storm","Coolheaded","DataDisk","DistilledChaos"],"campfire_rested":3,"item_purchase_floors":[5,5,20,20,29,29,39,48],"current_hp_per_floor":[64,64,64,53,53,53,67,67,67,67,58,58,47,34,34,10,66,62,62,62,37,44,44,8,16,16,22,49,49,49,48,48,44,79,79,90,80,85,85,95,95,95,95,95,95,94,95,95,95,95],"gold":35,"neow_bonus":"THREE_ENEMY_KILL","is_daily":false,"chose_seed":false,"campfire_upgraded":4,"win_rate":0.0,"timestamp":1608175446,"path_taken":["M","?","?","?","$","R","E","M","T","M","M","?","E","M","R","BOSS","M","?","$","?","M","R","E","M","T","M","R","?","?","M","R","BOSS","M","?","?","M","$","R","E","$","T","M","R","E","M","$","R","BOSS"],"items_purchased_type":["Relic","Card","Relic","Card","Card","Card","Relic","Potion"],"build_version":"2020-12-13","purchased_purges":4,"victory":true,"max_hp_per_floor":[71,71,71,71,71,71,85,85,85,85,85,85,85,85,85,85,85,85,85,85,90,90,90,90,90,90,90,90,90,90,90,90,90,90,90,90,90,95,95,95,95,95,95,95,95,95,95,95,95,95],"card_choices":[{"not_picked":["Rip and Tear","Hello World"],"picked":"Beam Cell","floor":1.0},{"not_picked":["Rebound","Steam"],"picked":"Loop","floor":7.0},{"not_picked":["Stack","Ball Lightning"],"picked":"Skim","floor":8.0},{"not_picked":["Stack","Beam Cell"],"picked":"Heatsinks","floor":10.0},{"not_picked":["Redo","Sweeping Beam"],"picked":"Electrodynamics","floor":11.0},{"not_picked":["Double Energy","Hologram"],"picked":"Static Discharge","floor":13.0},{"not_picked":["Stack","Coolheaded"],"picked":"Turbo","floor":14.0},{"not_picked":["Meteor Strike","Electrodynamics"],"picked":"Echo Form","floor":16.0},{"not_picked":["Steam","Reinforced Body","Aggregate"],"picked":"SKIP","floor":18.0},{"not_picked":["Lockon","Hologram","Sweeping Beam+1"],"picked":"SKIP","floor":22.0},{"not_picked":["Hologram","Conserve Battery"],"picked":"Heatsinks","floor":24.0},{"not_picked":["Steam","Fusion","Blizzard"],"picked":"SKIP","floor":25.0},{"not_picked":["Redo","Go for the Eyes","Sunder"],"picked":"SKIP","floor":27.0},{"not_picked":["Coolheaded","Hologram","Redo"],"picked":"SKIP","floor":31.0},{"not_picked":["Hyperbeam","Electrodynamics"],"picked":"Creative AI","floor":33},{"not_picked":["Streamline","Undo","Stack+1"],"picked":"SKIP","floor":35},{"not_picked":["Mind Blast","Enlightenment"],"picked":"Master of Strategy","floor":37},{"not_picked":["Ball Lightning","Auto Shields"],"picked":"Glacier","floor":38},{"not_picked":["Fission","Steam","Gash"],"picked":"SKIP","floor":41},{"not_picked":["Barrage","Beam Cell","Compile Driver"],"picked":"SKIP","floor":44},{"not_picked":["Self Repair","Beam Cell"],"picked":"Storm+1","floor":46},{"not_picked":["Darkness","Streamline","Barrage"],"picked":"SKIP","floor":47}],"player_experience":344271,"relics_obtained":[{"floor":3.0,"key":"Mummified Hand"},{"floor":7.0,"key":"Mango"},{"floor":9.0,"key":"Omamori"},{"floor":13.0,"key":"Oddly Smooth Stone"},{"floor":24.0,"key":"Boot"},{"floor":26.0,"key":"MawBank"},{"floor":36,"key":"StoneCalendar"},{"floor":41,"key":"CaptainsWheel"},{"floor":43,"key":"Bottled Tornado"},{"floor":46,"key":"Gremlin Horn"}],"event_choices":[{"damage_healed":0.0,"max_hp_gain":0.0,"max_hp_loss":0.0,"gold_gain":150.0,"event_name":"Liars Game","player_choice":"AGREE","floor":2.0,"gold_loss":0.0,"damage_taken":0.0,"cards_obtained":["Doubt"]},{"damage_healed":0.0,"max_hp_gain":0.0,"max_hp_loss":0.0,"gold_gain":75.0,"event_name":"World of Goop","player_choice":"Gather Gold","floor":4.0,"gold_loss":0.0,"damage_taken":11.0},{"cards_removed":["Doubt"],"damage_healed":0.0,"max_hp_gain":0.0,"max_hp_loss":0.0,"gold_gain":0.0,"event_name":"Living Wall","player_choice":"Forget","floor":12.0,"gold_loss":0.0,"damage_taken":0.0},{"damage_healed":0.0,"max_hp_gain":0.0,"max_hp_loss":0.0,"gold_gain":0.0,"cards_transformed":["Strike_B","Strike_B"],"event_name":"Drug Dealer","player_choice":"Became Test Subject","floor":19.0,"gold_loss":0.0,"damage_taken":0.0,"cards_obtained":["Darkness","Sweeping Beam"]},{"damage_healed":0.0,"max_hp_gain":5.0,"max_hp_loss":0.0,"gold_gain":0.0,"event_name":"Forgotten Altar","player_choice":"Shed Blood","floor":21.0,"gold_loss":0.0,"damage_taken":30.0},{"cards_removed":["Defend_B"],"damage_healed":0.0,"max_hp_gain":0.0,"max_hp_loss":0.0,"gold_gain":0.0,"event_name":"Back to Basics","player_choice":"Elegance","floor":30.0,"gold_loss":0.0,"damage_taken":0.0},{"damage_healed":0,"gold_gain":0,"player_choice":"Fight","damage_taken":0,"max_hp_gain":0,"max_hp_loss":0,"event_name":"MindBloom","floor":36,"gold_loss":0},{"damage_healed":0,"gold_gain":0,"player_choice":"Memory 3","damage_taken":10,"max_hp_gain":0,"max_hp_loss":0,"event_name":"SensoryStone","floor":37,"gold_loss":0}],"is_beta":false,"boss_relics":[{"not_picked":["Empty Cage","Busted Crown"],"picked":"Cursed Key"},{"not_picked":["SlaversCollar","Pandora\u0027s Box"],"picked":"Fusion Hammer"}],"items_purged_floors":[20,29,39,42],"is_endless":false,"potions_floor_spawned":[1,7,8,14,22,27,31,35,38,44,47],"ascension_level":18}}