{"host":"qw1m3zcvi888b4j7","time":1608165503,"event":{"mods":["BaseMod","Block Reminder","Colored Map","Colored Powertips","DeckTracker","Highlight Path","Hubris","Minty Spire (QoL Compilation)","Quick Restart","Rare Cards Sparkle","Relic Sorter","Relic Stats","Replay The Spire","StSLib","The Blue Laboratory","The Cursed"],"gold_per_floor":[111,111,122,140,155,187,187,214,239,239,250,250,62,82,82,178,178,195,8,8,8,8,8,8,8],"floor_reached":24,"playtime":1120,"items_purged":[],"score":214,"play_id":"19e5e0d1-2e6b-4e41-8a53-fbde1b9f182e","local_time":"20201217013823","is_ascension_mode":true,"campfire_choices":[{"floor":7,"key":"REST"},{"floor":10,"key":"RECALL"},{"floor":12,"key":"REST"},{"floor":15,"key":"REST"},{"data":"Armaments","floor":23,"key":"SMITH"}],"circlet_count":0,"master_deck":["Strike_R","Strike_R","Strike_R","Strike_R","Strike_R","Defend_R","Defend_R","Defend_R","Defend_R","Bash","Flex","Armaments+1","Blood for Blood","Pommel Strike","Sword Boomerang","ReplayReversal","ReplayTheSpireMod:Muscle Training","Twin Strike","Twin Strike","Flex","Demonic Infusion","Replay:Undeath\u0027s Touch","Infernal Blade","Demonic Infusion"],"relics":["Burning Blood","Replay:Towering Pillar of Hats","Replay:Rubber Ducky","White Beast Statue","ReplayTheSpireMod:Spearhead","ClockworkSouvenir","hubris:RunicObelisk","Blue Doll","Nilry\u0027s Codex"],"acts_visited":["Exordium","TheCity"],"potions_floor_usage":[6,6,8,16,16,24],"damage_taken":[{"damage":19,"enemies":"Small Slimes","floor":1,"turns":4},{"damage":6,"enemies":"Cultist","floor":3,"turns":3},{"damage":11,"enemies":"Jaw Worm","floor":4,"turns":4},{"damage":8,"enemies":"Red Slaver","floor":5,"turns":4},{"damage":27,"enemies":"Gremlin Nob","floor":6,"turns":4},{"damage":26,"enemies":"Lagavulin","floor":8,"turns":9},{"damage":6,"enemies":"Blue Slaver","floor":11,"turns":4},{"damage":34,"enemies":"Gremlin Gang","floor":14,"turns":5},{"damage":36,"enemies":"Fading Forest","floor":16,"turns":11},{"damage":16,"enemies":"Chosen","floor":18,"turns":4},{"damage":58,"enemies":"Gremlin Leader","floor":24,"turns":6}],"seed_played":"5684228802699439614","potions_obtained":[{"floor":1,"key":"Milkshake"},{"floor":4,"key":"ColorlessPotion"},{"floor":6,"key":"Weak Potion"},{"floor":11,"key":"Dexterity Potion"},{"floor":14,"key":"blueLaboratory:BubblePotion"},{"floor":16,"key":"ElixirPotion"},{"floor":18,"key":"BlessingOfTheForge"}],"is_trial":false,"path_per_floor":["M","?","M","M","M","E","R","E","T","R","M","R","$","M","R","B",null,"M","$","?","$","?","R","E"],"character_chosen":"IRONCLAD","items_purchased":["ClockworkSouvenir","Twin Strike","Blue Doll","Infernal Blade"],"campfire_rested":3,"item_purchase_floors":[13,13,19,19],"current_hp_per_floor":[67,67,67,62,60,39,63,43,43,43,43,67,67,39,63,51,80,70,70,54,54,54,54,0,0],"gold":8,"neow_bonus":"ONE_RARE_RELIC","is_daily":false,"chose_seed":false,"campfire_upgraded":1,"win_rate":0.0,"timestamp":1608165503,"path_taken":["M","?","?","M","M","E","R","E","T","R","M","R","$","M","R","BOSS","M","$","?","$","?","R","E"],"items_purchased_type":["Relic","Card","Relic","Card"],"build_version":"2020-12-13","purchased_purges":0,"victory":false,"max_hp_per_floor":[80,80,80,80,80,80,80,80,80,80,80,80,80,80,80,80,80,80,80,80,80,80,80,80,80],"relic_stats":{"counters":[11,58],"obtain_stats":[{"ReplayTheSpireMod:Spearhead":9,"Replay:Towering Pillar of Hats":0,"Nilry\u0027s Codex":20,"Blue Doll":19,"hubris:RunicObelisk":17,"Burning Blood":0,"White Beast Statue":8,"Replay:Rubber Ducky":6,"ClockworkSouvenir":13},{"ReplayTheSpireMod:Spearhead":6,"Replay:Towering Pillar of Hats":0,"Nilry\u0027s Codex":10,"Blue Doll":10,"hubris:RunicObelisk":9,"Burning Blood":0,"White Beast Statue":6,"Replay:Rubber Ducky":5,"ClockworkSouvenir":7},{"ReplayTheSpireMod:Spearhead":28,"Replay:Towering Pillar of Hats":0,"Nilry\u0027s Codex":52,"Blue Doll":52,"hubris:RunicObelisk":48,"Burning Blood":0,"White Beast Statue":28,"Replay:Rubber Ducky":19,"ClockworkSouvenir":32}],"Burning Blood":60},"card_choices":[{"not_picked":["Havoc","Blood for Blood"],"picked":"Flex","floor":1},{"not_picked":["Body Slam","Sever Soul"],"picked":"Armaments","floor":3},{"not_picked":["Clothesline","Sword Boomerang"],"picked":"Blood for Blood","floor":4},{"not_picked":["Entrench","Wild Strike"],"picked":"Pommel Strike","floor":5},{"not_picked":["Uppercut","Flex"],"picked":"Sword Boomerang","floor":6},{"not_picked":["Feed","Burning Pact"],"picked":"ReplayReversal","floor":8},{"not_picked":["Havoc","Clash"],"picked":"ReplayTheSpireMod:Muscle Training","floor":11},{"not_picked":["Pummel","Replay:Undeath\u0027s Touch"],"picked":"Flex","floor":14},{"not_picked":["Impervious","Hemogenesis"],"picked":"Demonic Infusion","floor":16},{"not_picked":["Twin Strike","ReplayTheSpireMod:Corrosion Curse+1"],"picked":"Replay:Undeath\u0027s Touch","floor":18}],"player_experience":105887,"relics_obtained":[{"floor":6,"key":"Replay:Rubber Ducky"},{"floor":8,"key":"White Beast Statue"},{"floor":9,"key":"ReplayTheSpireMod:Spearhead"},{"floor":20,"key":"Nilry\u0027s Codex"}],"event_choices":[{"cards_removed":["hubris:Sloth"],"damage_healed":0,"gold_gain":0,"player_choice":"Purged","damage_taken":0,"max_hp_gain":0,"max_hp_loss":0,"event_name":"Purifier","floor":2,"gold_loss":0},{"damage_healed":0,"gold_gain":0,"player_choice":"Obtained Book","damage_taken":16,"max_hp_gain":0,"max_hp_loss":0,"event_name":"Cursed Tome","floor":20,"gold_loss":0},{"damage_healed":0,"gold_gain":0,"player_choice":"Copied","damage_taken":0,"max_hp_gain":0,"max_hp_loss":0,"event_name":"Duplicator","floor":22,"gold_loss":0,"cards_obtained":["Demonic Infusion"]}],"is_beta":false,"boss_relics":[{"not_picked":["Runic Cube","ReplayTheSpireMod:DimensionalGlitch"],"picked":"hubris:RunicObelisk"}],"items_purged_floors":[],"is_endless":false,"potions_floor_spawned":[1,4,6,11,14,16,18],"killed_by":"Gremlin Leader","ascension_level":1}}