{"host":"z60ck2mpr6goyib8","time":1608228441,"event":{"mods":["BaseMod","Best Route Mod","Bestiary","Better Third Choice","Block Reminder","Colored Map","Colored Powertips","Googly Eyes","Minty Spire (QoL Compilation)","Quick Restart","Relic Stats","Slay-I","StSLib","everything is the same but u backflip on backflip"],"gold_per_floor":[118,132,148,98,117,117,133,159,159,159,176,176,190,202,202,202,202],"floor_reached":16,"playtime":510,"items_purged":[],"score":159,"play_id":"a4d6df60-5190-4158-86f4-f27fc62a6378","local_time":"20201217180721","is_ascension_mode":true,"campfire_choices":[{"data":"Feel No Pain","floor":6.0,"key":"SMITH"},{"floor":10,"key":"REST"},{"floor":15,"key":"REST"}],"circlet_count":0,"master_deck":["AscendersBane","Strike_R","Strike_R","Defend_R","Defend_R","Bash","Intimidate+1","Dark Embrace+1","Wild Strike+1","Uppercut","Bloodletting","Ghostly Armor","Feel No Pain+1","Sword Boomerang","Feel No Pain","Headbutt","Double Tap","Reckless Charge","Flame Barrier","True Grit","Sword Boomerang","Flame Barrier"],"relics":["Astrolabe","PreservedInsect","Prayer Wheel"],"acts_visited":["Exordium"],"potions_floor_usage":[8,8,14,14],"damage_taken":[{"damage":6.0,"enemies":"Jaw Worm","floor":1.0,"turns":4.0},{"damage":0.0,"enemies":"Small Slimes","floor":2.0,"turns":3.0},{"damage":3.0,"enemies":"Cultist","floor":3.0,"turns":3.0},{"damage":6.0,"enemies":"2 Fungi Beasts","floor":5.0,"turns":4.0},{"damage":17,"enemies":"3 Louse","floor":7,"turns":4},{"damage":31,"enemies":"3 Sentries","floor":8,"turns":6},{"damage":14,"enemies":"Large Slime","floor":11,"turns":5},{"damage":17,"enemies":"Exordium Thugs","floor":13,"turns":6},{"damage":6,"enemies":"Looter","floor":14,"turns":2},{"damage":0,"enemies":"The Guardian","floor":16,"turns":2}],"seed_played":"2549742584146449976","potions_obtained":[{"floor":3.0,"key":"Fruit Juice"},{"floor":5.0,"key":"ColorlessPotion"},{"floor":7,"key":"FearPotion"},{"floor":11,"key":"SkillPotion"},{"floor":13,"key":"Swift Potion"}],"is_trial":false,"path_per_floor":["M","M","M","?","M","R","M","E","T","R","M","?","M","M","R","B"],"character_chosen":"IRONCLAD","items_purchased":[],"campfire_rested":2,"item_purchase_floors":[],"current_hp_per_floor":[66,66,68,68,62,62,45,14,14,39,25,25,8,2,27,27,27],"gold":202,"neow_bonus":"BOSS_RELIC","is_daily":false,"chose_seed":false,"campfire_upgraded":1,"win_rate":0.0,"timestamp":1608228441,"path_taken":["M","M","M","?","M","R","M","E","T","R","M","?","M","M","R","BOSS"],"items_purchased_type":[],"build_version":"2020-12-13","purchased_purges":0,"victory":false,"max_hp_per_floor":[80,80,85,85,85,85,85,85,85,85,85,85,85,85,85,85,85],"relic_stats":{"counters":[10,39],"Astrolabe":["Intimidate","Dark Embrace","Wild Strike"],"Prayer Wheel":3,"PreservedInsect":0,"obtain_stats":[{"Astrolabe":0,"Prayer Wheel":9,"PreservedInsect":8,"Burning Blood":0},{"Astrolabe":0,"Prayer Wheel":6,"PreservedInsect":6,"Burning Blood":0},{"Astrolabe":0,"Prayer Wheel":24,"PreservedInsect":24,"Burning Blood":0}]},"card_choices":[{"not_picked":["Clothesline","Wild Strike"],"picked":"Uppercut","floor":1.0},{"not_picked":["Seeing Red","Sword Boomerang"],"picked":"Bloodletting","floor":2.0},{"not_picked":["Cleave","Headbutt"],"picked":"Ghostly Armor","floor":3.0},{"not_picked":["Fiend Fire","Flex"],"picked":"Feel No Pain","floor":5.0},{"not_picked":["Heavy Blade","Sentinel"],"picked":"Sword Boomerang","floor":7},{"not_picked":["Body Slam","Hemokinesis"],"picked":"Feel No Pain","floor":8},{"not_picked":["Armaments","Anger"],"picked":"Headbutt","floor":11},{"not_picked":["Uppercut","Warcry"],"picked":"Double Tap","floor":11},{"not_picked":["Blood for Blood","Dual Wield"],"picked":"Flame Barrier","floor":13},{"not_picked":["Inflame","Thunderclap"],"picked":"True Grit","floor":13},{"not_picked":["Twin Strike","Second Wind"],"picked":"Sword Boomerang","floor":14},{"not_picked":["Shockwave","Dual Wield"],"picked":"Flame Barrier","floor":14}],"player_experience":493049,"relics_obtained":[{"floor":8,"key":"PreservedInsect"},{"floor":9,"key":"Prayer Wheel"}],"event_choices":[{"cards_removed":["Defend_R"],"damage_healed":0.0,"max_hp_gain":0.0,"max_hp_loss":0.0,"gold_gain":0.0,"event_name":"The Cleric","player_choice":"Card Removal","floor":4.0,"gold_loss":50.0,"damage_taken":0.0},{"damage_healed":0,"gold_gain":0,"cards_transformed":["Strike_R"],"player_choice":"Change","damage_taken":0,"max_hp_gain":0,"max_hp_loss":0,"event_name":"Living Wall","floor":12,"gold_loss":0,"cards_obtained":["Reckless Charge"]}],"is_beta":false,"boss_relics":[],"items_purged_floors":[],"is_endless":false,"potions_floor_spawned":[3,5,7,11,13],"killed_by":"The Guardian","ascension_level":10}}