{"host":"wg33yb1rgt3nbe17","time":1608199169,"event":{"mods":["AchievementEnabler","BaseMod","Block Reminder","Colored Map","Highlight Path","Minty Spire (QoL Compilation)","Permanent Neow","StSLib"],"gold_per_floor":[112,112,127,1,16,16,27,59,82,82,82,94,156,184,184,184,184],"floor_reached":16,"playtime":399,"items_purged":["Defend_R"],"score":198,"play_id":"9625e5b3-d80f-486d-ad79-53135dc8da49","local_time":"20201217045929","is_ascension_mode":true,"campfire_choices":[{"data":"True Grit","floor":6,"key":"SMITH"},{"data":"True Grit","floor":11,"key":"SMITH"},{"floor":15,"key":"REST"}],"circlet_count":0,"master_deck":["AscendersBane","Strike_R","Strike_R","Strike_R","Strike_R","Strike_R","Defend_R","Defend_R","Bash","Carnage","Carnage","True Grit+1","True Grit+1","Power Through","Sever Soul","Armaments","Fire Breathing"],"relics":["Burning Blood","Charon\u0027s Ashes","Regal Pillow","Anchor","GremlinMask","Vajra"],"acts_visited":["Exordium"],"potions_floor_usage":[8],"damage_taken":[{"damage":13,"enemies":"Jaw Worm","floor":1,"turns":4},{"damage":0,"enemies":"Cultist","floor":3,"turns":2},{"damage":7,"enemies":"Small Slimes","floor":5,"turns":3},{"damage":1,"enemies":"Exordium Wildlife","floor":7,"turns":2},{"damage":3,"enemies":"3 Sentries","floor":8,"turns":5},{"damage":0,"enemies":"Lots of Slimes","floor":12,"turns":3},{"damage":57,"enemies":"Gremlin Nob","floor":14,"turns":6},{"damage":52,"enemies":"The Guardian","floor":16,"turns":7}],"seed_played":"2158202739182038512","potions_obtained":[{"floor":7,"key":"LiquidMemories"}],"is_trial":false,"path_per_floor":["M","?","M","$","M","R","M","E","T","?","R","M","?","E","R","B"],"character_chosen":"IRONCLAD","items_purchased":["True Grit"],"campfire_rested":1,"item_purchase_floors":[4],"current_hp_per_floor":[43,43,49,49,48,48,53,56,56,56,56,62,62,11,48,0,0],"gold":184,"neow_bonus":"ONE_RARE_RELIC","is_daily":false,"chose_seed":false,"campfire_upgraded":2,"win_rate":0.0,"timestamp":1608199169,"path_taken":["M","?","?","$","M","R","M","E","T","?","R","?","?","E","R","BOSS"],"items_purchased_type":["Card"],"build_version":"2020-12-13","purchased_purges":1,"victory":false,"max_hp_per_floor":[75,75,75,75,75,75,75,75,75,75,75,75,75,75,75,75,75],"card_choices":[{"not_picked":["Heavy Blade","Twin Strike"],"picked":"Carnage","floor":1},{"not_picked":["True Grit","Warcry"],"picked":"Carnage","floor":3},{"not_picked":["Blood for Blood","Clothesline"],"picked":"True Grit","floor":5},{"not_picked":["Clash","Searing Blow"],"picked":"Power Through","floor":7},{"not_picked":["Juggernaut","Pummel"],"picked":"Sever Soul","floor":8},{"not_picked":["Flex","Anger"],"picked":"Armaments","floor":12},{"not_picked":["Cleave","Thunderclap"],"picked":"Fire Breathing","floor":14}],"player_experience":509950,"relics_obtained":[{"floor":8,"key":"Regal Pillow"},{"floor":9,"key":"Anchor"},{"floor":14,"key":"Vajra"}],"event_choices":[{"cards_removed":["Defend_R"],"damage_healed":0,"gold_gain":0,"player_choice":"Offered Basic","damage_taken":0,"max_hp_gain":0,"max_hp_loss":0,"event_name":"Bonfire Elementals","floor":2,"gold_loss":0},{"damage_healed":0,"gold_gain":0,"player_choice":"Trade","damage_taken":0,"relics_obtained":["GremlinMask"],"max_hp_gain":0,"max_hp_loss":0,"event_name":"FaceTrader","floor":10,"gold_loss":0},{"damage_healed":0,"gold_gain":62,"player_choice":"Gained Gold","damage_taken":0,"max_hp_gain":0,"max_hp_loss":0,"event_name":"Golden Wing","floor":13,"gold_loss":0}],"is_beta":false,"boss_relics":[],"items_purged_floors":[4],"is_endless":false,"potions_floor_spawned":[7],"killed_by":"The Guardian","ascension_level":16}}