{"host":"ci7ivtocgfxh0ueo","time":1608180756,"event":{"mods":["BaseMod","GifTheSpireLib","Minty Spire (QoL Compilation)","StSLib"],"gold_per_floor":[118,118,118,133,33,33,61,61,61,86,106,106,71,87,87,163,163,174,174,174,8,8,8,8,23,49,49,49,67,67,67,67],"floor_reached":31,"playtime":485,"items_purged":[],"score":491,"play_id":"44054a42-5ed8-4179-a172-7cc6c6828371","local_time":"20201217125236","is_ascension_mode":true,"campfire_choices":[{"data":"Noxious Fumes","floor":6,"key":"SMITH"},{"data":"Terror","floor":8,"key":"SMITH"},{"data":"Enlightenment","floor":12,"key":"SMITH"},{"data":"Corpse Explosion","floor":15,"key":"SMITH"},{"data":"Adrenaline","floor":23,"key":"SMITH"},{"floor":27,"key":"REST"}],"circlet_count":0,"master_deck":["AscendersBane","Defend_G","Defend_G","Defend_G","Defend_G","Survivor","Neutralize+1","PiercingWail","Noxious Fumes+1","Enlightenment+1","Terror+1","Underhanded Strike","Corpse Explosion+1","Adrenaline+1","Eviscerate+1","Deadly Poison+1","Wraith Form v2+1","All Out Attack+1","Adrenaline","Writhe","Heel Hook","Bite","Bite","Bite","Bite","Bite","Distraction"],"relics":["Ring of the Snake","NeowsBlessing","Happy Flower","Toy Ornithopter","Whetstone","Odd Mushroom","Astrolabe","Anchor","Akabeko"],"acts_visited":["Exordium","TheCity"],"potions_floor_usage":[11,18,25],"damage_taken":[{"damage":0,"enemies":"2 Louse","floor":1,"turns":1},{"damage":0,"enemies":"Small Slimes","floor":4,"turns":1},{"damage":0,"enemies":"Lagavulin","floor":7,"turns":2},{"damage":20,"enemies":"The Mushroom Lair","floor":11,"turns":6},{"damage":0,"enemies":"Cultist","floor":14,"turns":4},{"damage":50,"enemies":"Hexaghost","floor":16,"turns":9},{"damage":1,"enemies":"Chosen","floor":18,"turns":3},{"damage":32,"enemies":"Shell Parasite","floor":25,"turns":5},{"damage":25,"enemies":"Snake Plant","floor":29,"turns":4},{"damage":34,"enemies":"Gremlin Leader","floor":31,"turns":4}],"seed_played":"-499733290672482761","potions_obtained":[{"floor":4,"key":"LiquidMemories"},{"floor":16,"key":"GamblersBrew"},{"floor":18,"key":"SkillPotion"}],"is_trial":false,"path_per_floor":["M","?","?","M","$","R","E","R","T","T","?","R","?","M","R","B",null,"M","?","?","$","?","R","$","M","T","R","?","M","?","E"],"character_chosen":"THE_SILENT","items_purchased":["Enlightenment","Adrenaline"],"campfire_rested":1,"item_purchase_floors":[5,21],"current_hp_per_floor":[59,59,59,59,59,59,59,59,59,59,44,44,60,60,60,10,52,56,56,38,38,38,38,38,11,11,32,32,15,15,0,0],"gold":67,"neow_bonus":"THREE_ENEMY_KILL","is_daily":false,"chose_seed":false,"campfire_upgraded":5,"win_rate":0.0,"timestamp":1608180756,"path_taken":["M","?","?","?","?","R","E","R","T","?","?","R","?","M","R","BOSS","M","?","?","$","?","R","?","?","T","R","?","M","?","E"],"items_purchased_type":["Card","Card"],"build_version":"2020-12-13","purchased_purges":0,"victory":false,"max_hp_per_floor":[66,66,66,66,66,66,66,66,66,66,66,66,66,66,66,66,66,66,66,71,71,71,71,71,71,71,71,49,49,49,49,49],"card_choices":[{"not_picked":["Poisoned Stab","Flying Knee"],"picked":"PiercingWail","floor":1},{"not_picked":["Bane","Setup"],"picked":"Noxious Fumes","floor":4},{"not_picked":["Sucker Punch","Reflex"],"picked":"Terror","floor":7},{"not_picked":["Sucker Punch","Quick Slash"],"picked":"Underhanded Strike","floor":11},{"not_picked":["Poisoned Stab","Dash"],"picked":"Corpse Explosion","floor":14},{"not_picked":["Corpse Explosion","Phantasmal Killer"],"picked":"Adrenaline","floor":16},{"not_picked":["Reflex","Sucker Punch"],"picked":"All Out Attack+1","floor":18},{"not_picked":["Backflip","Dagger Throw"],"picked":"Heel Hook","floor":25},{"not_picked":["Sucker Punch","Dodge and Roll"],"picked":"Distraction","floor":29}],"player_experience":1263433,"relics_obtained":[{"floor":7,"key":"Happy Flower"},{"floor":9,"key":"Toy Ornithopter"},{"floor":10,"key":"Whetstone"},{"floor":11,"key":"Odd Mushroom"},{"floor":26,"key":"Akabeko"}],"event_choices":[{"damage_healed":0,"gold_gain":0,"player_choice":"Ignored","damage_taken":0,"max_hp_gain":0,"max_hp_loss":0,"event_name":"Golden Wing","floor":2,"gold_loss":0},{"damage_healed":0,"gold_gain":0,"player_choice":"Ignored","damage_taken":0,"max_hp_gain":0,"max_hp_loss":0,"event_name":"Purifier","floor":3,"gold_loss":0},{"damage_healed":0,"gold_gain":0,"player_choice":"Fought Mushrooms","damage_taken":0,"max_hp_gain":0,"max_hp_loss":0,"event_name":"Mushrooms","floor":11,"gold_loss":0},{"damage_healed":16,"gold_gain":0,"player_choice":"Healed","damage_taken":0,"max_hp_gain":0,"max_hp_loss":0,"event_name":"The Cleric","floor":13,"gold_loss":35},{"damage_healed":0,"gold_gain":0,"player_choice":"Ignored","damage_taken":0,"max_hp_gain":0,"max_hp_loss":0,"event_name":"Ghosts","floor":19,"gold_loss":0},{"damage_healed":0,"gold_gain":0,"player_choice":"Shed Blood","damage_taken":23,"max_hp_gain":5,"max_hp_loss":0,"event_name":"Forgotten Altar","floor":20,"gold_loss":0},{"damage_healed":0,"gold_gain":0,"player_choice":"Opened","damage_taken":0,"relics_obtained":["Anchor"],"max_hp_gain":0,"max_hp_loss":0,"event_name":"The Mausoleum","floor":22,"gold_loss":0,"cards_obtained":["Writhe"]},{"damage_healed":0,"gold_gain":0,"player_choice":"Became a vampire","damage_taken":0,"max_hp_gain":0,"max_hp_loss":22,"event_name":"Vampires","floor":28,"gold_loss":0,"cards_obtained":["Bite","Bite","Bite","Bite","Bite"]},{"damage_healed":0,"gold_gain":0,"player_choice":"Ignored","damage_taken":0,"max_hp_gain":0,"max_hp_loss":0,"event_name":"Cursed Tome","floor":30,"gold_loss":0}],"is_beta":false,"boss_relics":[{"not_picked":["Velvet Choker","Cursed Key"],"picked":"Astrolabe"}],"items_purged_floors":[],"is_endless":false,"potions_floor_spawned":[4,16,18],"killed_by":"Gremlin Leader","ascension_level":17}}