{"host":"e2ju6k0wppswbhbd","time":1608165540,"event":{"mods":["BaseMod","Minty Spire (QoL Compilation)","Rare Cards Sparkle","StSLib"],"gold_per_floor":[18,28,43,60,72,107,123,123,123,198,210,242,242,259,259,359,359,378,2,22,22,22],"floor_reached":21,"playtime":3226,"items_purged":[],"score":195,"play_id":"6a9840d5-49b6-4965-8073-f283aed0ee89","local_time":"20201217013900","is_ascension_mode":false,"campfire_choices":[{"floor":8.0,"key":"RECALL"},{"data":"Swivel","floor":13.0,"key":"SMITH"},{"data":"Eruption","floor":15.0,"key":"SMITH"}],"circlet_count":0,"master_deck":["Strike_P","Strike_P","Strike_P","Defend_P","Defend_P","Defend_P","Eruption+1","Vigilance","Evaluate","Prostrate+1","ClearTheMind","PathToVictory","FollowUp","JustLucky","EmptyBody","FlyingSleeves","Swivel+1","Establishment","LessonLearned","PathToVictory","Wallop","Jack Of All Trades","Collect+1"],"relics":["PureWater","Akabeko","The Courier","Anchor","Empty Cage","Toolbox","Blood Vial"],"acts_visited":["Exordium","TheCity"],"potions_floor_usage":[21],"damage_taken":[{"damage":0.0,"enemies":"Small Slimes","floor":1.0,"turns":2.0},{"damage":2.0,"enemies":"Jaw Worm","floor":2.0,"turns":7.0},{"damage":0.0,"enemies":"Cultist","floor":3.0,"turns":5.0},{"damage":3.0,"enemies":"Looter","floor":4.0,"turns":5.0},{"damage":0.0,"enemies":"Red Slaver","floor":5.0,"turns":5.0},{"damage":9.0,"enemies":"3 Sentries","floor":6.0,"turns":9.0},{"damage":0.0,"enemies":"Exordium Wildlife","floor":7.0,"turns":3.0},{"damage":0.0,"enemies":"Lots of Slimes","floor":11.0,"turns":1.0},{"damage":3.0,"enemies":"Lagavulin","floor":12.0,"turns":5.0},{"damage":2.0,"enemies":"Exordium Thugs","floor":14.0,"turns":6.0},{"damage":45.0,"enemies":"Hexaghost","floor":16.0,"turns":11.0},{"damage":39,"enemies":"Spheric Guardian","floor":18,"turns":8},{"damage":20,"enemies":"Chosen","floor":20,"turns":7},{"damage":43,"enemies":"Snecko","floor":21,"turns":9}],"seed_played":"3803824147969524584","potions_obtained":[{"floor":3.0,"key":"Weak Potion"},{"floor":4.0,"key":"BlessingOfTheForge"},{"floor":7.0,"key":"Explosive Potion"},{"floor":11.0,"key":"SteroidPotion"},{"floor":12.0,"key":"BlessingOfTheForge"},{"floor":14.0,"key":"FearPotion"},{"floor":20,"key":"Energy Potion"}],"is_trial":false,"path_per_floor":["M","M","M","M","M","E","M","R","T","?","M","E","R","M","R","B",null,"M","$","M","M"],"character_chosen":"WATCHER","items_purchased":["Toolbox","Wallop","Blood Vial","Jack Of All Trades"],"campfire_rested":0,"item_purchase_floors":[19,19,19,19],"current_hp_per_floor":[86,84,84,81,81,72,72,72,72,61,61,58,58,56,56,11,86,47,47,29,0,0],"gold":22,"neow_bonus":"TWENTY_PERCENT_HP_BONUS","is_daily":false,"chose_seed":false,"campfire_upgraded":2,"win_rate":0.0,"timestamp":1608165540,"path_taken":["M","M","M","M","M","E","M","R","T","?","M","E","R","M","R","BOSS","M","$","M","M"],"items_purchased_type":["Relic","Card","Relic","Card"],"build_version":"2020-12-13","purchased_purges":0,"victory":false,"max_hp_per_floor":[86,86,86,86,86,86,86,86,86,86,86,86,86,86,86,86,86,86,86,86,86,86],"card_choices":[{"not_picked":["CrushJoints","SashWhip"],"picked":"Evaluate","floor":1.0},{"not_picked":["Pray","FlyingSleeves"],"picked":"Prostrate","floor":2.0},{"not_picked":["BowlingBash","Tantrum"],"picked":"ClearTheMind","floor":3.0},{"not_picked":["InnerPeace","ThirdEye"],"picked":"PathToVictory","floor":4.0},{"not_picked":["ClearTheMind","Evaluate"],"picked":"FollowUp","floor":5.0},{"not_picked":["Weave","FollowUp"],"picked":"JustLucky","floor":6.0},{"not_picked":["Crescendo","FollowUp"],"picked":"EmptyBody","floor":7.0},{"not_picked":["EmptyBody","Evaluate"],"picked":"FlyingSleeves","floor":11.0},{"not_picked":["FollowUp","Perseverance"],"picked":"Swivel","floor":12.0},{"not_picked":["FlurryOfBlows","BowlingBash"],"picked":"Establishment","floor":14.0},{"not_picked":["Judgement","Alpha"],"picked":"LessonLearned","floor":16.0},{"not_picked":["CarveReality","Swivel+1"],"picked":"PathToVictory","floor":18},{"not_picked":["BattleHymn","EmptyFist+1"],"picked":"Collect+1","floor":20}],"player_experience":2538896,"relics_obtained":[{"floor":6.0,"key":"Akabeko"},{"floor":9.0,"key":"The Courier"},{"floor":12.0,"key":"Anchor"}],"event_choices":[{"damage_healed":0.0,"max_hp_gain":0.0,"max_hp_loss":0.0,"gold_gain":75.0,"event_name":"World of Goop","player_choice":"Gather Gold","floor":10.0,"gold_loss":0.0,"damage_taken":11.0}],"is_beta":false,"boss_relics":[{"not_picked":["Pandora\u0027s Box","SacredBark"],"picked":"Empty Cage"}],"items_purged_floors":[],"is_endless":false,"potions_floor_spawned":[3,4,7,11,12,14,20],"killed_by":"Snecko","ascension_level":0}}