{"host":"ocy7z4248lncoz2b","time":1608243895,"event":{"mods":["BaseMod","Beaked The Cultist","Better Match","Better Sensory Stone","Better Third Choice","BetterRewards","Clockwork Mod","Colored Powertips","Conspire","Downfall","Friendly Minions","Highlight Path","Hubris","Infinite Spire","Marisa????????","Mimic Mod","Minty Spire (QoL Compilation)","READ ME - Guardian Mod","Replay The Spire","Shop Mod","Spicy Shops","Spikes Relics","StSLib","SuperFastMode","The Blue Laboratory","The Construct","The Jungle"],"gold_per_floor":[99,116,225,225,254,268,268,101,112,139,29,45,56,41,57,57,57],"floor_reached":16,"playtime":1029,"items_purged":[],"score":112,"play_id":"0e863f01-53d1-4301-a133-d76ff2464350","local_time":"20201218072455","is_ascension_mode":false,"campfire_choices":[{"data":"hexamod:Float","floor":1,"key":"SMITH"},{"data":"expansioncontent:DefensiveMode","floor":4,"key":"SMITH"}],"circlet_count":0,"master_deck":["hexamod:Strike","hexamod:Strike","hexamod:Strike","hexamod:Strike","hexamod:Defend","hexamod:Defend","hexamod:Defend","hexamod:Defend","hexamod:Sear","hexamod:Float+1","expansioncontent:DefensiveMode+1","hexamod:ExtraCrispy","hexamod:SoulSteal","hexamod:RadiantFlame","hexamod:ParanormalForm","hexamod:Rewind","hexamod:StepThrough","hexamod:DynamicBlow","hexamod:CrushingStance","hexamod:HauntingEcho","hexamod:NightmareGuise","hexamod:GhostShield","hexamod:GhostOfSpirePresent","hexamod:TimeWarp","hexamod:HeatMetal","Replay:Parry","hexamod:HeatShield","hexamod:HexaLevel","hexamod:FirstSeal"],"relics":["hexamod:SpiritBrand","Gremlin Food","Incense Burner","SnailShell","Orrery","infinitespire:Lucky Rock"],"acts_visited":["Exordium"],"potions_floor_usage":[15,15,16,16],"damage_taken":[{"damage":0,"enemies":"Cultist","floor":2,"turns":3},{"damage":12,"enemies":"3 Sentries","floor":5,"turns":8},{"damage":0,"enemies":"Small Slimes","floor":6,"turns":4},{"damage":0,"enemies":"downfall:FleeingMerchant","floor":8,"turns":4},{"damage":1,"enemies":"2 Louse","floor":9,"turns":3},{"damage":1,"enemies":"Lagavulin","floor":10,"turns":7},{"damage":0,"enemies":"downfall:FleeingMerchant","floor":11,"turns":4},{"damage":0,"enemies":"Red Slaver","floor":12,"turns":3},{"damage":2,"enemies":"Large Slime","floor":13,"turns":5},{"damage":7,"enemies":"downfall:FleeingMerchant","floor":14,"turns":4},{"damage":7,"enemies":"Exordium Thugs","floor":15,"turns":3},{"damage":24,"enemies":"downfall:Silent","floor":16,"turns":4}],"seed_played":"-3359027443316688703","potions_obtained":[{"floor":6,"key":"Swift Potion"},{"floor":9,"key":"blueLaboratory:BottleOfVodka"},{"floor":10,"key":"Languid Potion"},{"floor":15,"key":"BlessingOfTheForge"}],"is_trial":false,"path_per_floor":["R","M","?","R","E","M","T","$","M","E","$","M","M","$","M","B"],"character_chosen":"THE_SPIRIT","items_purchased":["Orrery","Replay:Parry"],"campfire_rested":0,"item_purchase_floors":[8,11],"current_hp_per_floor":[70,70,53,53,41,41,41,41,40,39,39,39,37,30,23,0,0],"gold":57,"neow_bonus":"RANDOM_COLORLESS","is_daily":false,"chose_seed":false,"campfire_upgraded":2,"win_rate":0.0,"timestamp":1608243895,"path_taken":["R","?","?","R","E","?","T","$","M","E","$","M","M","$","M","BOSS"],"items_purchased_type":["Relic","Card"],"build_version":"2020-12-13","purchased_purges":0,"victory":false,"max_hp_per_floor":[70,70,70,70,70,70,70,70,70,70,70,70,70,70,70,70,70],"card_choices":[{"not_picked":["Sharp Hide","Dramatic Entrance"],"picked":"expansioncontent:DefensiveMode","floor":0},{"not_picked":["hexamod:NecessarySacrifice","hexamod:BacktrackSmack"],"picked":"hexamod:ExtraCrispy","floor":2},{"not_picked":["hexamod:AdvancingGuard","hexamod:ThermalTransfer"],"picked":"hexamod:SoulSteal","floor":3},{"not_picked":["hexamod:BacktrackSmack","hexamod:InspiringFlames"],"picked":"hexamod:RadiantFlame","floor":3},{"not_picked":["hexamod:DynamicBlow","hexamod:HeatShield"],"picked":"hexamod:ParanormalForm","floor":5},{"not_picked":["hexamod:BacktrackSmack","hexamod:ThermalTransfer"],"picked":"hexamod:Rewind","floor":6},{"not_picked":["hexamod:GhostOfSpireFuture","hexamod:FastForward"],"picked":"hexamod:StepThrough","floor":8},{"not_picked":["hexamod:InspiringFlames","hexamod:NightmareStrike"],"picked":"hexamod:DynamicBlow","floor":8},{"not_picked":["hexamod:NightmareStrike","hexamod:NecessarySacrifice"],"picked":"hexamod:CrushingStance","floor":8},{"not_picked":["hexamod:ShieldOfDarkness","hexamod:AdvancingGuard"],"picked":"hexamod:HauntingEcho","floor":8},{"not_picked":["hexamod:BacktrackSmack","hexamod:GhostLash"],"picked":"hexamod:NightmareGuise","floor":8},{"not_picked":["hexamod:SwordOfDarkness","hexamod:NecessarySacrifice"],"picked":"hexamod:GhostShield","floor":8},{"not_picked":["hexamod:SwordOfDarkness","hexamod:RainOfEmbers"],"picked":"hexamod:GhostOfSpirePresent","floor":9},{"not_picked":["hexamod:Firestarter","hexamod:InspiringFlames"],"picked":"hexamod:TimeWarp","floor":10},{"not_picked":["hexamod:ThermalTransfer","hexamod:SpectralAdrenaline"],"picked":"hexamod:HeatMetal","floor":11},{"not_picked":["hexamod:NightmareStrike","hexamod:ThermalTransfer"],"picked":"hexamod:HeatShield","floor":12},{"not_picked":["hexamod:SpectersWail","hexamod:StepThrough","hexamod:NightmareGuise"],"picked":"SKIP","floor":13},{"not_picked":["hexamod:BacktrackSmack","hexamod:GhostflameBarrier"],"picked":"hexamod:HexaLevel","floor":14},{"not_picked":["hexamod:Firestarter","hexamod:SwordOfDarkness"],"picked":"hexamod:FirstSeal","floor":15}],"player_experience":234060,"relics_obtained":[{"floor":3,"key":"Gremlin Food"},{"floor":5,"key":"Incense Burner"},{"floor":7,"key":"SnailShell"},{"floor":10,"key":"infinitespire:Lucky Rock"}],"event_choices":[],"is_beta":false,"boss_relics":[],"items_purged_floors":[],"is_endless":false,"potions_floor_spawned":[6,9,10,13,15],"killed_by":"downfall:Silent","ascension_level":0}}