{"host":"1c52r9kaxdyo25eq","time":1608217835,"event":{"mods":["AchievementEnabler","BaseMod","Minty Spire (QoL Compilation)","Rare Cards Sparkle","SuperFastMode","everything is the same but u backflip on backflip"],"gold_per_floor":[116,116,128,147,165,165,181,356,356,374,374,72,72,105,105,201,201,213,223,223,235,251,280,70,80,105,105,123,135,135,150,150,251,251,270,282,101,121,28,28,0,19,19,19,19,51,66,93,93,93,93,93,56,88,88],"floor_reached":56,"playtime":1972,"items_purged":["Doubt","Heavy Blade","Dropkick+1","Whirlwind"],"score":1480,"play_id":"cb117c79-7e76-4d7a-b0ca-c370674285de","local_time":"20201218001035","is_ascension_mode":true,"campfire_choices":[{"data":"Immolate","floor":6.0,"key":"SMITH"},{"data":"Entrench","floor":11.0,"key":"SMITH"},{"data":"Bloodletting","floor":15.0,"key":"SMITH"},{"data":"Body Slam","floor":30.0,"key":"SMITH"},{"floor":32.0,"key":"REST"},{"data":"Dark Embrace","floor":40.0,"key":"SMITH"},{"data":"Shrug It Off","floor":44.0,"key":"SMITH"},{"floor":49.0,"key":"RECALL"},{"data":"Juggernaut","floor":52.0,"key":"SMITH"}],"circlet_count":0,"master_deck":["Bash+1","Shrug It Off+1","Entrench+1","Bloodletting+1","Immolate+1","True Grit+1","Juggernaut+1","Berserk","Blood for Blood+1","Shrug It Off+1","Power Through+1","Body Slam+1","Feel No Pain","Offering+1","Dark Embrace+1","True Grit+1","Second Wind+1","Burning Pact+1","Dark Embrace"],"relics":["Burning Blood","Regal Pillow","Membership Card","Toxic Egg 2","MealTicket","Pandora\u0027s Box","Akabeko","HornCleat","Bottled Tornado","Empty Cage","OrangePellets","Red Mask","Nunchaku","Shuriken","Oddly Smooth Stone"],"acts_visited":["Exordium","TheCity","TheBeyond","TheEnding"],"potions_floor_usage":[55],"damage_taken":[{"damage":10.0,"enemies":"Small Slimes","floor":1.0,"turns":3.0},{"damage":6.0,"enemies":"Cultist","floor":3.0,"turns":4.0},{"damage":5.0,"enemies":"Jaw Worm","floor":4.0,"turns":3.0},{"damage":5.0,"enemies":"Large Slime","floor":5.0,"turns":5.0},{"damage":14.0,"enemies":"Red Slaver","floor":7.0,"turns":2.0},{"damage":25.0,"enemies":"3 Louse","floor":10.0,"turns":3.0},{"damage":26.0,"enemies":"Gremlin Nob","floor":14.0,"turns":4.0},{"damage":11.0,"enemies":"Slime Boss","floor":16.0,"turns":7.0},{"damage":15.0,"enemies":"3 Byrds","floor":18.0,"turns":3.0},{"damage":3.0,"enemies":"Chosen","floor":19.0,"turns":4.0},{"damage":10.0,"enemies":"Snecko","floor":21.0,"turns":4.0},{"damage":10.0,"enemies":"Centurion and Healer","floor":22.0,"turns":3.0},{"damage":45.0,"enemies":"Slavers","floor":23.0,"turns":5.0},{"damage":24.0,"enemies":"Snake Plant","floor":25.0,"turns":4.0},{"damage":15.0,"enemies":"Cultist and Chosen","floor":28.0,"turns":4.0},{"damage":0.0,"enemies":"Snecko","floor":29.0,"turns":3.0},{"damage":14.0,"enemies":"Shelled Parasite and Fungi","floor":31.0,"turns":4.0},{"damage":71.0,"enemies":"Collector","floor":33.0,"turns":9.0},{"damage":6.0,"enemies":"3 Shapes","floor":35.0,"turns":4.0},{"damage":9.0,"enemies":"3 Darklings","floor":36.0,"turns":2.0},{"damage":19.0,"enemies":"Maw","floor":38.0,"turns":3.0},{"damage":9.0,"enemies":"Jaw Worm Horde","floor":42.0,"turns":3.0},{"damage":10.0,"enemies":"Reptomancer","floor":46.0,"turns":3.0},{"damage":3.0,"enemies":"Sphere and 2 Shapes","floor":47.0,"turns":3.0},{"damage":12.0,"enemies":"Nemesis","floor":48.0,"turns":3.0},{"damage":17.0,"enemies":"Time Eater","floor":50.0,"turns":7.0},{"damage":12.0,"enemies":"Shield and Spear","floor":54.0,"turns":2.0},{"damage":24,"enemies":"The Heart","floor":55,"turns":5}],"seed_played":"-7691945625212961887","potions_obtained":[{"floor":3.0,"key":"Strength Potion"},{"floor":5.0,"key":"Regen Potion"},{"floor":10.0,"key":"Strength Potion"},{"floor":18.0,"key":"Swift Potion"},{"floor":21.0,"key":"Swift Potion"},{"floor":23.0,"key":"BloodPotion"},{"floor":25.0,"key":"HeartOfIron"},{"floor":29.0,"key":"EssenceOfSteel"},{"floor":38.0,"key":"SkillPotion"},{"floor":42.0,"key":"LiquidMemories"},{"floor":46.0,"key":"SkillPotion"},{"floor":47.0,"key":"Weak Potion"},{"floor":48.0,"key":"SkillPotion"}],"is_trial":false,"path_per_floor":["M","?","M","M","M","R","M","?","T","M","R","$","?","E","R","B",null,"M","M","T","M","M","E","$","M","T","?","M","M","R","M","R","B",null,"M","M","$","M","$","R","?","M","T","R","?","E","M","E","R","B",null,"R","$","E","B",null],"character_chosen":"IRONCLAD","items_purchased":["Membership Card","Toxic Egg 2","Feel No Pain","Bottled Tornado","Dark Embrace","OrangePellets","Second Wind+1","Dark Embrace"],"campfire_rested":1,"item_purchase_floors":[12,12,24,24,37,37,39,53],"current_hp_per_floor":[76,76,76,77,78,78,70,70,70,51,51,51,51,31,31,26,80,71,74,74,70,66,27,42,36,36,36,27,33,33,25,64,15,80,80,77,80,67,80,80,80,77,77,77,77,73,76,70,70,59,80,80,80,74,56],"gold":88,"neow_bonus":"UPGRADE_CARD","is_daily":false,"chose_seed":false,"campfire_upgraded":7,"win_rate":0.0,"timestamp":1608217835,"path_taken":["M","?","?","M","M","R","M","?","T","M","R","$","?","E","R","BOSS","M","M","?","M","M","E","$","M","T","?","M","M","R","?","R","BOSS","M","M","$","M","$","R","?","M","T","R","?","E","?","E","R","BOSS","R","$","E","BOSS"],"items_purchased_type":["Relic","Relic","Card","Relic","Card","Relic","Card","Card"],"build_version":"2020-12-13","purchased_purges":4,"victory":true,"max_hp_per_floor":[80,80,80,80,80,80,80,80,80,80,80,80,80,80,80,80,80,80,80,80,80,80,80,80,80,80,80,80,80,80,80,80,80,80,80,80,80,80,80,80,80,80,80,80,80,80,80,80,80,80,80,80,80,80,80],"card_choices":[{"not_picked":["Disarm","Twin Strike"],"picked":"Shrug It Off","floor":1.0},{"not_picked":["Intimidate","Armaments"],"picked":"Bloodletting","floor":3.0},{"not_picked":["Intimidate","Headbutt"],"picked":"Immolate","floor":4.0},{"not_picked":["Sever Soul","Armaments","Searing Blow"],"picked":"SKIP","floor":5.0},{"not_picked":["Entrench","Twin Strike","Rampage"],"picked":"SKIP","floor":7.0},{"not_picked":["Whirlwind","Ghostly Armor","Shrug It Off"],"picked":"SKIP","floor":10.0},{"not_picked":["Evolve","Flex+1"],"picked":"True Grit+1","floor":14.0},{"not_picked":["Corruption","Berserk"],"picked":"Juggernaut","floor":16.0},{"not_picked":["Uppercut","Spot Weakness+1"],"picked":"Power Through+1","floor":18.0},{"not_picked":["Rampage","Clothesline+1","Bloodletting+1"],"picked":"SKIP","floor":19.0},{"not_picked":["True Grit+1","Flex+1"],"picked":"Dropkick+1","floor":21.0},{"not_picked":["Clash","Searing Blow","Body Slam"],"picked":"SKIP","floor":22.0},{"not_picked":["Clash","Searing Blow"],"picked":"Body Slam","floor":22.0},{"not_picked":["Rampage","Cleave+1","Brutality"],"picked":"SKIP","floor":23.0},{"not_picked":["Power Through+1","Iron Wave+1","Uppercut"],"picked":"SKIP","floor":25.0},{"not_picked":["Body Slam","Iron Wave","Rage+1"],"picked":"SKIP","floor":28.0},{"not_picked":["Infernal Blade+1","Twin Strike","Havoc+1"],"picked":"SKIP","floor":29.0},{"not_picked":["Wild Strike+1","Body Slam","Pommel Strike"],"picked":"SKIP","floor":31.0},{"not_picked":["Double Tap+1","Berserk"],"picked":"Offering+1","floor":33.0},{"not_picked":["Anger+1","Pommel Strike+1","Flex+1"],"picked":"SKIP","floor":35.0},{"not_picked":["Headbutt","Dual Wield+1","Shockwave+1"],"picked":"SKIP","floor":36.0},{"not_picked":["Juggernaut","Wild Strike+1"],"picked":"True Grit+1","floor":38.0},{"not_picked":["Wild Strike","Sword Boomerang"],"picked":"Burning Pact+1","floor":42.0},{"not_picked":["Wild Strike+1","Fiend Fire","True Grit+1"],"picked":"SKIP","floor":46.0},{"not_picked":["Wild Strike+1","Fiend Fire","True Grit+1"],"picked":"SKIP","floor":46.0},{"not_picked":["Flex+1","Searing Blow","Reckless Charge+1"],"picked":"SKIP","floor":47.0},{"not_picked":["Clash+1","Uppercut+1","Carnage+1"],"picked":"SKIP","floor":48.0},{"not_picked":["Havoc+1","Blood for Blood+1","Wild Strike+1"],"picked":"SKIP","floor":54.0}],"player_experience":491065,"relics_obtained":[{"floor":9.0,"key":"Regal Pillow"},{"floor":14.0,"key":"MealTicket"},{"floor":20.0,"key":"Akabeko"},{"floor":23.0,"key":"HornCleat"},{"floor":46.0,"key":"Nunchaku"},{"floor":48.0,"key":"Shuriken"},{"floor":54.0,"key":"Oddly Smooth Stone"}],"event_choices":[{"damage_healed":0.0,"max_hp_gain":0.0,"max_hp_loss":0.0,"gold_gain":0.0,"cards_transformed":["Strike_R"],"event_name":"Transmorgrifier","player_choice":"Transformed","floor":2.0,"gold_loss":0.0,"damage_taken":0.0,"cards_obtained":["Entrench"]},{"damage_healed":0.0,"max_hp_gain":0.0,"max_hp_loss":0.0,"gold_gain":175.0,"event_name":"Liars Game","player_choice":"AGREE","floor":8.0,"gold_loss":0.0,"damage_taken":0.0,"cards_obtained":["Doubt"]},{"damage_healed":0.0,"max_hp_gain":0.0,"max_hp_loss":0.0,"gold_gain":0.0,"event_name":"The Woman in Blue","player_choice":"Bought 0 Potions","floor":13.0,"gold_loss":0.0,"damage_taken":0.0},{"cards_removed":["Pummel"],"damage_healed":0.0,"max_hp_gain":0.0,"max_hp_loss":0.0,"gold_gain":0.0,"event_name":"Purifier","player_choice":"Purged","floor":27.0,"gold_loss":0.0,"damage_taken":0.0},{"damage_healed":0.0,"max_hp_gain":0.0,"max_hp_loss":0.0,"gold_gain":0.0,"event_name":"Tomb of Lord Red Mask","player_choice":"Paid","floor":41.0,"gold_loss":28.0,"damage_taken":0.0,"relics_obtained":["Red Mask"]},{"damage_healed":0.0,"max_hp_gain":0.0,"max_hp_loss":0.0,"gold_gain":0.0,"event_name":"Upgrade Shrine","player_choice":"Upgraded","floor":45.0,"gold_loss":0.0,"damage_taken":0.0,"cards_upgraded":["Blood for Blood"]}],"is_beta":false,"boss_relics":[{"not_picked":["Velvet Choker","Cursed Key"],"picked":"Pandora\u0027s Box"},{"not_picked":["Tiny House","Black Star"],"picked":"Empty Cage"}],"items_purged_floors":[12,24,37,39],"is_endless":false,"potions_floor_spawned":[3,5,10,18,21,23,25,29,38,42,46,47,48],"ascension_level":4}}