{"host":"hfxp6ue4pvwo3fit","time":1608197527,"event":{"mods":["AchievementEnabler","BaseMod","Colored Map","Colored Powertips","Highlight Path","Minty Spire (QoL Compilation)","StSLib","SuperFastMode"],"gold_per_floor":[116,135,147,147,163,191,191,191,191,230,243,243,58,58,58,153,153,177,102,2,15,15,15,54,54,128,128,141,179,192,50,50,143,143,157,182,12,12,12,12,12],"floor_reached":40,"playtime":1429,"items_purged":["Strike_B","Strike_B"],"score":800,"play_id":"1a9830b5-f648-4dff-90a0-8922adb68bc3","local_time":"20201217033207","is_ascension_mode":true,"campfire_choices":[{"floor":7,"key":"REST"},{"floor":12,"key":"REST"},{"data":"Fission","floor":15,"key":"SMITH"},{"floor":23,"key":"REST"},{"floor":25,"key":"REST"},{"floor":27,"key":"RECALL"},{"floor":32,"key":"REST"}],"circlet_count":0,"master_deck":["AscendersBane","Strike_B","Defend_B","Defend_B","Defend_B","Defend_B","Zap","Dualcast","Cold Snap","Streamline","Coolheaded","Chill","Fission+1","Chaos","Ball Lightning","Capacitor","Capacitor","Barrage","Conserve Battery","Ball Lightning","Reinforced Body","Chaos+1","Loop","Capacitor","Hologram","Defragment","Seek","Loop+1","Self Repair","Master of Strategy"],"relics":["Black Star","Toy Ornithopter","Mercury Hourglass","Golden Idol","Tiny Chest","Bird Faced Urn","Bronze Scales","Darkstone Periapt","Fusion Hammer","InkBottle","Strawberry","Matryoshka","Question Card","Blue Candle","Regal Pillow","Calipers","Nuclear Battery"],"acts_visited":["Exordium","TheCity","TheBeyond"],"potions_floor_usage":[6,16,21,24,33,33],"damage_taken":[{"damage":13,"enemies":"Small Slimes","floor":1,"turns":5},{"damage":3,"enemies":"Cultist","floor":2,"turns":4},{"damage":8,"enemies":"2 Louse","floor":3,"turns":3},{"damage":22,"enemies":"Exordium Wildlife","floor":5,"turns":5},{"damage":14,"enemies":"Lagavulin","floor":6,"turns":7},{"damage":17,"enemies":"3 Sentries","floor":10,"turns":7},{"damage":3,"enemies":"3 Louse","floor":11,"turns":2},{"damage":23,"enemies":"Hexaghost","floor":16,"turns":8},{"damage":40,"enemies":"2 Thieves","floor":18,"turns":4},{"damage":10,"enemies":"Chosen","floor":21,"turns":4},{"damage":13,"enemies":"Slavers","floor":24,"turns":5},{"damage":28,"enemies":"Snake Plant","floor":28,"turns":5},{"damage":34,"enemies":"Book of Stabbing","floor":29,"turns":6},{"damage":18,"enemies":"Chosen and Byrds","floor":30,"turns":6},{"damage":42,"enemies":"Automaton","floor":33,"turns":10},{"damage":2,"enemies":"Orb Walker","floor":35,"turns":3},{"damage":35,"enemies":"3 Darklings","floor":36,"turns":5},{"damage":48,"enemies":"Transient","floor":40,"turns":4}],"seed_played":"-2414352749576103621","potions_obtained":[{"floor":2,"key":"SpeedPotion"},{"floor":5,"key":"FearPotion"},{"floor":11,"key":"GamblersBrew"},{"floor":24,"key":"Dexterity Potion"},{"floor":29,"key":"FearPotion"},{"floor":30,"key":"BlessingOfTheForge"}],"is_trial":false,"path_per_floor":["M","M","M","?","M","E","R","?","T","E","M","R","$","?","R","B",null,"M","?","$","M","T","R","E","R","T","R","M","E","M","$","R","B",null,"M","M","$","?","?","M"],"character_chosen":"DEFECT","items_purchased":["Capacitor","Barrage","PowerPotion","Ball Lightning","Regen Potion","Defragment","Self Repair"],"campfire_rested":5,"item_purchase_floors":[13,13,13,20,20,31,37],"current_hp_per_floor":[51,48,40,40,18,4,25,25,25,8,5,24,24,24,24,30,56,18,18,18,29,29,48,51,71,71,71,45,17,5,5,41,19,58,60,35,35,35,35,0,0],"gold":12,"neow_bonus":"BOSS_RELIC","is_daily":false,"chose_seed":false,"campfire_upgraded":1,"win_rate":0.0,"timestamp":1608197527,"path_taken":["M","M","M","?","?","E","R","?","T","E","M","R","$","?","R","BOSS","M","?","?","M","?","R","E","R","T","R","M","E","?","$","R","BOSS","M","M","$","?","?","M"],"items_purchased_type":["Card","Card","Potion","Card","Potion","Card","Card"],"build_version":"2020-12-13","purchased_purges":2,"victory":false,"max_hp_per_floor":[71,71,71,71,71,71,71,64,64,64,64,64,64,64,64,64,64,64,64,64,64,64,64,71,71,71,71,71,71,71,71,71,71,71,71,71,71,67,67,67,67],"card_choices":[{"not_picked":["Barrage","Sweeping Beam"],"picked":"Cold Snap","floor":1},{"not_picked":["Redo","Skim"],"picked":"Streamline","floor":2},{"not_picked":["Multi-Cast","Hello World"],"picked":"Coolheaded","floor":3},{"not_picked":["Streamline","Static Discharge","Redo"],"picked":"SKIP","floor":5},{"not_picked":["Rebound","Leap"],"picked":"Chaos","floor":6},{"not_picked":["Amplify","Turbo"],"picked":"Ball Lightning","floor":10},{"not_picked":["Tempest","Go for the Eyes"],"picked":"Capacitor","floor":11},{"not_picked":["Reprogram","Sweeping Beam"],"picked":"Conserve Battery","floor":18},{"not_picked":["Turbo","Blizzard"],"picked":"Reinforced Body","floor":21},{"not_picked":["Redo","Leap"],"picked":"Chaos+1","floor":24},{"not_picked":["Gash+1","Hologram","Melter"],"picked":"Loop","floor":28},{"not_picked":["Aggregate","Gash","BootSequence"],"picked":"Capacitor","floor":29},{"not_picked":["Cold Snap","Barrage","Stack"],"picked":"Hologram","floor":30},{"not_picked":["Amplify","Buffer","Fission"],"picked":"Seek","floor":33},{"not_picked":["Reprogram","Hologram","BootSequence"],"picked":"Loop+1","floor":35},{"not_picked":["Redo","Turbo","Loop","Gash+1"],"picked":"SKIP","floor":36},{"not_picked":["Panacea","Enlightenment","The Bomb"],"picked":"Master of Strategy","floor":39}],"player_experience":379913,"relics_obtained":[{"floor":6,"key":"Toy Ornithopter"},{"floor":6,"key":"Mercury Hourglass"},{"floor":9,"key":"Tiny Chest"},{"floor":10,"key":"Bird Faced Urn"},{"floor":10,"key":"Bronze Scales"},{"floor":22,"key":"InkBottle"},{"floor":24,"key":"Strawberry"},{"floor":24,"key":"Matryoshka"},{"floor":26,"key":"Question Card"},{"floor":26,"key":"Blue Candle"},{"floor":29,"key":"Regal Pillow"},{"floor":29,"key":"Calipers"}],"event_choices":[{"damage_healed":0,"gold_gain":0,"player_choice":"2 cards matched","damage_taken":0,"max_hp_gain":0,"max_hp_loss":0,"event_name":"Match and Keep!","floor":4,"gold_loss":0,"cards_obtained":["Chill","Fission"]},{"damage_healed":0,"gold_gain":0,"player_choice":"Lose Max HP","damage_taken":0,"relics_obtained":["Golden Idol"],"max_hp_gain":0,"max_hp_loss":7,"event_name":"Golden Idol","floor":8,"gold_loss":0},{"damage_healed":0,"gold_gain":0,"player_choice":"Searched \u00271\u0027 times","damage_taken":0,"relics_obtained":["Darkstone Periapt"],"max_hp_gain":0,"max_hp_loss":0,"event_name":"Dead Adventurer","floor":14,"gold_loss":0},{"cards_removed":["Strike_B"],"damage_healed":0,"gold_gain":0,"player_choice":"Gave Gold","damage_taken":0,"max_hp_gain":0,"max_hp_loss":0,"event_name":"Beggar","floor":19,"gold_loss":75},{"damage_healed":0,"gold_gain":0,"player_choice":"Max HP","damage_taken":0,"max_hp_gain":0,"max_hp_loss":4,"event_name":"Winding Halls","floor":38,"gold_loss":0},{"damage_healed":0,"gold_gain":0,"player_choice":"Memory 1","damage_taken":0,"max_hp_gain":0,"max_hp_loss":0,"event_name":"SensoryStone","floor":39,"gold_loss":0}],"is_beta":false,"boss_relics":[{"not_picked":["Empty Cage","SlaversCollar"],"picked":"Fusion Hammer"},{"not_picked":["Cursed Key","Busted Crown"],"picked":"Nuclear Battery"}],"items_purged_floors":[31,37],"is_endless":false,"potions_floor_spawned":[2,5,11,24,29,30],"killed_by":"Transient","ascension_level":15}}