{"host":"e1nidjoehlv47txx","time":1608208123,"event":{"mods":["BaseMod","Downfall","Hermit","Koishi","Marisa（F雨　魔理沙）","Minty Spire (QoL Compilation)","StSLib","[功能]功能增强和修复MOD"],"gold_per_floor":[99,99,94,94,94,94,94,150,165,199,218,237,237,222,236,333,333,333,353,353,353,353,371,394,420,432,444,471,497,489,506,524,627,627,627,645,645,965,1065,1065,1065,1085,1085,1116,1131,1131,1111,1124,1134,1134,1134],"floor_reached":50,"playtime":3008,"items_purged":["Slimebound:FlameTackle","Slimebound:RollThrough","Slimebound:LeechEnergy","Slimebound:FirmFortitude+1","Slimebound:OneTwoCombo","Slimebound:GoopSpray","Slimebound:SlimeBarrage","Swift Strike"],"score":615,"play_id":"dfcf529f-627b-4d0b-a3be-89b230a2aa35","local_time":"20201217202843","is_ascension_mode":false,"campfire_choices":[{"data":"Slimebound:CorrosiveSpit","floor":1,"key":"SMITH"},{"data":"expansioncontent:QuickStudy","floor":4,"key":"SMITH"},{"data":"Slimebound:SlimeBarrage","floor":18,"key":"SMITH"},{"data":"Slimebound:Split","floor":21,"key":"SMITH"},{"data":"Slimebound:RainOfGoop","floor":27,"key":"SMITH"},{"data":"Slimebound:SplitMire","floor":35,"key":"SMITH"},{"data":"Slimebound:SplitLeeching","floor":37,"key":"SMITH"},{"data":"Slimebound:Split","floor":43,"key":"SMITH"}],"circlet_count":0,"master_deck":["Slimebound:Strike_Slimebound","Slimebound:Strike_Slimebound","Slimebound:Strike_Slimebound","Slimebound:Defend_Slimebound","Slimebound:Defend_Slimebound","Slimebound:Defend_Slimebound","Slimebound:Defend_Slimebound+1","Slimebound:Split+1","Slimebound:CorrosiveSpit+1","Slimebound:SplitMire+1","Slimebound:SplitLeeching+1","Slimebound:RainOfGoop+1","expansioncontent:QuickStudy+1","Slimebound:SamplingLick","Slimebound:SplitBruiser","Slimebound:LeadByExample+1","Slimebound:AcidTongue+1","Slimebound:SplitAcid+1","Slimebound:SlimeBarrage+1","Slimebound:LeadByExample+1","Slimebound:SelfFormingGoo+1","Slimebound:MegaLick","Slimebound:LevelUp+1","Slimebound:MegaLick+1","Slimebound:LeechingTouch","Slimebound:AcidTongue+1","Slimebound:HauntingLick","Slimebound:SpikyOuterGoop+1","Slimebound:SlimeTap","Slimebound:LeechEnergy+1","CurseOfTheBell","Slimebound:SplitBruiser","Slimebound:GrowthPunch+1","Sadistic Nature+1","Slimebound:RejuvenatingLick","Slimebound:SplitLeeching","Slimebound:Split+1","Slimebound:SplitBruiser+1","Slimebound:Darklings","Slimebound:HauntingLick","Slimebound:MegaLick","Slimebound:RejuvenatingLick","Slimebound:SplitAcid","Slimebound:TongueLash+1"],"relics":["Slimebound:AbsorbEndCombatUpgraded","downfall:HeartsMalice","Slimebound:MaxSlimesRelic","StrikeDummy","Lee\u0027s Waffle","Frozen Egg 2","HornCleat","Happy Flower","ClockworkSouvenir","Singing Bowl","Ancient Tea Set","War Paint","Strawberry","Regal Pillow","MawBank","Bronze Scales","Ice Cream","OrangePellets","Calling Bell","Gremlin Horn","Juzu Bracelet","Peace Pipe","Meat on the Bone","Strange Spoon","Bottled Lightning","downfall:GremlinSack","Bottled Tornado","Anchor","Omamori","Medical Kit","Dream Catcher"],"acts_visited":["Exordium","TheCity","TheBeyond"],"potions_floor_usage":[8,8,10,12,12,14,15,15,16,23,29,32,36,44,50,50,50,50,50,50],"damage_taken":[{"damage":0,"enemies":"Cultist","floor":2,"turns":1},{"damage":0,"enemies":"downfall:FleeingMerchant","floor":3,"turns":1},{"damage":0,"enemies":"2 Louse","floor":5,"turns":1},{"damage":12,"enemies":"Gremlin Nob","floor":8,"turns":2},{"damage":12,"enemies":"Small Slimes","floor":9,"turns":2},{"damage":22,"enemies":"3 Sentries","floor":10,"turns":3},{"damage":12,"enemies":"Exordium Wildlife","floor":11,"turns":3},{"damage":20,"enemies":"Exordium Thugs","floor":12,"turns":3},{"damage":24,"enemies":"downfall:FleeingMerchant","floor":14,"turns":4},{"damage":21,"enemies":"Red Slaver","floor":15,"turns":3},{"damage":29,"enemies":"downfall:Ironclad","floor":16,"turns":5},{"damage":18,"enemies":"Shell Parasite","floor":19,"turns":3},{"damage":18,"enemies":"Chosen and Byrds","floor":23,"turns":4},{"damage":36,"enemies":"Gremlin Leader","floor":25,"turns":5},{"damage":39,"enemies":"Gremlin Leader","floor":26,"turns":5},{"damage":31,"enemies":"Centurion and Healer","floor":28,"turns":4},{"damage":12,"enemies":"Snake Plant","floor":29,"turns":2},{"damage":20,"enemies":"downfall:FleeingMerchant","floor":30,"turns":4},{"damage":10,"enemies":"Sentry and Sphere","floor":31,"turns":4},{"damage":14,"enemies":"Chosen and Byrds","floor":32,"turns":4},{"damage":9,"enemies":"downfall:Defect","floor":33,"turns":5},{"damage":11,"enemies":"3 Darklings","floor":36,"turns":4},{"damage":8,"enemies":"downfall:FleeingMerchant","floor":38,"turns":4},{"damage":43,"enemies":"downfall:FleeingMerchant","floor":39,"turns":4},{"damage":26,"enemies":"Orb Walker","floor":42,"turns":2},{"damage":61,"enemies":"Giant Head","floor":44,"turns":6},{"damage":28,"enemies":"3 Darklings","floor":45,"turns":3},{"damage":36,"enemies":"Maw","floor":48,"turns":4},{"damage":24,"enemies":"Jaw Worm Horde","floor":49,"turns":2},{"damage":108,"enemies":"downfall:Silent","floor":50,"turns":5}],"seed_played":"-3471179382613571429","potions_obtained":[{"floor":8,"key":"Dexterity Potion"},{"floor":9,"key":"Fire Potion"},{"floor":10,"key":"Fire Potion"},{"floor":12,"key":"FearPotion"},{"floor":12,"key":"PowerPotion"},{"floor":16,"key":"LiquidBronze"},{"floor":19,"key":"Explosive Potion"},{"floor":23,"key":"Dexterity Potion"},{"floor":29,"key":"FearPotion"},{"floor":29,"key":"champ:CounterPotion"},{"floor":33,"key":"EntropicBrew"},{"floor":36,"key":"BlessingOfTheForge"},{"floor":44,"key":"Block Potion"}],"is_trial":false,"path_per_floor":["R","M","$","R","M","?","T","?","M","E","M","M","?","$","M","B",null,"R","M","?","R","?","M","T","E","?","R","M","M","$","M","M","B",null,"R","M","R","$","?","?","T","M","R","E","M","?","$","M","M","B"],"character_chosen":"SLIMEBOUND","items_purchased":["Slimebound:MaxSlimesRelic","StrikeDummy","Lee\u0027s Waffle","Slimebound:ComboTackle","Slimebound:SplitLeeching","Slimebound:RainOfGoop","Fire Potion","Fire Potion","Strength Potion","Slimebound:FlameTackle","expansioncontent:QuickStudy","ClockworkSouvenir","Singing Bowl","Ancient Tea Set","EssenceOfSteel","Slimebound:LeadByExample+1","Bronze Scales","Ice Cream","OrangePellets","Slimebound:HauntingLick","Slimebound:SpikyOuterGoop+1","Fire Potion","Sadistic Nature+1","Slimebound:RejuvenatingLick","Slimebound:SplitLeeching","Meat on the Bone","Strange Spoon","Bottled Lightning","Strength Potion","Slimebound:RejuvenatingLick","Slimebound:SplitAcid","Omamori","Medical Kit","Dream Catcher"],"campfire_rested":0,"item_purchase_floors":[3,3,3,3,3,3,3,3,3,3,3,14,14,14,14,14,30,30,30,30,30,30,38,38,38,38,38,38,38,47,47,47,47,47],"current_hp_per_floor":[60,60,67,67,67,67,67,67,67,67,67,67,67,63,58,61,69,69,69,69,69,76,76,76,68,61,61,54,58,58,72,76,78,78,78,78,78,78,62,62,62,58,58,47,55,55,55,71,73,0,0],"gold":1134,"neow_bonus":"THREE_ENEMY_KILL","is_daily":false,"chose_seed":false,"campfire_upgraded":8,"win_rate":0.0,"timestamp":1608208123,"path_taken":["R","?","$","R","M","?","T","?","M","E","M","M","?","$","M","BOSS","R","M","?","R","?","M","T","E","?","R","?","M","$","M","M","BOSS","R","M","R","$","?","?","T","M","R","E","M","?","$","M","M","BOSS"],"items_purchased_type":["Relic","Relic","Relic","Card","Card","Card","Potion","Potion","Potion","Card","Card","Relic","Relic","Relic","Potion","Card","Relic","Relic","Relic","Card","Card","Potion","Card","Card","Card","Relic","Relic","Relic","Potion","Card","Card","Relic","Relic","Relic"],"build_version":"2020-12-13","purchased_purges":8,"victory":false,"max_hp_per_floor":[60,60,67,67,67,67,67,67,67,67,67,67,67,67,69,69,69,69,69,69,69,76,76,76,76,76,76,76,76,76,76,76,78,78,78,78,78,78,78,78,78,80,80,80,80,80,80,82,82,82,82],"card_choices":[{"not_picked":["Slimebound:ComboTackle","Slimebound:LeechEnergy"],"picked":"Slimebound:RollThrough","floor":2},{"not_picked":["Slimebound:SlimeTap","Slimebound:LeechingTouch"],"picked":"Slimebound:SplitMire","floor":3},{"not_picked":["Slimebound:SlimeSpikes","Slimebound:PressTheAttack"],"picked":"Slimebound:SamplingLick","floor":5},{"not_picked":["Slimebound:RollThrough","Slimebound:Dissolve"],"picked":"Slimebound:LeechEnergy","floor":8},{"not_picked":["Slimebound:SplitAcid","Slimebound:WasteNot"],"picked":"Slimebound:SplitBruiser","floor":9},{"not_picked":["Slimebound:SlimeSpikes","Slimebound:ViciousTackle"],"picked":"Slimebound:LeadByExample+1","floor":10},{"not_picked":["Slimebound:GoopSpray","Slimebound:MegaLick"],"picked":"Slimebound:AcidTongue+1","floor":11},{"not_picked":["Slimebound:Schlurp","Slimebound:WasteNot"],"picked":"Slimebound:SplitAcid","floor":12},{"not_picked":["Slimebound:ComboTackle","Slimebound:FinishingTackle"],"picked":"Slimebound:SlimeBarrage","floor":14},{"not_picked":["Slimebound:SplitBruiser","Slimebound:ViciousTackle","Slimebound:SplitLeeching"],"picked":"Singing Bowl","floor":15},{"not_picked":["Slimebound:WasteNot","Slimebound:OneTwoCombo"],"picked":"Slimebound:SelfFormingGoo+1","floor":16},{"not_picked":["Slimebound:FlameTackle+1","Slimebound:RejuvenatingLick"],"picked":"Slimebound:MegaLick","floor":19},{"not_picked":["Slimebound:SlimeSpikes","Slimebound:FormOfPuddle"],"picked":"Slimebound:LevelUp+1","floor":23},{"not_picked":["Slimebound:ViciousTackle","Slimebound:Equalize"],"picked":"Slimebound:MegaLick+1","floor":25},{"not_picked":["Slimebound:Schlurp","Slimebound:GoopSpray"],"picked":"Slimebound:LeechingTouch","floor":28},{"not_picked":["Slimebound:HauntingLick","Slimebound:Replication"],"picked":"Slimebound:AcidTongue+1","floor":29},{"not_picked":["Slimebound:GoopSpray","Slimebound:RejuvenatingLick"],"picked":"Slimebound:FirmFortitude+1","floor":30},{"not_picked":["Slimebound:Replication","Slimebound:Prepare"],"picked":"Slimebound:SlimeTap","floor":31},{"not_picked":["Slimebound:SplitLeeching","Slimebound:RollThrough+1"],"picked":"Slimebound:LeechEnergy+1","floor":32},{"not_picked":["Slimebound:Teamwork","Slimebound:LeechLife","Slimebound:RallyTheTroops"],"picked":"Singing Bowl","floor":33},{"not_picked":["Slimebound:RainOfGoop","Slimebound:PressTheAttack+1"],"picked":"Slimebound:SplitBruiser","floor":36},{"not_picked":["Slimebound:ViciousTackle+1","Slimebound:ComboTackle"],"picked":"Slimebound:GrowthPunch+1","floor":38},{"not_picked":["Slimebound:Schlurp+1","Slimebound:Chomp+1"],"picked":"Slimebound:SplitBruiser+1","floor":39},{"not_picked":["Slimebound:Dissolve","Slimebound:MassFeed","Slimebound:Equalize"],"picked":"Singing Bowl","floor":42},{"not_picked":["Slimebound:LeechEnergy","Slimebound:Gluttony+1"],"picked":"Slimebound:HauntingLick","floor":44},{"not_picked":["Slimebound:ComboTackle+1","Slimebound:SlimeBarrage"],"picked":"Slimebound:MegaLick","floor":45},{"not_picked":["Slimebound:GrowthPunch","Slimebound:FlameTackle+1","Slimebound:ViciousTackle"],"picked":"Singing Bowl","floor":48},{"not_picked":["Slimebound:ComboTackle","Slimebound:GrowthPunch"],"picked":"Slimebound:TongueLash+1","floor":49}],"player_experience":93683,"relics_obtained":[{"floor":7,"key":"Frozen Egg 2"},{"floor":8,"key":"HornCleat"},{"floor":10,"key":"Happy Flower"},{"floor":24,"key":"Regal Pillow"},{"floor":25,"key":"MawBank"},{"floor":34,"key":"Gremlin Horn"},{"floor":34,"key":"Juzu Bracelet"},{"floor":34,"key":"Peace Pipe"},{"floor":39,"key":"downfall:GremlinSack"},{"floor":41,"key":"Bottled Tornado"},{"floor":44,"key":"Anchor"}],"event_choices":[{"cards_removed":["Slimebound:Tackle"],"damage_healed":0,"gold_gain":0,"player_choice":"Card Removal","damage_taken":0,"max_hp_gain":0,"max_hp_loss":0,"event_name":"The Cleric","floor":6,"gold_loss":0},{"damage_healed":0,"gold_gain":0,"player_choice":"Stole Relic","damage_taken":0,"relics_obtained":["War Paint"],"max_hp_gain":0,"max_hp_loss":0,"event_name":"Addict","floor":20,"gold_loss":0,"cards_obtained":["Shame"]},{"cards_removed":["hexamod:Haunted"],"damage_healed":0,"gold_gain":0,"player_choice":"Card Removal","damage_taken":0,"max_hp_gain":0,"max_hp_loss":0,"event_name":"Wheel of Change","floor":46,"gold_loss":0}],"is_beta":false,"boss_relics":[{"not_picked":["Runic Pyramid","Astrolabe"],"picked":"Slimebound:AbsorbEndCombatUpgraded"},{"not_picked":["Sozu","Philosopher\u0027s Stone"],"picked":"Calling Bell"}],"items_purged_floors":[3,30,38,38,47,47,47,47],"is_endless":false,"potions_floor_spawned":[8,9,10,10,11,11,12,12,15,16,19,23,26,29,29,31,33,36,39,44,44,45,48,49,49,49],"killed_by":"downfall:Silent","ascension_level":0}}