{"host":"6n0q4j9kl9hs27he","time":1608218103,"event":{"mods":["BaseMod","Downfall","Minty Spire (QoL Compilation)","StSLib"],"gold_per_floor":[99,99,99,116,116,127,178,196,209,209,221,240,28,39,56,56,56],"floor_reached":16,"playtime":807,"items_purged":["Pain"],"score":96,"play_id":"52ca3897-fda9-4fb1-b14c-177d1b36a123","local_time":"20201217071503","is_ascension_mode":false,"campfire_choices":[{"data":"Slimebound:CorrosiveSpit","floor":1,"key":"SMITH"},{"data":"Slimebound:Tackle","floor":3,"key":"SMITH"},{"data":"Slimebound:Split","floor":10,"key":"SMITH"}],"circlet_count":0,"master_deck":["Slimebound:Strike_Slimebound","Slimebound:Strike_Slimebound","Slimebound:Strike_Slimebound","Slimebound:Tackle+1","Slimebound:Defend_Slimebound","Slimebound:Defend_Slimebound","Slimebound:Defend_Slimebound","Slimebound:Defend_Slimebound","Slimebound:Split+1","Slimebound:CorrosiveSpit+1","Slimebound:LeechingTouch","Slimebound:ViciousTackle","Slimebound:RejuvenatingLick","Slimebound:GrowthPunch","Slimebound:Repurpose","Slimebound:GoopSpray","Slimebound:Schlurp","Slimebound:Equalize","Slimebound:PrepareCrush","Slimebound:Grow","Slimebound:FirmFortitude"],"relics":["Slimebound:AbsorbEndCombat","WarpedTongs","Smiling Mask"],"acts_visited":["Exordium"],"potions_floor_usage":[9],"damage_taken":[{"damage":13,"enemies":"Small Slimes","floor":4,"turns":3},{"damage":10,"enemies":"Cultist","floor":6,"turns":3},{"damage":6,"enemies":"2 Louse","floor":8,"turns":2},{"damage":15,"enemies":"Exordium Wildlife","floor":9,"turns":4},{"damage":21,"enemies":"Large Slime","floor":11,"turns":6},{"damage":42,"enemies":"Gremlin Gang","floor":12,"turns":6},{"damage":13,"enemies":"downfall:FleeingMerchant","floor":13,"turns":4},{"damage":6,"enemies":"2 Fungi Beasts","floor":14,"turns":2},{"damage":18,"enemies":"Exordium Wildlife","floor":15,"turns":5},{"damage":11,"enemies":"downfall:Defect","floor":16,"turns":2}],"seed_played":"-7596366103152247857","potions_obtained":[{"floor":9,"key":"Fruit Juice"},{"floor":11,"key":"GamblersBrew"},{"floor":14,"key":"FearPotion"},{"floor":15,"key":"FearPotion"}],"is_trial":false,"path_per_floor":["R","?","R","M","?","M","T","M","M","R","M","M","$","M","M","B"],"character_chosen":"SLIMEBOUND","items_purchased":["Slimebound:Equalize","Slimebound:PrepareCrush"],"campfire_rested":0,"item_purchase_floors":[13,13],"current_hp_per_floor":[66,66,66,57,57,55,55,49,51,51,36,16,19,17,9,0,0],"gold":56,"neow_bonus":"TEN_PERCENT_HP_BONUS","is_daily":false,"chose_seed":false,"campfire_upgraded":3,"win_rate":0.0,"timestamp":1608218103,"path_taken":["R","?","R","?","?","?","T","M","M","R","M","M","$","M","M","BOSS"],"items_purchased_type":["Card","Card"],"build_version":"2020-12-13","purchased_purges":1,"victory":false,"max_hp_per_floor":[66,66,66,66,66,66,66,66,71,71,71,71,71,71,71,71,71],"card_choices":[{"not_picked":["Slimebound:PressTheAttack","Slimebound:FinishingTackle"],"picked":"Slimebound:LeechingTouch","floor":4},{"not_picked":["Slimebound:Chomp","Slimebound:SplitBruiser"],"picked":"Slimebound:ViciousTackle","floor":6},{"not_picked":["Slimebound:PressTheAttack","Slimebound:LeechEnergy"],"picked":"Slimebound:RejuvenatingLick","floor":8},{"not_picked":["Slimebound:ProtectTheBoss","Slimebound:Chomp"],"picked":"Slimebound:GrowthPunch","floor":9},{"not_picked":["Slimebound:SlimeBrawl","Slimebound:SplitAcid"],"picked":"Slimebound:Repurpose","floor":11},{"not_picked":["Slimebound:ItLooksTasty","Slimebound:DuplicatedForm"],"picked":"Slimebound:GoopSpray","floor":12},{"not_picked":["Slimebound:GrowthPunch","Slimebound:LeechEnergy"],"picked":"Slimebound:Schlurp","floor":13},{"not_picked":["Slimebound:RollThrough","Slimebound:Equalize"],"picked":"Slimebound:Grow","floor":14},{"not_picked":["Slimebound:SplitLeeching","Slimebound:SpikyOuterGoop"],"picked":"Slimebound:FirmFortitude","floor":15}],"player_experience":334226,"relics_obtained":[{"floor":7,"key":"Smiling Mask"}],"event_choices":[{"damage_healed":0,"gold_gain":0,"player_choice":"Rummage","damage_taken":0,"relics_obtained":["WarpedTongs"],"max_hp_gain":0,"max_hp_loss":0,"event_name":"Accursed Blacksmith","floor":2,"gold_loss":0,"cards_obtained":["Pain"]},{"damage_healed":0,"gold_gain":0,"player_choice":"Ignored","damage_taken":0,"max_hp_gain":0,"max_hp_loss":0,"event_name":"NoteForYourself","floor":5,"gold_loss":0}],"is_beta":false,"boss_relics":[],"items_purged_floors":[13],"is_endless":false,"potions_floor_spawned":[9,11,14,15],"killed_by":"downfall:Defect","ascension_level":0}}