{"host":"a7kkotolxcg5vljr","time":1608166270,"event":{"mods":["2.2 Compatiblity","AchievementEnabler","Act Like it!","BaseMod","Better Altar","Better Skull","Better Third Choice","Colored Map","Colored Powertips","Downfall","Hermit","Highlight Path","Marisa????????","Minty Spire (QoL Compilation)","Quick Restart","Rare Cards Sparkle","Replay The Spire","Spicy Shops","StSLib","The Cursed","The Disciple","The Servant 0.9.4"],"gold_per_floor":[118,129,129,90,105,105,136,150,150,325,345,345,345,370,370,490,490,504,504,518,518,518,518],"floor_reached":22,"playtime":826,"items_purged":[],"score":184,"play_id":"e0651fa4-56cf-4c18-938b-8bae4928f8a5","local_time":"20201216195110","is_ascension_mode":false,"campfire_choices":[{"floor":6,"key":"REST"},{"floor":15,"key":"REST"}],"circlet_count":0,"master_deck":["Strike_G","Strike_G","Strike_G","Strike_G","Strike_G","Defend_G+1","Defend_G","Defend_G","Defend_G","Defend_G","Survivor","Neutralize","Catalyst","Catalyst","Dagger Spray","Replay:Poison Smokescreen","Dagger Throw","Dagger Spray+1","Dagger Spray","ReplayTheSpireMod:Necrosis","Infinite Blades+1","Underhanded Strike+1","Parasite"],"relics":["Snecko Scales","Golden Idol","Vampiric Spirits","Odd Mushroom","Honey Jar","Replay:Bottled Eggs"],"acts_visited":["Exordium","TheCity"],"potions_floor_usage":[7,7,16],"damage_taken":[{"damage":1,"enemies":"2 Louse","floor":1,"turns":2},{"damage":0,"enemies":"Jaw Worm","floor":2,"turns":3},{"damage":7,"enemies":"Small Slimes","floor":5,"turns":3},{"damage":17,"enemies":"Lagavulin","floor":7,"turns":6},{"damage":11,"enemies":"Blue Slaver","floor":8,"turns":3},{"damage":8,"enemies":"2 Fungi Beasts","floor":11,"turns":3},{"damage":13,"enemies":"The Mushroom Lair","floor":14,"turns":4},{"damage":24,"enemies":"Hexaghost","floor":16,"turns":9},{"damage":40,"enemies":"2 Thieves","floor":18,"turns":4},{"damage":11,"enemies":"Chosen","floor":20,"turns":4},{"damage":29,"enemies":"Centurion and Healer","floor":22,"turns":3}],"seed_played":"-1841864489539078126","potions_obtained":[{"floor":2,"key":"Strength Potion"},{"floor":5,"key":"SpeedPotion"},{"floor":11,"key":"ColorlessPotion"},{"floor":20,"key":"EntropicBrew"}],"is_trial":false,"path_per_floor":["M","M","?","$","M","R","E","M","T","?","M","?","?","?","R","B",null,"M","?","M","?","M"],"character_chosen":"THE_SILENT","items_purchased":["Catalyst"],"campfire_rested":2,"item_purchase_floors":[4],"current_hp_per_floor":[69,69,52,52,45,66,49,39,39,39,32,32,32,19,40,25,70,30,30,19,19,0,0],"gold":518,"neow_bonus":"BOSS_RELIC","is_daily":false,"chose_seed":false,"campfire_upgraded":0,"win_rate":0.0,"timestamp":1608166270,"path_taken":["M","M","?","$","M","R","E","M","T","?","?","?","?","?","R","BOSS","M","?","M","?","M"],"items_purchased_type":["Card"],"build_version":"2020-12-13","purchased_purges":0,"victory":false,"max_hp_per_floor":[70,70,70,70,70,70,70,70,70,70,70,70,70,70,70,70,70,70,70,70,70,70,70],"card_choices":[{"not_picked":["Acrobatics","Dodge and Roll"],"picked":"Poisoned Stab","floor":1},{"not_picked":["Sneak Up","Acrobatics"],"picked":"Catalyst","floor":2},{"not_picked":["Caltrops","Setup","ReplayTheSpireMod:Speed Training"],"picked":"SKIP","floor":5},{"not_picked":["Hidden Blade","Accuracy"],"picked":"Dagger Spray","floor":7},{"not_picked":["Sucker Punch","Grand Finale"],"picked":"Replay:Poison Smokescreen","floor":8},{"not_picked":["Infinite Blades","Blade Dance"],"picked":"Dagger Throw","floor":11},{"not_picked":["Dodge and Roll","ReplayTheSpireMod:Exploit Weakness"],"picked":"Dagger Spray","floor":14},{"not_picked":["Glass Knife","Unload"],"picked":"ReplayTheSpireMod:Necrosis","floor":16},{"not_picked":["Deflect+1","PiercingWail","Cloak And Dagger+1"],"picked":"Infinite Blades+1","floor":18},{"not_picked":["Flechettes","Hidden Blade+1","Flying Knee"],"picked":"Underhanded Strike","floor":20}],"player_experience":338404,"relics_obtained":[{"floor":7,"key":"Vampiric Spirits"},{"floor":14,"key":"Odd Mushroom"}],"event_choices":[{"damage_healed":0,"gold_gain":0,"player_choice":"Take Damage","damage_taken":17,"relics_obtained":["Golden Idol"],"max_hp_gain":0,"max_hp_loss":0,"event_name":"Golden Idol","floor":3,"gold_loss":0},{"damage_healed":0,"gold_gain":175,"player_choice":"AGREE","damage_taken":150,"max_hp_gain":0,"max_hp_loss":0,"event_name":"betterThird:BetterSerpent","floor":10,"gold_loss":0},{"damage_healed":0,"gold_gain":0,"player_choice":"Fought Mushrooms","damage_taken":0,"max_hp_gain":0,"max_hp_loss":0,"event_name":"Mushrooms","floor":14,"gold_loss":0},{"cards_removed":["Doubt"],"damage_healed":0,"gold_gain":0,"player_choice":"Elegance","damage_taken":0,"max_hp_gain":0,"max_hp_loss":0,"event_name":"betterThird:BetterWriting","floor":19,"gold_loss":0}],"is_beta":false,"boss_relics":[{"not_picked":["Ectoplasm","SacredBark"],"picked":"Honey Jar"}],"items_purged_floors":[],"is_endless":false,"potions_floor_spawned":[2,5,11,20],"killed_by":"Centurion and Healer","ascension_level":0}}