{"host":"899crud3100o27sg","time":1608187896,"event":{"mods":["BaseMod","Better Third Choice","Colored Map","Colored Powertips","Downfall","Minty Spire (QoL Compilation)","Quick Restart","Relic Stats","Shop Mod","StSLib","The IronCluck"],"gold_per_floor":[114,130,55,73,123,157,177,205,205,205,205],"floor_reached":10,"playtime":416,"items_purged":["Strike_R"],"score":137,"play_id":"d6600557-865c-49ea-adfe-c773dbdd2082","local_time":"20201217172136","is_ascension_mode":true,"campfire_choices":[],"circlet_count":0,"master_deck":["AscendersBane","Strike_R","Strike_R","Defend_R","Defend_R","Defend_R","Defend_R","Bash","Thunderclap","Inflame","Uppercut","Clash","Dual Wield","Pummel"],"relics":["Burning Blood","Smiling Mask","Bottled Lightning","InkBottle"],"acts_visited":["Exordium"],"potions_floor_usage":[6,8],"damage_taken":[{"damage":1,"enemies":"Cultist","floor":1,"turns":3},{"damage":0,"enemies":"Small Slimes","floor":2,"turns":4},{"damage":6,"enemies":"2 Louse","floor":4,"turns":4},{"damage":47,"enemies":"3 Sentries","floor":6,"turns":8},{"damage":21,"enemies":"Lots of Slimes","floor":7,"turns":4},{"damage":34,"enemies":"Gremlin Nob","floor":8,"turns":5},{"damage":15,"enemies":"3 Sentries","floor":10,"turns":2}],"seed_played":"-1602997412576774861","potions_obtained":[{"floor":1,"key":"Regen Potion"},{"floor":6,"key":"Regen Potion"}],"is_trial":false,"path_per_floor":["M","M","$","M","?","E","M","E","T","E"],"character_chosen":"IRONCLAD","items_purchased":[],"campfire_rested":0,"item_purchase_floors":[],"current_hp_per_floor":[68,68,68,68,68,42,27,13,13,0,0],"gold":205,"neow_bonus":"REMOVE_TWO","is_daily":false,"chose_seed":false,"campfire_upgraded":0,"win_rate":0.0,"timestamp":1608187896,"path_taken":["M","?","$","M","?","E","M","E","T","E"],"items_purchased_type":[],"build_version":"2020-12-13","purchased_purges":1,"victory":false,"max_hp_per_floor":[68,68,68,68,68,68,68,68,68,68,68],"relic_stats":{"counters":[7,30],"Smiling Mask":0,"obtain_stats":[{"Bottled Lightning":8,"Smiling Mask":6,"Burning Blood":0,"InkBottle":9},{"Bottled Lightning":6,"Smiling Mask":4,"Burning Blood":0,"InkBottle":6},{"Bottled Lightning":28,"Smiling Mask":19,"Burning Blood":0,"InkBottle":28}],"Burning Blood":25,"InkBottle":[0]},"card_choices":[{"not_picked":["Metallicize","Flex"],"picked":"Thunderclap","floor":1},{"not_picked":["Heavy Blade","Clothesline"],"picked":"Inflame","floor":2},{"not_picked":["Blood for Blood","Infernal Blade"],"picked":"Uppercut","floor":4},{"not_picked":["Sentinel","Dark Embrace"],"picked":"Clash","floor":6},{"not_picked":["Twin Strike","Bloodletting"],"picked":"Dual Wield","floor":7},{"not_picked":["Shockwave","Havoc","Pummel"],"picked":"SKIP","floor":8},{"not_picked":["Shockwave","Havoc"],"picked":"Pummel","floor":8}],"player_experience":1002485,"relics_obtained":[{"floor":6,"key":"Smiling Mask"},{"floor":8,"key":"Bottled Lightning"},{"floor":9,"key":"InkBottle"}],"event_choices":[{"damage_healed":0,"gold_gain":50,"player_choice":"Pray","damage_taken":0,"max_hp_gain":0,"max_hp_loss":0,"event_name":"Golden Shrine","floor":5,"gold_loss":0}],"is_beta":false,"boss_relics":[],"items_purged_floors":[3],"is_endless":false,"potions_floor_spawned":[1,6],"killed_by":"3 Sentries","ascension_level":15}}