{"host":"jm9833yuloeli2yd","time":1608173379,"event":{"mods":["AchievementEnabler","BaseMod","Better Altar","Better Match","Better Note","Better Sensory Stone","Better Skull","Better Vampires","Colored Map","Colored Powertips","DeckTracker","Minty Spire (QoL Compilation)","Permanent Neow","Quick Restart","Replay The Spire","StSLib","SuperFastMode"],"gold_per_floor":[112,112,127,127,52,52,66,101,148,203,203,36,136,229,229,325,325,364,115,132,182,232,232,232],"floor_reached":23,"playtime":603,"items_purged":["Hallucinations"],"score":544,"play_id":"48632319-8f7d-4906-9b58-f11cafd0b87f","local_time":"20201216214939","is_ascension_mode":true,"campfire_choices":[{"data":"ReplayTheSpireMod:Omega Cannon","floor":6,"key":"SMITH"},{"floor":15,"key":"REST"}],"circlet_count":0,"master_deck":["AscendersBane","Strike_B","Strike_B","Strike_B","Strike_B","Defend_B","Defend_B+1","Defend_B+1","Defend_B","Zap","Dualcast","ReplayTheSpireMod:Omega Cannon+1","Hologram","Go for the Eyes","HandOfGreed","Cold Snap","Cold Snap","Mirror Shield","Chill","Melter","Genetic Algorithm","Glacier"],"relics":["Cracked Core","ReplayTheSpireMod:Ring of Addiction","Chameleon Ring","Toy Ornithopter","Juzu Bracelet","War Paint","Counterbalance","SsserpentHead","Runic Capacitor","Nuclear Battery","OrangePellets","Bloody Idol"],"acts_visited":["Exordium","TheCity"],"potions_floor_usage":[8,16,23],"damage_taken":[{"damage":0.0,"enemies":"2 Louse","floor":1.0,"turns":1.0},{"damage":7,"enemies":"Jaw Worm","floor":3,"turns":2},{"damage":0,"enemies":"Cultist","floor":7,"turns":2},{"damage":0,"enemies":"Lagavulin","floor":8,"turns":5},{"damage":32,"enemies":"Gremlin Nob","floor":10,"turns":4},{"damage":23,"enemies":"Gremlin Gang","floor":14,"turns":10},{"damage":0,"enemies":"The Guardian","floor":16,"turns":11},{"damage":12,"enemies":"2 Thieves","floor":18,"turns":4},{"damage":8,"enemies":"Chosen","floor":20,"turns":5},{"damage":20,"enemies":"Slavers","floor":23,"turns":2}],"seed_played":"-5539625111717530746","potions_obtained":[{"floor":2,"key":"Block Potion"},{"floor":2,"key":"EssenceOfDarkness"},{"floor":8,"key":"Elixir"},{"floor":14,"key":"FocusPotion"}],"is_trial":false,"path_per_floor":["M","?","M","?","$","R","M","E","T","E","?","$","?","M","R_BF","B",null,"M","$","M","?","?","E"],"character_chosen":"DEFECT","items_purchased":["Runic Capacitor","OrangePellets","Melter"],"campfire_rested":1,"item_purchase_floors":[12,19,19],"current_hp_per_floor":[64,64,57,57,57,57,57,62,62,30,30,30,30,7,26,31,57,45,45,37,2,7,0,0],"gold":232,"neow_bonus":"ONE_RANDOM_RARE_CARD","is_daily":false,"chose_seed":false,"campfire_upgraded":1,"win_rate":0.0,"timestamp":1608173379,"path_taken":["M","?","M","?","?","R","?","E","T","E","?","$","?","M","R_BF","BOSS","M","$","M","?","?","E"],"items_purchased_type":["Relic","Relic","Card"],"build_version":"2020-12-13","purchased_purges":1,"victory":false,"max_hp_per_floor":[71,71,71,71,71,69,69,69,69,69,69,67,67,67,65,65,65,65,65,63,63,63,61,61],"card_choices":[{"not_picked":["Conserve Battery","Panic Button"],"picked":"Hologram","floor":1.0},{"not_picked":["Hologram","Double Energy"],"picked":"Go for the Eyes","floor":3},{"not_picked":["Discovery","Flash of Steel"],"picked":"HandOfGreed","floor":4},{"not_picked":["Heatsinks","Stack","Gash"],"picked":"SKIP","floor":7},{"not_picked":["ReplayTheSpireMod:Reroute Power","BasicCrystalCard"],"picked":"Cold Snap","floor":8},{"not_picked":["Stack","Meteor Strike"],"picked":"Cold Snap","floor":10},{"not_picked":["Sweeping Beam","Skim","Force Field"],"picked":"SKIP","floor":14},{"not_picked":["Buffer","Creative AI"],"picked":"Mirror Shield","floor":16},{"not_picked":["Barrage","Self Repair"],"picked":"Chill","floor":18},{"not_picked":["Hologram","Fusion"],"picked":"Genetic Algorithm","floor":20}],"player_experience":1115701,"relics_obtained":[{"floor":2,"key":"ReplayTheSpireMod:Ring of Addiction"},{"floor":2,"key":"Chameleon Ring"},{"floor":2,"key":"Toy Ornithopter"},{"floor":8,"key":"Juzu Bracelet"},{"floor":9,"key":"War Paint"},{"floor":10,"key":"Counterbalance"}],"event_choices":[{"damage_healed":0,"gold_gain":1,"player_choice":"1","damage_taken":0,"max_hp_gain":0,"max_hp_loss":0,"event_name":"betterStone:BetterStone","floor":4,"gold_loss":0},{"damage_healed":0,"gold_gain":0,"player_choice":"Trade","damage_taken":0,"relics_obtained":["SsserpentHead"],"max_hp_gain":0,"max_hp_loss":0,"event_name":"FaceTrader","floor":11,"gold_loss":0},{"damage_healed":0,"gold_gain":50,"player_choice":"Pray","damage_taken":0,"max_hp_gain":0,"max_hp_loss":0,"event_name":"Golden Shrine","floor":13,"gold_loss":0},{"damage_healed":0,"gold_gain":0,"player_choice":" Idol ","damage_taken":35,"relics_obtained":["Bloody Idol"],"max_hp_gain":37,"max_hp_loss":2,"event_name":"betterAltar:BetterAltar","floor":21,"potions_obtained":[],"relics_lost":[],"gold_loss":0},{"damage_healed":0,"gold_gain":0,"player_choice":"Read","damage_taken":0,"max_hp_gain":0,"max_hp_loss":0,"event_name":"The Library","floor":22,"gold_loss":0,"cards_obtained":["Glacier"]}],"is_beta":false,"boss_relics":[{"not_picked":["Replay:Bronze Core","Replay:Drink Me"],"picked":"Nuclear Battery"}],"items_purged_floors":[5],"is_endless":false,"potions_floor_spawned":[8,14],"killed_by":"Slavers","ascension_level":20}}