{"host":"agga6lej02o7kt08","time":1608227798,"event":{"mods":["Aspiration","BaseMod","Better Third Choice","BetterRewards","Colored Map","Colored Powertips","Hubris","Minty Spire (QoL Compilation)","Replay The Spire","Spicy Shops","StSLib","¡¼?Úª?ø«¡½REMEMod"],"gold_per_floor":[111,186,204,220,235,264,264,297,320,320,320,336,366,416,416,543,543,553,478,497,497,512,556,556,182,182,219,241,258,277,297,297,399,449,466,522,91,109,127,158,158,158,211,211,237,298,157,173,188,100,100,100,100],"floor_reached":52,"playtime":2660,"items_purged":["Strike_R","Defend_R","Sword Boomerang","ReplayTheSpireMod:Limb From Limb","Defend_R"],"score":940,"play_id":"bd7bc435-19bd-4b6b-9ae0-919cb29360b1","local_time":"20201218025638","is_ascension_mode":true,"campfire_choices":[{"data":"REME_Scribble","floor":11,"key":"SMITH"},{"data":"Bash","floor":15,"key":"SMITH"},{"data":"Spot Weakness","floor":24,"key":"SMITH"},{"floor":32,"key":"REST"},{"data":"REME_Cut","floor":44,"key":"SMITH"},{"floor":51,"key":"RECALL"}],"circlet_count":0,"master_deck":["Strike_R","Strike_R","Strike_R+1","Defend_R+1","Defend_R","Master of Strategy+1","REME_Scribble+1","Bash+1","Spot Weakness+1","REME_BattleFury","REME_Cut+1","ReplayTheSpireMod:Necrogeddon","Replay:BasicMightCard+1","REME_BattleFury+1","REME_Cut+1","Berserk+1","REME_Cut+1","Shrug It Off+1","Feel No Pain+1","Feel No Pain+1","Rage","Feel No Pain+1","Dark Embrace+1"],"relics":["Burning Blood","REME_ComplimentaryCards","aspiration:HatOfInfinitePower","aspiration:AnachronicSnailShell","Mango","Gambling Chip","Oddly Smooth Stone","hubris:MedicalManual","ReplayTheSpireMod:Spearhead","Nunchaku","The Courier","REME_ArchaeologicalTools","REME_LowDesire","aspiration:HiddenCompartment","Prayer Wheel","Lizard Tail","Frozen Egg 2","hubris:AstralHammer","hubris:TerracottaHorce","hubris:CrackedHourglass","Tiny House","Du-Vu Doll","Membership Card","Simple Rune","StrikeDummy","MealTicket","Snack Pack","Question Card"],"acts_visited":["Exordium","TheCity","TheBeyond"],"potions_floor_usage":[6,8,12,13,23,23,28],"damage_taken":[{"damage":3,"enemies":"Small Slimes","floor":1,"turns":6},{"damage":0,"enemies":"Cultist","floor":3,"turns":2},{"damage":4,"enemies":"2 Louse","floor":4,"turns":2},{"damage":1,"enemies":"Blue Slaver","floor":5,"turns":5},{"damage":0,"enemies":"Replay:BlueRogue","floor":6,"turns":5},{"damage":8,"enemies":"Gremlin Nob","floor":8,"turns":3},{"damage":11,"enemies":"Exordium Wildlife","floor":12,"turns":5},{"damage":25,"enemies":"3 Sentries","floor":13,"turns":9},{"damage":5,"enemies":"Red Slaver","floor":14,"turns":3},{"damage":22,"enemies":"Hexaghost","floor":16,"turns":13},{"damage":41,"enemies":"Spheric Guardian","floor":18,"turns":8},{"damage":3,"enemies":"Chosen","floor":20,"turns":4},{"damage":21,"enemies":"Snake Plant","floor":22,"turns":4},{"damage":32,"enemies":"Slavers","floor":23,"turns":5},{"damage":6,"enemies":"Book of Stabbing","floor":27,"turns":2},{"damage":21,"enemies":"Shelled Parasite and Fungi","floor":28,"turns":3},{"damage":6,"enemies":"3 Cultists","floor":29,"turns":4},{"damage":28,"enemies":"Snake Plant","floor":30,"turns":4},{"damage":20,"enemies":"Shelled Parasite and Fungi","floor":31,"turns":4},{"damage":28,"enemies":"hubris:MusketHawk","floor":33,"turns":4},{"damage":17,"enemies":"3 Darklings","floor":35,"turns":3},{"damage":56,"enemies":"Mind Bloom Boss Battle","floor":36,"turns":4},{"damage":4,"enemies":"3 Shapes","floor":38,"turns":3},{"damage":36,"enemies":"Transient","floor":39,"turns":5},{"damage":19,"enemies":"Nemesis","floor":40,"turns":5},{"damage":7,"enemies":"R_Hoarder","floor":46,"turns":6},{"damage":28,"enemies":"3 Darklings","floor":48,"turns":4},{"damage":52,"enemies":"Jaw Worm Horde","floor":49,"turns":4},{"damage":71,"enemies":"Time Eater","floor":52,"turns":4}],"seed_played":"-4567064100617840073","potions_obtained":[{"floor":3,"key":"BlessingOfTheForge"},{"floor":4,"key":"PowerPotion"},{"floor":8,"key":"Fire Potion"},{"floor":12,"key":"Reflective Coating"},{"floor":13,"key":"LiquidBronze"},{"floor":21,"key":"Strength Potion"},{"floor":21,"key":"Toxic Potion"},{"floor":27,"key":"Explosive Potion"},{"floor":29,"key":"Elixir"},{"floor":34,"key":"Elixir"}],"is_trial":false,"path_per_floor":["M","?","M","M","M","E","?","E","T","T","R","M","E","M","R","B",null,"M","?","M","?","M","E","R","$","T","E","M","M","M","M","R","B",null,"M","?","$","M","M","E","PTL","PTL","?","R","T","E","$","M","M","$","R","B"],"character_chosen":"IRONCLAD","items_purchased":["Oddly Smooth Stone","Lizard Tail","REME_BattleFury","REME_Cut","Membership Card","Feel No Pain+1","Simple Rune","StrikeDummy","Feel No Pain+1","Dark Embrace+1"],"campfire_rested":1,"item_purchase_floors":[0,25,25,25,37,37,37,37,47,47],"current_hp_per_floor":[49,40,46,48,53,59,59,57,57,57,57,55,39,43,43,30,106,74,74,80,80,68,45,45,45,45,48,36,39,20,9,48,29,114,106,59,59,64,37,27,27,27,78,78,78,86,101,88,47,62,62,0,0],"gold":100,"neow_bonus":"","is_daily":false,"chose_seed":false,"campfire_upgraded":4,"win_rate":0.0,"timestamp":1608227798,"path_taken":["M","?","?","?","?","E","?","E","T","?","R","M","E","M","R","BOSS","M","?","M","?","M","E","R","$","T","E","M","M","?","M","R","BOSS","M","?","$","M","M","E","PTL","PTL","?","R","T","E","$","M","?","$","R","BOSS"],"items_purchased_type":["Relic","Relic","Card","Card","Relic","Card","Relic","Relic","Card","Card"],"build_version":"2020-12-13","purchased_purges":5,"victory":false,"max_hp_per_floor":[94,94,94,94,94,94,94,94,94,94,94,97,100,103,103,106,106,109,109,112,112,115,118,118,118,118,121,124,127,130,133,133,136,141,144,147,147,150,153,156,156,156,156,156,156,159,159,162,165,165,165,165,165],"card_choices":[{"not_picked":["ReplayTheSpireMod:Strike From Hell","Flex","Iron Wave"],"picked":"SKIP","floor":1},{"not_picked":["Havoc","Pommel Strike","Sword Boomerang"],"picked":"SKIP","floor":3},{"not_picked":["Havoc","Pommel Strike"],"picked":"Sword Boomerang","floor":3},{"not_picked":["Havoc","Flex","Sever Soul"],"picked":"SKIP","floor":4},{"not_picked":["Flex","Headbutt","Iron Wave"],"picked":"SKIP","floor":5},{"not_picked":["Intimidate","Twin Strike","Uppercut"],"picked":"SKIP","floor":6},{"not_picked":["Clothesline","Armaments"],"picked":"REME_Scribble","floor":8},{"not_picked":["ReplayReversal","Power Through","Clash"],"picked":"SKIP","floor":12},{"not_picked":["ReplayReversal","Power Through","Clash"],"picked":"SKIP","floor":12},{"not_picked":["ReplayReversal","Clash","Replay:Undeath\u0027s Touch"],"picked":"SKIP","floor":13},{"not_picked":["Cleave","Replay:Undeath\u0027s Touch","Flex"],"picked":"SKIP","floor":14},{"not_picked":["Heavy Blade","Havoc","Replay:Undeath\u0027s Touch+1","ReplayTheSpireMod:Necrogeddon"],"picked":"SKIP","floor":18},{"not_picked":["Clothesline","Twin Strike","Heavy Blade","HandOfGreed"],"picked":"SKIP","floor":20},{"not_picked":["Sword Boomerang","hubris:ReadiedAction","Chrysalis"],"picked":"Spot Weakness","floor":22},{"not_picked":["ReplayTheSpireMod:Strike From Hell","Intimidate","ReplayTheSpireMod:Limb From Limb","Transmutation"],"picked":"SKIP","floor":23},{"not_picked":["ReplayTheSpireMod:Strike From Hell","Intimidate","Transmutation"],"picked":"ReplayTheSpireMod:Limb From Limb","floor":23},{"not_picked":["REME_Fury","Wild Strike","Cleave+1"],"picked":"ReplayTheSpireMod:Necrogeddon","floor":27},{"not_picked":["Shockwave+1","Replay:Undeath\u0027s Touch","Iron Wave"],"picked":"Replay:BasicMightCard+1","floor":28},{"not_picked":["Cleave","Sentinel","Run Through+1","Chrysalis"],"picked":"SKIP","floor":28},{"not_picked":["Spot Weakness","ReplayTheSpireMod:Limb From Limb+1","Searing Blow+1"],"picked":"REME_BattleFury+1","floor":29},{"not_picked":["hubris:ReadiedAction","Pummel+1","Run Through","Sadistic Nature+1"],"picked":"SKIP","floor":29},{"not_picked":["Twin Strike+1","Perfected Strike+1","Dramatic Entrance"],"picked":"REME_Cut+1","floor":30},{"not_picked":["Thunderclap","Abandon","Twin Strike","PanicButton"],"picked":"SKIP","floor":30},{"not_picked":["Twin Strike","Anger+1","Master of Strategy"],"picked":"Berserk+1","floor":31},{"not_picked":["REME_Cut+1","hubris:CleavingFinish+1","Flex","Dark Shackles"],"picked":"SKIP","floor":31},{"not_picked":["hubris:CleavingFinish+1","Flex","Dark Shackles"],"picked":"REME_Cut+1","floor":31},{"not_picked":["Anger","Headbutt","Havoc"],"picked":"Midas Touch","floor":34},{"not_picked":["Havoc+1","Life Link+1","ReplayTheSpireMod:Necrogeddon"],"picked":"Shrug It Off+1","floor":35},{"not_picked":["Burning Pact","Body Slam","Uppercut+1"],"picked":"Replay:Sssssssssstrike+1","floor":35},{"not_picked":["Pummel","Run Through","Survey Options+1"],"picked":"Feel No Pain+1","floor":36},{"not_picked":["Run Through+1","Twin Strike+1","Pommel Strike","ReplayTheSpireMod:Brewmster+1"],"picked":"SKIP","floor":38},{"not_picked":["Burning Pact","Armaments","Havoc","PanicButton"],"picked":"SKIP","floor":38},{"not_picked":["Sentinel","Dual Wield+1","Thinking Ahead"],"picked":"Rage","floor":39},{"not_picked":["Rampage+1","Shrug It Off","Twin Strike+1","PanicButton+1"],"picked":"SKIP","floor":39},{"not_picked":["REME_Cut+1","Clothesline","Exhume","hubris:Ssssneak"],"picked":"SKIP","floor":40},{"not_picked":["REME_Cut+1","Clothesline","Exhume","hubris:Ssssneak"],"picked":"SKIP","floor":40},{"not_picked":["Sword Boomerang","Disarm+1","Berserk+1","Sadistic Nature+1"],"picked":"SKIP","floor":46},{"not_picked":["Metallicize+1","Searing Blow","Thunderclap","Twin Strike+1","REME_PuzzleBox"],"picked":"SKIP","floor":48},{"not_picked":["Wild Strike","Perfected Strike+1","Fire Breathing+1","Anger+1","hubris:Ssssneak"],"picked":"SKIP","floor":48},{"not_picked":["Metallicize+1","Searing Blow","Thunderclap","Twin Strike+1","REME_PuzzleBox"],"picked":"SKIP","floor":48},{"not_picked":["Wild Strike","Perfected Strike+1","Fire Breathing+1","Anger+1","hubris:Ssssneak"],"picked":"SKIP","floor":48},{"not_picked":["Dark Embrace+1","hubris:ReadiedAction+1","ReplayTheSpireMod:Strike From Hell+1","Clash+1","Magnetism+1"],"picked":"SKIP","floor":49},{"not_picked":["Thunderclap+1","Pommel Strike","ReplayTheSpireMod:Muscle Training","Run Through","Magnetism+1"],"picked":"SKIP","floor":49}],"player_experience":708662,"relics_obtained":[{"floor":6,"key":"hubris:MedicalManual"},{"floor":8,"key":"ReplayTheSpireMod:Spearhead"},{"floor":9,"key":"Nunchaku"},{"floor":10,"key":"The Courier"},{"floor":13,"key":"REME_ArchaeologicalTools"},{"floor":17,"key":"aspiration:HiddenCompartment"},{"floor":23,"key":"Prayer Wheel"},{"floor":26,"key":"Frozen Egg 2"},{"floor":27,"key":"hubris:AstralHammer"},{"floor":36,"key":"Du-Vu Doll"},{"floor":40,"key":"MealTicket"},{"floor":43,"key":"Snack Pack"},{"floor":46,"key":"Question Card"}],"event_choices":[{"damage_healed":0,"gold_gain":75,"player_choice":"Touch","damage_taken":9,"max_hp_gain":0,"max_hp_loss":0,"event_name":"FaceTrader","floor":2,"gold_loss":0},{"cards_removed":["Strike_R"],"damage_healed":0,"gold_gain":0,"player_choice":"Gave Gold","damage_taken":0,"max_hp_gain":0,"max_hp_loss":0,"event_name":"Beggar","floor":19,"gold_loss":75},{"damage_healed":0,"gold_gain":0,"player_choice":"Got Potions","damage_taken":0,"max_hp_gain":0,"max_hp_loss":0,"event_name":"Lab","floor":21,"gold_loss":0},{"damage_healed":0,"gold_gain":0,"player_choice":"Fight","damage_taken":0,"max_hp_gain":0,"max_hp_loss":0,"event_name":"MindBloom","floor":36,"gold_loss":0}],"is_beta":false,"boss_relics":[{"not_picked":["hubris:BlackHole","Black Blood"],"picked":"REME_LowDesire"},{"not_picked":["aspiration:RunicSpoon","aspiration:SilentSkillbook"],"picked":"Replay:Grab Bag"},{"not_picked":["hubris:RunicObelisk","aspiration:FutureDiary"],"picked":"hubris:TerracottaHorce"},{"not_picked":["hubris:VirtuousBlindfold","Cursed Key"],"picked":"hubris:CrackedHourglass"},{"not_picked":["REME_DuelDisc","Astrolabe"],"picked":"Tiny House"}],"items_purged_floors":[0,25,37,47,50],"is_endless":false,"potions_floor_spawned":[3,4,8,12,13,22,27,29,36,40],"killed_by":"Time Eater","ascension_level":1}}