{"host":"czx9zpdxwwzni6ls","time":1608238212,"event":{"mods":["BaseMod","BetterRewards","Downfall","Hermit","Hubris","Minty Spire (QoL Compilation)","Replay The Spire","Shop Mod","StSLib","SuperFastMode","UnlockEverythingMod"],"gold_per_floor":[99,129,9,24,24,24,24,39,39,69,2,27,42,42,57,157,157,157,157,157,172,203,227,227],"floor_reached":23,"playtime":1360,"items_purged":[],"score":222,"play_id":"3bbb015e-527c-4e3b-814d-85a61789c9c6","local_time":"20201217155012","daily_mods":["Draft","Vintage","downfall:Hexed"],"is_ascension_mode":false,"campfire_choices":[{"data":"Sweeping Beam","floor":1,"key":"SMITH"},{"data":"Defragment","floor":9,"key":"SMITH"},{"data":"Barrage","floor":18,"key":"SMITH"}],"circlet_count":0,"master_deck":["BasicCrystalCard+1","Chaos","Sweeping Beam","Double Energy","Barrage+1","FTL","FTL","Coolheaded","Beam Cell","Turbo","Gash","ReplaySort","Sweeping Beam+1","Gash","Rip and Tear","Defragment+1","Darkness","Redo","Lockon","Beam Cell+1","Barrage+1","hubris:DoWhile+1","RitualDagger"],"relics":["Velvet Choker","Akabeko","hubris:TenFootPole","hubris:Icosahedron","Blue Candle","Replay:Bottled Flurry","Golden Egg","Art of War","Pet Ghost","Iron Core","Replay:Wax Seal","hubris:GrandSneckoEye","Replay:Bandana","Replay:Rubber Ducky"],"acts_visited":["Exordium","TheCity"],"potions_floor_usage":[],"damage_taken":[{"damage":17,"enemies":"3 Sentries","floor":2,"turns":4},{"damage":6,"enemies":"downfall:FleeingMerchant","floor":3,"turns":4},{"damage":0,"enemies":"Cultist","floor":4,"turns":2},{"damage":0,"enemies":"2 Louse","floor":8,"turns":1},{"damage":17,"enemies":"Replay:BlueRogue","floor":10,"turns":4},{"damage":15,"enemies":"downfall:FleeingMerchant","floor":11,"turns":4},{"damage":0,"enemies":"Jaw Worm","floor":13,"turns":1},{"damage":0,"enemies":"2 Fungi Beasts","floor":15,"turns":2},{"damage":4,"enemies":"Fading Forest","floor":16,"turns":11},{"damage":28,"enemies":"3 Byrds","floor":21,"turns":4},{"damage":10,"enemies":"Chosen","floor":22,"turns":2},{"damage":37,"enemies":"Slavers","floor":23,"turns":2}],"seed_played":"-4230686447748436371","potions_obtained":[{"floor":4,"key":"ColorlessPotion"},{"floor":10,"key":"Energy Potion"},{"floor":21,"key":"hexamod:EctoCoolerPotion"}],"is_trial":false,"path_per_floor":["R","E","$","M","?","?","T","M","R","E","$","T","M","?","M","B",null,"R","?","?","M","M","E"],"character_chosen":"DEFECT","items_purchased":["Darkness","Redo","Barrage"],"campfire_rested":0,"item_purchase_floors":[3,3,11],"current_hp_per_floor":[75,58,52,52,52,52,52,52,52,35,20,20,20,20,20,40,75,75,72,68,40,30,0,0],"gold":227,"neow_bonus":"","is_daily":true,"chose_seed":false,"campfire_upgraded":3,"win_rate":0.0,"timestamp":1608238212,"path_taken":["R","E","$","M","?","?","T","M","R","E","$","?","M","?","M","BOSS","R","?","?","?","M","E"],"items_purchased_type":["Card","Card","Card"],"build_version":"2020-12-13","purchased_purges":0,"victory":false,"max_hp_per_floor":[75,75,75,75,75,75,75,75,75,75,75,75,75,75,75,75,75,75,75,75,75,75,75,75],"card_choices":[{"not_picked":["Stack","BootSequence"],"picked":"BasicCrystalCard","floor":0},{"not_picked":["Force Field","Panic Button"],"picked":"Chaos","floor":0},{"not_picked":["Streamline","Storm"],"picked":"Sweeping Beam","floor":0},{"not_picked":["Cold Snap","Turbo"],"picked":"Double Energy","floor":0},{"not_picked":["ReplayTheSpireMod:Repulse","Sunder"],"picked":"Barrage","floor":0},{"not_picked":["Sweeping Beam","Conserve Battery"],"picked":"FTL","floor":0},{"not_picked":["Coolheaded","Panic Button"],"picked":"FTL","floor":0},{"not_picked":["Redo","Compile Driver"],"picked":"Coolheaded","floor":0},{"not_picked":["Cold Snap","Turbo"],"picked":"Beam Cell","floor":0},{"not_picked":["Conserve Battery","FIFO Queue"],"picked":"Turbo","floor":0},{"not_picked":["ReplayTheSpireMod:Reroute Power","Turbo"],"picked":"Compile Driver","floor":0},{"not_picked":["Beam Cell","Cold Snap"],"picked":"Gash","floor":0},{"not_picked":["Rebound","FIFO Queue"],"picked":"ReplaySort","floor":0},{"not_picked":["Rebound","Barrage"],"picked":"Sweeping Beam","floor":0},{"not_picked":["Glacier","Panic Button"],"picked":"Gash","floor":0},{"not_picked":["Rebound","Panic Button"],"picked":"Rip and Tear","floor":2},{"not_picked":["ReplaySort","Sweeping Beam"],"picked":"Defragment","floor":3},{"not_picked":["Heatsinks","Rainbow"],"picked":"Lockon","floor":10},{"not_picked":["Recycle","Sunder"],"picked":"Beam Cell","floor":11},{"not_picked":["Fission","Double Tap"],"picked":"hubris:DoWhile","floor":16}],"player_experience":13135,"relics_obtained":[{"floor":2,"key":"Akabeko"},{"floor":4,"key":"hubris:TenFootPole"},{"floor":7,"key":"Blue Candle"},{"floor":8,"key":"Replay:Bottled Flurry"},{"floor":10,"key":"Golden Egg"},{"floor":12,"key":"Art of War"},{"floor":13,"key":"Pet Ghost"},{"floor":15,"key":"Replay:Wax Seal"},{"floor":21,"key":"Replay:Bandana"},{"floor":22,"key":"Replay:Rubber Ducky"}],"event_choices":[],"is_beta":false,"boss_relics":[{"not_picked":["Runic Pyramid","hubris:TerracottaHorce"],"picked":"hubris:GrandSneckoEye"}],"items_purged_floors":[],"is_endless":false,"potions_floor_spawned":[4,10,21],"killed_by":"Slavers","ascension_level":0}}