{"host":"fvsruk02bthdqpa4","time":1608169081,"event":{"mods":["AchievementEnabler","Aspiration","BaseMod","Colored Map","Colored Powertips","Conspire","Minty Spire (QoL Compilation)","Quick Restart","Shop Mod","StSLib","SuperFastMode","The Blue Laboratory","The Runesmith"],"gold_per_floor":[113,22,22,32,32,32,59,59,130,146,146,166,166,181,181,285,285,295,311,386,173,187,187,45,71,119,119,119],"floor_reached":27,"playtime":1331,"items_purged":["Runesmith:Strike_RS"],"score":295,"play_id":"e728cc9b-c370-4e09-95a8-f5c92ee7b8d2","local_time":"20201216203801","is_ascension_mode":true,"campfire_choices":[{"data":"Runesmith:Permafrost","floor":6,"key":"SMITH"},{"floor":8,"key":"REST"},{"data":"Runesmith:Firestorm","floor":13,"key":"SMITH"},{"data":"Runesmith:Grindstone","floor":15,"key":"SMITH"},{"floor":23,"key":"REST"}],"circlet_count":0,"master_deck":["Runesmith:Strike_RS","Runesmith:Strike_RS","Runesmith:Defend_RS","Runesmith:Defend_RS","Runesmith:CraftFirestone","Runesmith:Fortify","Runesmith:CraftProtectio","Runesmith:Permafrost+1","Runesmith:CraftMagma","Runesmith:Firestorm+1","Runesmith:PoweredAnvil","Runesmith:MetallurgicalResearch","Runesmith:Grindstone+1","Runesmith:UnlimitedPower","Runesmith:GoWithTheFlow+1","Runesmith:DuctTape","Runesmith:CraftSpiculum+1","Runesmith:CreatorForm","Runesmith:RuneHurl"],"relics":["Runesmith:BrokenRuby","Bag of Marbles","InkBottle","conspire:SeveredTorchhead","Boot","aspiration:HiddenCompartment"],"acts_visited":["Exordium","TheCity"],"potions_floor_usage":[16,19,19,27,27],"damage_taken":[{"damage":3,"enemies":"2 Louse","floor":1,"turns":3},{"damage":11,"enemies":"Jaw Worm","floor":4,"turns":4},{"damage":29,"enemies":"Gremlin Nob","floor":7,"turns":5},{"damage":1,"enemies":"conspire:RoseBush","floor":10,"turns":3},{"damage":27,"enemies":"Lots of Slimes","floor":12,"turns":5},{"damage":11,"enemies":"Looter","floor":14,"turns":4},{"damage":0,"enemies":"The Guardian","floor":16,"turns":7},{"damage":4,"enemies":"Spheric Guardian","floor":18,"turns":6},{"damage":26,"enemies":"3 Byrds","floor":19,"turns":5},{"damage":16,"enemies":"Sentry and Sphere","floor":22,"turns":6},{"damage":13,"enemies":"conspire:Head Lice","floor":25,"turns":9},{"damage":27,"enemies":"3 Cultists","floor":27,"turns":3}],"seed_played":"-2488780857467431576","potions_obtained":[{"floor":7,"key":"blueLaboratory:ImpenetrablePotion"},{"floor":12,"key":"SneckoOil"},{"floor":16,"key":"BlessingOfTheForge"},{"floor":18,"key":"SpeedPotion"},{"floor":19,"key":"FearPotion"}],"is_trial":false,"path_per_floor":["M","$","?","M","$","R","E","R","T","M","?","M","R","M","R","B",null,"M","M","?","$","M","R","$","E","T","M"],"character_chosen":"RUNESMITH_CLASS","items_purchased":["Runesmith:Permafrost","Runesmith:CraftMagma","Runesmith:DuctTape","Runesmith:CreatorForm"],"campfire_rested":2,"item_purchase_floors":[2,2,21,24],"current_hp_per_floor":[46,46,46,35,35,35,6,27,27,26,70,43,43,32,32,32,70,66,40,33,33,17,38,38,25,25,0,0],"gold":119,"neow_bonus":"REMOVE_TWO","is_daily":false,"chose_seed":false,"campfire_upgraded":3,"win_rate":0.0,"timestamp":1608169081,"path_taken":["M","$","?","M","?","R","E","R","T","M","?","M","R","M","R","BOSS","M","?","?","$","M","R","$","E","T","M"],"items_purchased_type":["Card","Card","Card","Card"],"build_version":"2020-12-13","purchased_purges":1,"victory":false,"max_hp_per_floor":[70,70,70,70,70,70,70,70,70,70,70,70,70,70,70,70,70,70,70,70,70,70,70,70,70,70,70,70],"card_choices":[{"not_picked":["Runesmith:ShiftingStrike","Runesmith:HeatExchange"],"picked":"Runesmith:CraftProtectio","floor":1},{"not_picked":["Runesmith:BackupBattery","Runesmith:MakeshiftArmor"],"picked":"Runesmith:PoweredAnvil","floor":4},{"not_picked":["Runesmith:MakeshiftArmor","Runesmith:FrozenChisel"],"picked":"Runesmith:MetallurgicalResearch","floor":7},{"not_picked":["Runesmith:Superposition","Runesmith:CraftProtectio","Runesmith:Discharge"],"picked":"SKIP","floor":10},{"not_picked":["Runesmith:ShiftingStrike","Runesmith:MakeshiftArmor","Runesmith:ChiselStab"],"picked":"SKIP","floor":12},{"not_picked":["Runesmith:CraftMagma","Runesmith:EnergizedChisel"],"picked":"Runesmith:Grindstone","floor":14},{"not_picked":["Runesmith:CreatorForm","Runesmith:CraftIndustria"],"picked":"Runesmith:UnlimitedPower","floor":16},{"not_picked":["Runesmith:HammerThrow+1","Runesmith:ChiselStab","Runesmith:MakeshiftArmor+1"],"picked":"SKIP","floor":18},{"not_picked":["Runesmith:Discharge","Runesmith:Grindstone"],"picked":"Runesmith:GoWithTheFlow+1","floor":19},{"not_picked":["Runesmith:EnergizedChisel","Runesmith:Repurpose"],"picked":"Runesmith:CraftSpiculum+1","floor":22},{"not_picked":["Runesmith:Augment","Runesmith:GrandSlam"],"picked":"Runesmith:RuneHurl","floor":25}],"player_experience":388385,"relics_obtained":[{"floor":7,"key":"Bag of Marbles"},{"floor":9,"key":"InkBottle"},{"floor":25,"key":"Boot"},{"floor":26,"key":"aspiration:HiddenCompartment"}],"event_choices":[{"damage_healed":0,"gold_gain":0,"cards_transformed":["Runesmith:Defend_RS"],"player_choice":"Transformed","damage_taken":0,"max_hp_gain":0,"max_hp_loss":0,"event_name":"Transmorgrifier","floor":3,"gold_loss":0,"cards_obtained":["Runesmith:Firestorm"]},{"damage_healed":44,"gold_gain":0,"player_choice":"Full Heal","damage_taken":0,"max_hp_gain":0,"max_hp_loss":0,"event_name":"Wheel of Change","floor":11,"gold_loss":0},{"damage_healed":0,"gold_gain":75,"player_choice":"Touch","damage_taken":7,"max_hp_gain":0,"max_hp_loss":0,"event_name":"FaceTrader","floor":20,"gold_loss":0}],"is_beta":false,"boss_relics":[{"not_picked":["Ectoplasm","conspire:RunicOctahedron"],"picked":"conspire:SeveredTorchhead"}],"items_purged_floors":[21],"is_endless":false,"potions_floor_spawned":[7,12,16,18,19],"killed_by":"3 Cultists","ascension_level":1}}