{"host":"1t0goru2vbnnqaq4","time":1608172630,"event":{"mods":["2.2 Compatiblity","Act Like it!","Alarm Clock","BaseMod","Better Altar","Better Match","Better Note","Better Sensory Stone","Better Skull","Better Vampires","BetterRewards","Disable Question Mark Monsters","Downfall","Marked Mod","Mimic Mod","Minty Spire (QoL Compilation)","Rare Cards Sparkle","Replay The Spire","Spicy Shops","StSLib","Wandering Minibosses"],"gold_per_floor":[0,19,19,31,62,62,62,94,19,44,55,75,9,0,10,110,110,135,152,152,152],"floor_reached":20,"playtime":1855,"items_purged":[],"score":192,"play_id":"550f477e-a11f-40b2-b1c3-8d4aea625375","local_time":"20201216213710","is_ascension_mode":false,"campfire_choices":[{"floor":6,"key":"RECALL"},{"floor":9,"key":"REST"}],"circlet_count":0,"master_deck":["Slimebound:Strike_Slimebound","Slimebound:Strike_Slimebound","Slimebound:Strike_Slimebound","Slimebound:Tackle","Slimebound:Defend_Slimebound+1","Slimebound:Defend_Slimebound","Slimebound:Defend_Slimebound","Slimebound:Defend_Slimebound","Slimebound:Split+1","Slimebound:CorrosiveSpit+1","Slimebound:SlimeSpikes+1","Slimebound:RejuvenatingLick","Slimebound:FirmFortitude","Slimebound:Prepare","Slimebound:RainOfGoop","Slimebound:SamplingLick","Slimebound:ProtectTheBoss","Slimebound:MinionMaster","Slimebound:SamplingLick","Slimebound:SlimeSlap","Slimebound:AcidTongue","Slimebound:DouseInSlime","Slimebound:RollThrough","Slimebound:MinionMaster","Slimebound:DisruptingSlam","Slimebound:FinishingTackle","Hallucinations","Slimebound:Split","Jack Of All Trades","Slimebound:GoopSpray"],"relics":["Slimebound:AbsorbEndCombat","StoneCalendar","War Paint","Shuriken","downfall:HeartBlessingBlue","Replay:Wax Seal","SlaversCollar","downfall:HeartBlessingRed","downfall:GremlinSack"],"acts_visited":["Exordium","TheCity"],"potions_floor_usage":[13,14,18,20],"damage_taken":[{"damage":7,"enemies":"Cultist","floor":2,"turns":3},{"damage":12,"enemies":"2 Louse","floor":4,"turns":3},{"damage":25,"enemies":"Replay:BlueRogue","floor":5,"turns":5},{"damage":28,"enemies":"3 Sentries","floor":8,"turns":7},{"damage":59,"enemies":"Gremlin Nob","floor":10,"turns":5},{"damage":13,"enemies":"Small Slimes","floor":11,"turns":6},{"damage":7,"enemies":"Blue Slaver","floor":12,"turns":3},{"damage":9,"enemies":"downfall:FleeingMerchant","floor":13,"turns":4},{"damage":10,"enemies":"downfall:FleeingMerchant","floor":14,"turns":6},{"damage":13,"enemies":"Red Slaver","floor":15,"turns":3},{"damage":34,"enemies":"downfall:Watcher","floor":16,"turns":8},{"damage":70,"enemies":"downfall:Watcher","floor":18,"turns":7},{"damage":33,"enemies":"3 Byrds","floor":19,"turns":5},{"damage":53,"enemies":"Cultist and Chosen","floor":20,"turns":5}],"seed_played":"-92892651041000260","potions_obtained":[{"floor":10,"key":"ColorlessPotion"},{"floor":11,"key":"PowerPotion"},{"floor":12,"key":"Reflective Coating"},{"floor":15,"key":"Weak Potion"}],"is_trial":false,"path_per_floor":["R","M","?","M","E","R","T","E","R","E","M","M","$","$","M","B",null,"R","M","M"],"character_chosen":"SLIMEBOUND","items_purchased":["Slimebound:SamplingLick"],"campfire_rested":1,"item_purchase_floors":[13],"current_hp_per_floor":[60,60,60,60,52,52,52,38,69,27,52,59,70,70,61,56,70,32,23,0,0],"gold":152,"neow_bonus":"ONE_RARE_RELIC","is_daily":false,"chose_seed":false,"campfire_upgraded":0,"win_rate":0.0,"timestamp":1608172630,"path_taken":["R","M","?","?","E","R","T","E","R","E","M","M","$","$","M","BOSS","R","M","M"],"items_purchased_type":["Card"],"build_version":"2020-12-13","purchased_purges":0,"victory":false,"max_hp_per_floor":[60,60,60,60,60,60,60,60,70,70,70,70,70,70,70,70,70,70,70,70,70],"card_choices":[{"not_picked":["Slimebound:SplitBruiser","Slimebound:ViciousTackle"],"picked":"Slimebound:SlimeSpikes","floor":2},{"not_picked":["Slimebound:SlimeBarrage","Slimebound:Grow"],"picked":"Slimebound:RejuvenatingLick","floor":4},{"not_picked":["Slimebound:ViciousTackle","Slimebound:Repurpose"],"picked":"Slimebound:FirmFortitude","floor":5},{"not_picked":["Slimebound:SplitAcid","Slimebound:DuplicatedForm"],"picked":"Slimebound:Prepare","floor":8},{"not_picked":["Slimebound:LeechingTouch","Slimebound:DisruptingSlam"],"picked":"Slimebound:RainOfGoop","floor":10},{"not_picked":["Slimebound:SplitMire","Slimebound:GrowthPunch"],"picked":"Slimebound:SamplingLick","floor":11},{"not_picked":["Slimebound:FirmFortitude","Slimebound:FinishingTackle"],"picked":"Slimebound:ProtectTheBoss","floor":12},{"not_picked":["Slimebound:SlimeSpikes","Slimebound:SpikyOuterGoop"],"picked":"Slimebound:MinionMaster","floor":13},{"not_picked":["Slimebound:FinishingTackle","Slimebound:SplitAcid"],"picked":"Slimebound:SlimeSlap","floor":14},{"not_picked":["Slimebound:SamplingLick","Slimebound:PressTheAttack"],"picked":"Slimebound:AcidTongue","floor":15},{"not_picked":["Slimebound:RallyTheTroops","Slimebound:MinionMaster"],"picked":"Slimebound:DouseInSlime","floor":16},{"not_picked":["Slimebound:ViciousTackle","Slimebound:LeechingTouch"],"picked":"Slimebound:RollThrough","floor":18},{"not_picked":["Slimebound:ForwardTackle+1","Slimebound:Equalize+1"],"picked":"Slimebound:GoopSpray","floor":19}],"player_experience":674680,"relics_obtained":[{"floor":5,"key":"War Paint"},{"floor":8,"key":"Shuriken"},{"floor":10,"key":"Replay:Wax Seal"},{"floor":18,"key":"downfall:GremlinSack"}],"event_choices":[{"damage_healed":0,"gold_gain":0,"player_choice":"Upgraded","damage_taken":0,"max_hp_gain":0,"max_hp_loss":0,"event_name":"Upgrade Shrine","floor":1,"gold_loss":0,"cards_upgraded":["Slimebound:CorrosiveSpit"]},{"damage_healed":0,"gold_gain":0,"player_choice":"Forge","damage_taken":0,"max_hp_gain":0,"max_hp_loss":0,"event_name":"Accursed Blacksmith","floor":3,"gold_loss":0,"cards_upgraded":["Slimebound:Split"]}],"is_beta":false,"boss_relics":[{"not_picked":["Snecko Eye","Painkiller Herb"],"picked":"SlaversCollar"}],"items_purged_floors":[],"is_endless":false,"potions_floor_spawned":[10,11,12,15],"killed_by":"Cultist and Chosen","ascension_level":0}}