{"host":"3lwutyfpza97k53s","time":1608172265,"event":{"mods":["A Magickal Journey","Act Like it!","BaseMod","BetterRewards","CapriCore","Clockwork Mod","Conspire","Dio Mod","Downfall","Hallownest","Hermit","Infinite Spire","Minty Spire (QoL Compilation)","Replay The Spire","Robot Space Explorer","Shade Mod","Shop Mod","StSLib","The Construct","The Immortal","The Judge","The Jungle","The Necromancer","TheVacant","TheWitcher"],"gold_per_floor":[114,130,150,165,165,165,165,190,190,190,190,190,206,241,241,338,438,451,462,462,312,412,412,443,462,462,473,473,493,493,522,534,647,659,686,698,710,741,803,815,827,839,851,863,888,900,941,968,980,992,1004,1016,788,818,818],"floor_reached":56,"playtime":10181,"items_purged":["Clockwork:Strike","Clockwork:Strike","Clockwork:Strike+1","Clockwork:Strike+2"],"score":2144,"play_id":"34fbfc54-7382-4a49-913d-16b902e345a5","local_time":"20201216203105","is_ascension_mode":true,"campfire_choices":[{"data":"Clockwork:RevUp","floor":6.0,"key":"SMITH"},{"data":"Clockwork:RevUp+1","floor":10.0,"key":"SMITH"},{"data":"Clockwork:ChargingShield","floor":12.0,"key":"SMITH"},{"data":"Clockwork:Shield","floor":15.0,"key":"SMITH"},{"data":"Clockwork:Shield","floor":23,"key":"SMITH"},{"data":"Clockwork:Shield","floor":28,"key":"SMITH"},{"data":"Clockwork:RevUp+1","floor":30,"key":"SMITH"},{"data":"Clockwork:CogBarrier","floor":32,"key":"SMITH"},{"data":"Madness","floor":40,"key":"SMITH"},{"floor":44,"key":"RECALL"},{"data":"Madness","floor":46,"key":"SMITH"},{"data":"Clockwork:Shield+1","floor":49,"key":"SMITH"},{"floor":52,"key":"DIG"}],"circlet_count":0,"master_deck":["Clockwork:Shield+2","Clockwork:Shield+1","Clockwork:Shield+1","Clockwork:Shield+1","Clockwork:Tinker","Clockwork:WarmUp","Clockwork:Handicap+1","Clockwork:TiltAWhirl+1","Clockwork:CogBarrier+1","Clockwork:RevUp+2","Clockwork:ChargingShield+1","Clockwork:RevUp+2","Clockwork:CogBarrier+1","Clockwork:CogBarrier+1","Madness+1","Madness+1","Clockwork:TiltAWhirl+1"],"relics":["Clockwork:MomentumEngine","conspire:InfiniteJournal","Chemical X","infinitespire:Satchel","infinitespire:Golems Mask","Kunai","Unceasing Top","conspire:Boomerang","Lee\u0027s Waffle","infinitespire:CursedDice","Whetstone","Divine Protection","infinitespire:ShieldingShard","Replay:Grab Bag","Philosopher\u0027s Stone","Replay:Wanted Poster","SacredBark","SlaversCollar","Clockwork:SomewhatSmoothStone","Clockwork:CopperScales","Omamori","Bottled Tornado","MawBank","Clockwork:Varja","Replay:Fungal Core","Replay:Multitool","Golden Egg","Orichalcum","conspire:Dentures","SnafuTest:CatRelic","Replay:Accelerometer"],"acts_visited":["Exordium","TheCity","TheBeyond","TheEnding"],"potions_floor_usage":[],"damage_taken":[{"damage":0.0,"enemies":"Cultist","floor":1.0,"turns":4.0},{"damage":0.0,"enemies":"2 Louse","floor":2.0,"turns":2.0},{"damage":0.0,"enemies":"Small Slimes","floor":3.0,"turns":4.0},{"damage":0.0,"enemies":"2 Fungi Beasts","floor":4.0,"turns":1.0},{"damage":0.0,"enemies":"Gremlin Nob","floor":8.0,"turns":3.0},{"damage":0.0,"enemies":"Exordium Thugs","floor":13.0,"turns":2.0},{"damage":0.0,"enemies":"Lagavulin","floor":14.0,"turns":4.0},{"damage":0.0,"enemies":"Slime Boss","floor":16.0,"turns":5.0},{"damage":0,"enemies":"Spheric Guardian","floor":18,"turns":4},{"damage":5,"enemies":"conspire:FuzzyDice","floor":19,"turns":4},{"damage":0,"enemies":"Replay:Snechameleon","floor":24,"turns":3},{"damage":0,"enemies":"Centurion and Healer","floor":25,"turns":1},{"damage":0,"enemies":"Snake Plant","floor":27,"turns":2},{"damage":0,"enemies":"conspire:HollyBat","floor":29,"turns":4},{"damage":0,"enemies":"conspire:Head Lice","floor":31,"turns":4},{"damage":0,"enemies":"Champ","floor":33,"turns":5},{"damage":0,"enemies":"3 Shapes","floor":35,"turns":3},{"damage":0,"enemies":"3 Darklings","floor":38,"turns":1},{"damage":0,"enemies":"Mind Bloom Boss Battle","floor":39,"turns":2},{"damage":0,"enemies":"4 Shapes","floor":45,"turns":2},{"damage":0,"enemies":"Giant Head","floor":47,"turns":4},{"damage":0,"enemies":"Maw","floor":48,"turns":3},{"damage":0,"enemies":"Awakened One","floor":50,"turns":4},{"damage":0,"enemies":"Shield and Spear","floor":54,"turns":1},{"damage":18,"enemies":"Kars","floor":55,"turns":5}],"seed_played":"-531153912641989042","potions_obtained":[{"floor":2.0,"key":"ColorlessPotion"},{"floor":4.0,"key":"sneckomod:MuddlingPotion"}],"is_trial":false,"path_per_floor":["M","M","M","M","?","R","?","E","T","R","?","R","M","E","R","B",null,"M","M","?","$","?","R","E","M","T","M","R","M","R","E","R","B",null,"M","?","?","M","?","R","?","$","T","R","M","R","E","M","R","B",null,"R","$","E","B",null],"character_chosen":"CLOCKWORK","items_purchased":["Clockwork:TiltAWhirl","Chemical X","infinitespire:Satchel","Clockwork:CogBarrier","Kunai","Whetstone","Clockwork:RevUp","conspire:Boomerang","Lee\u0027s Waffle","Adrenaline Potion","SnafuTest:CatRelic"],"campfire_rested":0,"item_purchase_floors":[0,0,0,0,0,0,0,0,0,0,53],"current_hp_per_floor":[92,92,92,92,92,92,97,97,97,97,97,97,97,97,97,97,97,97,92,92,92,86,86,86,86,86,86,86,86,86,86,86,86,94,94,82,82,82,82,82,82,82,82,82,82,82,82,82,82,82,93,93,93,93,75],"gold":818,"neow_bonus":"","is_daily":false,"chose_seed":false,"campfire_upgraded":11,"win_rate":0.0,"timestamp":1608172265,"path_taken":["M","M","?","?","?","R","?","E","T","R","?","R","M","E","R","BOSS","M","M","?","?","?","R","E","M","T","?","R","M","R","E","R","BOSS","M","?","?","?","?","R","?","$","T","R","M","R","E","M","R","BOSS","R","$","E","BOSS"],"items_purchased_type":["Card","Relic","Relic","Card","Relic","Relic","Card","Relic","Relic","Potion","Relic"],"build_version":"2020-12-13","purchased_purges":4,"victory":true,"max_hp_per_floor":[92,92,92,92,92,92,97,97,97,97,97,97,97,97,97,97,97,97,97,97,97,97,97,97,97,97,97,97,97,97,97,97,97,97,97,97,97,97,97,97,97,97,97,97,97,97,97,97,97,97,97,97,97,97,97],"card_choices":[{"not_picked":["Clockwork:TimeOut","Clockwork:Roundhouse"],"picked":"Clockwork:ChargingShield","floor":1.0},{"not_picked":["Clockwork:SearingStrike","Clockwork:EnthusiasticStrike","Clockwork:SystemHardening"],"picked":"SKIP","floor":2.0},{"not_picked":["Clockwork:LogisticRegression","Clockwork:CogToss"],"picked":"Clockwork:SmithsMallet","floor":3.0},{"not_picked":["Clockwork:SystemHardening","Clockwork:AdaptiveCannon"],"picked":"Clockwork:RevUp","floor":4.0},{"not_picked":["Clockwork:MechanicalMass","Clockwork:DefectiveParts"],"picked":"Clockwork:CraftCopperScales","floor":8.0},{"not_picked":["Clockwork:OccamsRazor","Clockwork:CogBarrier","Clockwork:ElasticNanites"],"picked":"SKIP","floor":13.0},{"not_picked":["Clockwork:SystemScan","Clockwork:AdaptiveShield"],"picked":"Clockwork:CraftSomewhatSmoothStone","floor":14.0},{"not_picked":["Clockwork:ForgeStrike+1","Clockwork:Friction+1","Clockwork:PerfectedStrike+1"],"picked":"SKIP","floor":18},{"not_picked":["Clockwork:Pluck","Clockwork:SnapKeep"],"picked":"Clockwork:CogBarrier","floor":19},{"not_picked":["Clockwork:SystemHardening","Clockwork:ForgeStrike","Clockwork:Roundhouse"],"picked":"SKIP","floor":24},{"not_picked":["Clockwork:ChargingShield","Clockwork:PerfectedStrike+1"],"picked":"Clockwork:CraftVarja","floor":25},{"not_picked":["Clockwork:SmithsMallet","Clockwork:CogShield"],"picked":"Clockwork:CogBarrier+1","floor":27},{"not_picked":["Clockwork:ForgeStrike","Clockwork:PerfectForm","Clockwork:ReserveSystems"],"picked":"SKIP","floor":29},{"not_picked":["Clockwork:ChargingShield","Clockwork:Minimalism","Clockwork:LiteraryArmor"],"picked":"SKIP","floor":31},{"not_picked":["Clockwork:SystemHardening+1","Clockwork:Enhance","Clockwork:SystemScan+1"],"picked":"SKIP","floor":35},{"not_picked":["Clockwork:Roundhouse+1","Clockwork:SystemScan+1","Clockwork:Friction"],"picked":"SKIP","floor":38},{"not_picked":["Clockwork:ReserveSystems+1","Clockwork:ChargingBlade","Clockwork:OccamsRazor+1"],"picked":"SKIP","floor":45},{"not_picked":["Clockwork:Roundhouse","Clockwork:AdaptiveShield+1","Clockwork:ChargingBlade"],"picked":"SKIP","floor":47},{"not_picked":["Clockwork:RitualDaggerMk0+1","Clockwork:SnapKeep+1","Clockwork:AeonShield"],"picked":"SKIP","floor":48},{"not_picked":["Clockwork:CraftQuicksilverHourglass","Clockwork:EnthusiasticStrike+1","Clockwork:SiegeStrike"],"picked":"SKIP","floor":54},{"not_picked":["Clockwork:CraftQuicksilverHourglass","Clockwork:EnthusiasticStrike+1","Clockwork:SiegeStrike"],"picked":"SKIP","floor":54}],"player_experience":469963,"relics_obtained":[{"floor":8.0,"key":"Divine Protection"},{"floor":14.0,"key":"infinitespire:ShieldingShard"},{"floor":24,"key":"Omamori"},{"floor":26,"key":"Bottled Tornado"},{"floor":31,"key":"MawBank"},{"floor":39,"key":"Replay:Multitool"},{"floor":43,"key":"Golden Egg"},{"floor":47,"key":"Orichalcum"},{"floor":52,"key":"conspire:Dentures"},{"floor":54,"key":"Replay:Accelerometer"}],"event_choices":[{"damage_healed":0.0,"max_hp_gain":0.0,"max_hp_loss":0.0,"gold_gain":0.0,"event_name":"Living Wall","player_choice":"Grow","floor":5.0,"gold_loss":0.0,"damage_taken":0.0,"cards_upgraded":["Clockwork:RevUp"]},{"damage_healed":0.0,"max_hp_gain":5.0,"max_hp_loss":0.0,"gold_gain":0.0,"event_name":"Big Fish","player_choice":"Donut","floor":7.0,"gold_loss":0.0,"damage_taken":0.0},{"damage_healed":0.0,"max_hp_gain":0.0,"max_hp_loss":0.0,"gold_gain":0.0,"event_name":"conspire:LoneGhost","player_choice":"Disagree","floor":11.0,"gold_loss":0.0,"damage_taken":0.0},{"damage_healed":0,"gold_gain":0,"player_choice":"Ignored","damage_taken":0,"max_hp_gain":0,"max_hp_loss":0,"event_name":"The Mausoleum","floor":20,"gold_loss":0},{"damage_healed":0,"gold_gain":0,"player_choice":"","damage_taken":6,"max_hp_gain":0,"max_hp_loss":0,"event_name":"Knowing Skull","floor":22,"potions_obtained":[],"gold_loss":0,"cards_obtained":[]},{"damage_healed":0,"gold_gain":0,"player_choice":"Embrace Madness","damage_taken":12,"max_hp_gain":0,"max_hp_loss":0,"event_name":"Winding Halls","floor":36,"gold_loss":0,"cards_obtained":["Madness","Madness"]},{"damage_healed":0,"gold_gain":0,"player_choice":"Copied","damage_taken":0,"max_hp_gain":0,"max_hp_loss":0,"event_name":"Duplicator","floor":37,"gold_loss":0,"cards_obtained":["Clockwork:TiltAWhirl"]},{"damage_healed":0,"gold_gain":0,"player_choice":"Fight","damage_taken":0,"max_hp_gain":0,"max_hp_loss":0,"event_name":"MindBloom","floor":39,"gold_loss":0}],"is_beta":false,"boss_relics":[{"not_picked":["Snecko Eye","construct:WeddingRing"],"picked":"Replay:Grab Bag"},{"not_picked":["Ectoplasm","Replay:Bronze Core"],"picked":"Philosopher\u0027s Stone"},{"not_picked":["Painkiller Herb","conspire:SlowCooker"],"picked":"Replay:Wanted Poster"},{"not_picked":["Calling Bell","Ring of Chaos"],"picked":"SacredBark"},{"not_picked":["conspire:RunicOctahedron","Replay:Drink Me"],"picked":"SlaversCollar"},{"not_picked":["Replay:Ancient Bell","Black Star"],"picked":"Replay:Fungal Core"}],"items_purged_floors":[0,0,0,21],"is_endless":false,"potions_floor_spawned":[2,4,14,16,19,25,27,31,33,38,47,48,54],"ascension_level":7}}