{"host":"rjmu5g8hpiele53d","time":1608229801,"event":{"mods":["2.2 Compatiblity","BaseMod","Downfall","GifTheSpireLib","Minty Spire (QoL Compilation)","StSLib"],"gold_per_floor":[99,127,145,28,178,178,178,198,198,198,208,224,26,44,60,159,159,159,172,172,172,172,172,196,33,33,66,81,81,12,12,12],"floor_reached":31,"playtime":3341,"items_purged":[],"score":289,"play_id":"a2ec5df3-d238-4b08-aaee-342e79ff843b","local_time":"20201217183001","is_ascension_mode":true,"campfire_choices":[{"data":"champ:Encircle","floor":1,"key":"SMITH"},{"data":"champ:Lariat","floor":6,"key":"SMITH"},{"data":"champ:Taunt","floor":10,"key":"SMITH"},{"data":"champ:AdrenalArmor","floor":18,"key":"SMITH"},{"data":"champ:Backstep","floor":22,"key":"SMITH"},{"data":"champ:Circumvent","floor":26,"key":"SMITH"}],"circlet_count":0,"master_deck":["champ:Defend","champ:Defend","champ:Execute","champ:Taunt+1","champ:Encircle+1","champ:GladiatorsShout","champ:DefensiveShout","champ:Lariat+1","champ:IronFortress","champ:RecklessLeap","champ:Circumvent+1","champ:AdrenalArmor+1","champ:BerserkerStyle","champ:RageSigil","champ:DeathBlow","champ:Shatter","champ:Devastate","CurseOfTheBell","champ:Backstep+1","RitualDagger+1","Bite","Bite","Bite","Bite","Bite","champ:EnragedBash","champ:IgnorePain","champ:BerserkersShout","champ:BringItOn"],"relics":["champ:ChampionCrown","Bottled Flame","Lizard Tail","Calling Bell","Orichalcum","Singing Bowl","Dead Branch","Centennial Puzzle","Vajra","Bronze Scales","Anchor"],"acts_visited":["Exordium","TheCity"],"potions_floor_usage":[27],"damage_taken":[{"damage":33,"enemies":"Gremlin Nob","floor":2,"turns":3},{"damage":9,"enemies":"Cultist","floor":3,"turns":3},{"damage":19,"enemies":"downfall:FleeingMerchant","floor":4,"turns":4},{"damage":12,"enemies":"Small Slimes","floor":8,"turns":5},{"damage":7,"enemies":"2 Louse","floor":11,"turns":2},{"damage":22,"enemies":"2 Fungi Beasts","floor":12,"turns":4},{"damage":17,"enemies":"downfall:FleeingMerchant","floor":13,"turns":4},{"damage":48,"enemies":"Blue Slaver","floor":14,"turns":4},{"damage":43,"enemies":"Large Slime","floor":15,"turns":5},{"damage":113,"enemies":"downfall:Ironclad","floor":16,"turns":9},{"damage":9,"enemies":"Spheric Guardian","floor":19,"turns":3},{"damage":50,"enemies":"downfall:FleeingMerchant","floor":25,"turns":4},{"damage":79,"enemies":"Gremlin Leader","floor":27,"turns":7},{"damage":25,"enemies":"Shell Parasite","floor":28,"turns":3},{"damage":36,"enemies":"downfall:FleeingMerchant","floor":30,"turns":4},{"damage":32,"enemies":"3 Cultists","floor":31,"turns":3}],"seed_played":"-1873563563394447643","potions_obtained":[{"floor":3,"key":"hexamod:EctoCoolerPotion"},{"floor":12,"key":"EssenceOfSteel"},{"floor":14,"key":"Guardian:BlockOnCardUsePotion"},{"floor":15,"key":"Strength Potion"},{"floor":20,"key":"CultistPotion"},{"floor":28,"key":"hexamod:EctoCoolerPotion"}],"is_trial":false,"path_per_floor":["R","E","M","$","?","R","T","M","?","R","M","M","$","M","M","B",null,"R","M","?","?","R","?","T","$","R","E","M","?","$","M"],"character_chosen":"THE_CHAMP","items_purchased":["champ:Lariat","champ:IronFortress","champ:BerserkerStyle","champ:RageSigil","champ:DeathBlow","Bronze Scales","champ:BringItOn"],"campfire_rested":0,"item_purchase_floors":[4,4,13,13,13,25,30],"current_hp_per_floor":[90,82,82,82,82,82,82,74,74,74,74,65,58,46,46,63,90,90,86,86,86,86,62,62,54,54,33,35,35,26,0,0],"gold":12,"neow_bonus":"TRANSFORM_CARD","is_daily":false,"chose_seed":false,"campfire_upgraded":6,"win_rate":0.0,"timestamp":1608229801,"path_taken":["R","E","M","?","?","R","T","M","?","R","M","M","$","M","M","BOSS","R","M","?","?","R","?","T","?","R","E","?","?","$","?"],"items_purchased_type":["Card","Card","Card","Card","Card","Relic","Card"],"build_version":"2020-12-13","purchased_purges":0,"victory":false,"max_hp_per_floor":[90,90,90,90,90,90,90,90,90,90,90,90,90,90,90,90,90,90,90,90,90,90,62,62,62,62,62,62,62,64,64,64],"card_choices":[{"not_picked":["champ:PreciseThrust","champ:TornadoPunch","champ:FlashCut"],"picked":"SKIP","floor":2},{"not_picked":["champ:FlashCut","champ:TornadoPunch"],"picked":"champ:GladiatorsShout","floor":3},{"not_picked":["champ:BringItOn","champ:TornadoPunch"],"picked":"champ:DefensiveShout","floor":4},{"not_picked":["champ:Control","champ:GutPunch"],"picked":"champ:RecklessLeap","floor":8},{"not_picked":["champ:RageSigil","champ:IronFortress"],"picked":"champ:Circumvent","floor":11},{"not_picked":["champ:DefensiveStyle","champ:Lariat"],"picked":"champ:AdrenalArmor","floor":12},{"not_picked":["champ:Circumvent","champ:DefensiveShout","champ:BringItOn"],"picked":"SKIP","floor":13},{"not_picked":["champ:Encircle","champ:FalseCounter"],"picked":"champ:Shatter","floor":14},{"not_picked":["champ:FalseCounter","champ:PreciseThrust","champ:ShieldSlam"],"picked":"SKIP","floor":15},{"not_picked":["champ:HoldFirm","champ:CheapShot"],"picked":"champ:Devastate","floor":16},{"not_picked":["champ:FanOfKnives+1","champ:BladeFlurry"],"picked":"champ:Backstep","floor":19},{"not_picked":["champ:DefensiveShout+1","champ:Backstep"],"picked":"champ:EnragedBash","floor":25},{"not_picked":["champ:ShieldSigil","champ:CalledShot"],"picked":"champ:IgnorePain","floor":27},{"not_picked":["champ:Backstep+1","champ:DeathBlow"],"picked":"champ:BerserkersShout","floor":28},{"not_picked":["champ:Aggression","champ:RageSigil","champ:BringItOn"],"picked":"Singing Bowl","floor":30}],"player_experience":1560806,"relics_obtained":[{"floor":2,"key":"Bottled Flame"},{"floor":7,"key":"Lizard Tail"},{"floor":17,"key":"Orichalcum"},{"floor":17,"key":"Singing Bowl"},{"floor":17,"key":"Dead Branch"},{"floor":24,"key":"Vajra"},{"floor":27,"key":"Anchor"}],"event_choices":[{"cards_removed":["Slimebound:Icky"],"damage_healed":0,"gold_gain":0,"player_choice":"Card Removal","damage_taken":0,"max_hp_gain":0,"max_hp_loss":0,"event_name":"The Cleric","floor":9,"gold_loss":0},{"damage_healed":0,"gold_gain":0,"player_choice":"Became a vampire","damage_taken":0,"max_hp_gain":0,"max_hp_loss":28,"event_name":"Vampires","floor":23,"gold_loss":0,"cards_obtained":["Bite","Bite","Bite","Bite","Bite"]},{"cards_removed":["champ:Defend"],"damage_healed":0,"gold_gain":0,"player_choice":"Purged","damage_taken":0,"max_hp_gain":0,"max_hp_loss":0,"event_name":"Purifier","floor":29,"gold_loss":0}],"is_beta":false,"boss_relics":[{"not_picked":["Fusion Hammer","Pandora\u0027s Box"],"picked":"Calling Bell"}],"items_purged_floors":[],"is_endless":false,"potions_floor_spawned":[3,12,14,15,16,28],"killed_by":"3 Cultists","ascension_level":1}}