{"host":"jkgg7n5hn1slsm35","time":1608202474,"event":{"mods":["Aspiration","BaseMod","BetterRewards","Conspire","Googly Eyes","Gremlin Skip","Halation","Highlight Path","Hubris","Infinite Spire","Minty Spire (QoL Compilation)","Permanent Neow","StSLib","SuperFastMode","vexMod"],"gold_per_floor":[215,225,244,23,39,64,64,99,99,99,118,118,118,18,18,122,122,135,148,148,148,162,197,197,197,224,224,240,7,7,17,17,116,116,129,140,140,140,157,157,157,157],"floor_reached":41,"playtime":1694,"items_purged":["Strike_G","Strike_G","Strike_G"],"score":421,"play_id":"740bdbc4-178a-4070-a79a-42ecf683e827","local_time":"20201217115434","is_ascension_mode":false,"campfire_choices":[{"data":"After Image","floor":10,"key":"SMITH"},{"floor":13,"key":"REST"},{"data":"After Image","floor":15,"key":"SMITH"},{"data":"After Image","floor":25,"key":"SMITH"},{"data":"Backstab","floor":27,"key":"SMITH"},{"data":"Accuracy","floor":32,"key":"SMITH"},{"data":"Blade Dance","floor":40,"key":"SMITH"}],"circlet_count":0,"master_deck":["Strike_G","Strike_G","Defend_G","Defend_G","Defend_G","Defend_G","Defend_G","Survivor","Neutralize","Infinite Blades","Deflect","Backflip","Backflip","After Image+1","After Image+1","Blade Dance+1","Backstab+1","After Image+1","Quick Slash+1","Infinite Blades+1","infinitespire:Fortify","Accuracy+1","Shame","Accuracy+1","Dodge and Roll"],"relics":["Ring of the Snake","halation:NonexistentMirror","Meat on the Bone","Regal Pillow","infinitespire:Bottled Soul","halation:EternalFortune","hubris:ScarierMask","Toy Ornithopter","aspiration:TomeofQuesting","SlaversCollar","halation:PrussianBluePaint","Juzu Bracelet","infinitespire:CheckeredPen","vexMod:CursedCompass"],"acts_visited":["Exordium","TheCity","TheBeyond"],"potions_floor_usage":[6,6,6],"damage_taken":[{"damage":0,"enemies":"conspire:RoseBush","floor":1,"turns":4},{"damage":0,"enemies":"2 Louse","floor":2,"turns":4},{"damage":2,"enemies":"Jaw Worm","floor":3,"turns":5},{"damage":18,"enemies":"Exordium Wildlife","floor":5,"turns":10},{"damage":17,"enemies":"Gremlin Nob","floor":6,"turns":4},{"damage":3,"enemies":"3 Sentries","floor":8,"turns":15},{"damage":0,"enemies":"2 Fungi Beasts","floor":11,"turns":4},{"damage":14,"enemies":"The Guardian","floor":16,"turns":20},{"damage":0,"enemies":"3 Byrds","floor":18,"turns":7},{"damage":3,"enemies":"conspire:FuzzyDice","floor":19,"turns":4},{"damage":1,"enemies":"3 Cultists","floor":22,"turns":5},{"damage":5,"enemies":"Nightmare","floor":23,"turns":12},{"damage":9,"enemies":"Chosen and Byrds","floor":28,"turns":7},{"damage":0,"enemies":"Sentry and Sphere","floor":31,"turns":3},{"damage":6,"enemies":"conspire:MysteriousRune","floor":33,"turns":11},{"damage":1,"enemies":"3 Shapes","floor":35,"turns":4},{"damage":6,"enemies":"Orb Walker","floor":36,"turns":4},{"damage":7,"enemies":"Spire Growth","floor":39,"turns":4},{"damage":66,"enemies":"Nightmare","floor":41,"turns":11}],"seed_played":"-2670045550376442149","potions_obtained":[{"floor":1,"key":"Poison Potion"},{"floor":2,"key":"DistilledChaos"},{"floor":5,"key":"SteroidPotion"},{"floor":8,"key":"FearPotion"},{"floor":22,"key":"Block Potion"},{"floor":23,"key":"Fire Potion"}],"is_trial":false,"path_per_floor":["M","M","M","$","M","E","?","E","T","R","M","?","R","$","R","B",null,"M","M","?","?","M","NM","AVR","R","T","R","M","$","?","M","R","B",null,"M","M","?","?","M","R","NM"],"character_chosen":"THE_SILENT","items_purchased":["halation:NonexistentMirror","Accuracy","Juzu Bracelet"],"campfire_rested":1,"item_purchase_floors":[4,29,29],"current_hp_per_floor":[70,70,68,68,50,33,33,42,42,42,42,45,73,73,73,59,73,73,70,70,70,69,64,64,64,64,64,55,55,55,58,58,52,76,75,69,69,69,62,62,0,0],"gold":157,"neow_bonus":"HUNDRED_GOLD","is_daily":false,"chose_seed":false,"campfire_upgraded":6,"win_rate":0.0,"timestamp":1608202474,"path_taken":["M","M","M","$","M","E","?","E","T","R","M","?","R","$","R","BOSS","M","M","?","?","M","NM","AVR","R","T","R","M","$","?","M","R","BOSS","M","M","?","?","M","R","NM"],"items_purchased_type":["Relic","Card","Relic"],"build_version":"2020-12-13","purchased_purges":3,"victory":false,"max_hp_per_floor":[70,70,70,70,70,70,70,70,70,70,70,73,73,73,73,73,73,73,73,73,73,73,73,73,73,73,73,73,73,73,76,76,76,76,76,76,76,76,76,76,76,76],"card_choices":[{"not_picked":["Terror","Prepared"],"picked":"Infinite Blades","floor":1},{"not_picked":["conspire:PoisonWeapons","Bouncing Flask","Heel Hook"],"picked":"SKIP","floor":2},{"not_picked":["PiercingWail","Riddle With Holes"],"picked":"Deflect","floor":3},{"not_picked":["hubris:Counter","Sucker Punch","Flying Knee"],"picked":"SKIP","floor":5},{"not_picked":["Caltrops","Underhanded Strike"],"picked":"Backflip","floor":6},{"not_picked":["Bane","hubris:Sniper"],"picked":"Blade Dance","floor":8},{"not_picked":["Burst","Distraction"],"picked":"Backstab","floor":11},{"not_picked":["Night Terror","A Thousand Cuts"],"picked":"After Image","floor":16},{"not_picked":["Sucker Punch+1","Underhanded Strike"],"picked":"Quick Slash+1","floor":18},{"not_picked":["Eviscerate","Deflect"],"picked":"Infinite Blades+1","floor":19},{"not_picked":["conspire:PoisonWeapons","Slice","Sucker Punch"],"picked":"SKIP","floor":22},{"not_picked":["Deadly Poison","Bullet Time","Underhanded Strike"],"picked":"SKIP","floor":23},{"not_picked":["Flying Knee+1","Outmaneuver","Slice+1"],"picked":"SKIP","floor":28},{"not_picked":["Sucker Punch","Concentrate","Skewer+1"],"picked":"SKIP","floor":31},{"not_picked":["Outmaneuver+1","Bane","Choke"],"picked":"SKIP","floor":35},{"not_picked":["PiercingWail","Slice"],"picked":"Accuracy+1","floor":36},{"not_picked":["Slice+1","Prepared"],"picked":"Dodge and Roll","floor":39}],"player_experience":1749778,"relics_obtained":[{"floor":6,"key":"Meat on the Bone"},{"floor":8,"key":"Regal Pillow"},{"floor":9,"key":"infinitespire:Bottled Soul"},{"floor":23,"key":"Toy Ornithopter"},{"floor":26,"key":"halation:PrussianBluePaint"},{"floor":31,"key":"halation:EternalFortune"}],"event_choices":[{"damage_healed":0,"gold_gain":0,"player_choice":"Ignored","damage_taken":0,"max_hp_gain":0,"max_hp_loss":0,"event_name":"Vampires","floor":20,"gold_loss":0},{"damage_healed":0,"gold_gain":0,"player_choice":"Stole Relic","damage_taken":0,"relics_obtained":["infinitespire:CheckeredPen"],"max_hp_gain":0,"max_hp_loss":0,"event_name":"Addict","floor":30,"gold_loss":0,"cards_obtained":["Shame"]},{"damage_healed":0,"gold_gain":0,"player_choice":"Memory 1","damage_taken":0,"max_hp_gain":0,"max_hp_loss":0,"event_name":"SensoryStone","floor":38,"gold_loss":0}],"is_beta":false,"boss_relics":[{"not_picked":["vexMod:EndlessSickness","hubris:GrandSneckoEye"],"picked":"hubris:ScarierMask"},{"not_picked":["vexMod:RockOfEvil","hubris:VirtuousBlindfold"],"picked":"vexMod:CursedCompass"}],"items_purged_floors":[4,14,24],"is_endless":true,"potions_floor_spawned":[1,2,5,8,22,23,28,33,36],"killed_by":"Nightmare","ascension_level":0}}