{"host":"2c1pg2m9wpz3w4c0","time":1608175418,"event":{"mods":["AchievementEnabler","Act Like it!","Aspiration","BaseMod","Better Note","BetterRewards","Disable Question Mark Monsters","Halation","Hubris","Infinite Spire","Lotus Mark","Marisa????????","Minty Spire (QoL Compilation)","Replay The Spire","StSLib","SuperFastMode","The Clintock","The Jungle","The Runesmith","Transform Curses"],"gold_per_floor":[116,39,39,39,63,63,88,88,88,88,131,54,74,99,99,224,224,243,243,263,287,306,306,306],"floor_reached":23,"playtime":845,"items_purged":[],"score":368,"play_id":"d6bdfaf4-eef4-44ae-9b00-62a1a9828326","local_time":"20201216202338","is_ascension_mode":false,"campfire_choices":[{"data":"infinitespire:OneForAll","floor":6,"key":"SMITH"},{"data":"Inflame","floor":10,"key":"SMITH"},{"floor":15,"key":"REST"}],"circlet_count":0,"master_deck":["Strike_R","Strike_R","Strike_R","Strike_R","Defend_R","Defend_R","Defend_R","Defend_R","Bash","Inflame","Shrug It Off","Dramatic Entrance","Battle Trance","infinitespire:OneForAll+1","Inflame+1","Injury","Flame Barrier","Twin Strike","Body Slam","Pummel","Metallicize","ReplayTheSpireMod:Stacked","Feed","Pummel+1","Flex","Inflame","Headbutt+1"],"relics":["Burning Blood","Golden Idol","halation:EternalFortune","hubris:Towel","hubris:64BitClover","Self Forming Clay","hubris:HollowSoul","hubris:Spice"],"acts_visited":["Exordium","theJungle:Jungle"],"potions_floor_usage":[11,16,18,22,23],"damage_taken":[{"damage":0,"enemies":"Jaw Worm","floor":1,"turns":4},{"damage":0,"enemies":"2 Louse","floor":5,"turns":2},{"damage":0,"enemies":"Small Slimes","floor":7,"turns":2},{"damage":45,"enemies":"Gremlin Nob","floor":11,"turns":5},{"damage":2,"enemies":"Blue Slaver","floor":13,"turns":4},{"damage":12,"enemies":"2 Fungi Beasts","floor":14,"turns":3},{"damage":0,"enemies":"Slime Boss","floor":16,"turns":6},{"damage":0,"enemies":"theJungle:GiantWrat","floor":18,"turns":6},{"damage":9,"enemies":"theJungle:Flameango_and_Byrd","floor":20,"turns":6},{"damage":18,"enemies":"theJungle:Lyon","floor":21,"turns":3},{"damage":20,"enemies":"theJungle:2_Flameangoes","floor":22,"turns":9},{"damage":30,"enemies":"Nightmare","floor":23,"turns":3}],"seed_played":"-3795899893631046836","potions_obtained":[{"floor":5,"key":"Dexterity Potion"},{"floor":11,"key":"PowerPotion"},{"floor":14,"key":"Languid Potion"},{"floor":18,"key":"Reflective Coating"},{"floor":20,"key":"SkillPotion"}],"is_trial":false,"path_per_floor":["M","$","?","?","M","R","M","?","T","R","E","$","M","M","R","B",null,"M","?","M","M","M","NM"],"character_chosen":"IRONCLAD","items_purchased":["Inflame","Shrug It Off","Dramatic Entrance","Battle Trance","Inflame","Pummel"],"campfire_rested":1,"item_purchase_floors":[0,0,0,0,2,12],"current_hp_per_floor":[78,78,78,81,83,83,83,83,83,83,44,44,48,42,66,72,83,83,83,83,74,71,0,0],"gold":306,"neow_bonus":"","is_daily":false,"chose_seed":false,"campfire_upgraded":2,"win_rate":0.0,"timestamp":1608175418,"path_taken":["M","$","?","?","M","R","M","?","T","R","E","?","M","?","R","BOSS","M","?","M","M","M","NM"],"items_purchased_type":["Card","Card","Card","Card","Card","Card"],"build_version":"2020-12-13","purchased_purges":0,"victory":false,"max_hp_per_floor":[80,80,80,83,83,83,83,83,83,83,83,83,83,83,83,83,83,83,83,86,89,100,100,100],"card_choices":[{"not_picked":["Twin Strike","Havoc"],"picked":"infinitespire:OneForAll","floor":1},{"not_picked":["Clash","Shrug It Off"],"picked":"Flame Barrier","floor":5},{"not_picked":["Run Through","Life Link"],"picked":"Twin Strike","floor":7},{"not_picked":["Entrench","ReplayTheSpireMod:Limb From Limb"],"picked":"Body Slam","floor":11},{"not_picked":["Barricade","Hemokinesis"],"picked":"Metallicize","floor":13},{"not_picked":["Warcry","ReplayReversal"],"picked":"ReplayTheSpireMod:Stacked","floor":14},{"not_picked":["Brutality","Reaper"],"picked":"Feed","floor":16},{"not_picked":["Cleave","Abandon"],"picked":"Pummel+1","floor":18},{"not_picked":["ReplayTheSpireMod:Strike From Hell","Dark Embrace"],"picked":"Flex","floor":20},{"not_picked":["Whirlwind","Armaments+1"],"picked":"Inflame","floor":21},{"not_picked":["Rupture","Fiend Fire"],"picked":"Headbutt+1","floor":22}],"player_experience":1125870,"relics_obtained":[{"floor":9,"key":"hubris:64BitClover"},{"floor":11,"key":"Self Forming Clay"},{"floor":22,"key":"hubris:Spice"}],"event_choices":[{"damage_healed":0,"gold_gain":0,"player_choice":"Take Wound","damage_taken":0,"relics_obtained":["Golden Idol"],"max_hp_gain":0,"max_hp_loss":0,"event_name":"Golden Idol","floor":3,"gold_loss":0,"cards_obtained":["Injury"]},{"cards_removed":["Strike_R"],"damage_healed":0,"gold_gain":0,"player_choice":"Offered Basic","damage_taken":0,"max_hp_gain":0,"max_hp_loss":0,"event_name":"Bonfire Elementals","floor":19,"gold_loss":0}],"is_beta":false,"boss_relics":[{"not_picked":["Replay:Grab Bag","Replay:Fungal Core"],"picked":"hubris:HollowSoul"}],"items_purged_floors":[],"is_endless":false,"potions_floor_spawned":[5,11,14,18,20],"killed_by":"Nightmare","ascension_level":0}}