{"host":"3jpwrwmmgyabjceh","time":1608206418,"event":{"mods":["AchievementEnabler","BaseMod","Colored Map","Colored Powertips","Highlight Path","Minty Spire (QoL Compilation)","StSLib"],"gold_per_floor":[116,136,148,166,180,180,197,262,262,274,274,274,293,313,313,313,313],"floor_reached":16,"playtime":720,"items_purged":[],"score":113,"play_id":"d035e1f2-f7e2-438e-add8-ee8de8c1573b","local_time":"20201217150018","is_ascension_mode":true,"campfire_choices":[{"data":"Combust","floor":6,"key":"SMITH"},{"data":"Shrug It Off","floor":12,"key":"SMITH"},{"data":"Burning Pact","floor":15,"key":"SMITH"}],"circlet_count":0,"master_deck":["Strike_R","Strike_R","Strike_R","Strike_R","Defend_R","Defend_R+1","Defend_R","Defend_R+1","Bash","Shrug It Off+1","Combust+1","Feel No Pain","True Grit","Warcry","Burning Pact+1","Sentinel","Ghostly Armor","True Grit"],"relics":["Burning Blood","War Paint","Centennial Puzzle","Thread and Needle"],"acts_visited":["Exordium"],"potions_floor_usage":[13,16],"damage_taken":[{"damage":4,"enemies":"Small Slimes","floor":1,"turns":4},{"damage":4,"enemies":"Jaw Worm","floor":2,"turns":3},{"damage":4,"enemies":"Cultist","floor":3,"turns":4},{"damage":26,"enemies":"Large Slime","floor":4,"turns":8},{"damage":6,"enemies":"Exordium Wildlife","floor":5,"turns":4},{"damage":9,"enemies":"Looter","floor":7,"turns":4},{"damage":22,"enemies":"3 Sentries","floor":8,"turns":7},{"damage":3,"enemies":"Blue Slaver","floor":10,"turns":7},{"damage":7,"enemies":"3 Louse","floor":13,"turns":3},{"damage":4,"enemies":"Red Slaver","floor":14,"turns":5},{"damage":33,"enemies":"Slime Boss","floor":16,"turns":7}],"seed_played":"7497356044996421546","potions_obtained":[{"floor":2,"key":"Ancient Potion"},{"floor":4,"key":"Strength Potion"},{"floor":5,"key":"Dexterity Potion"},{"floor":10,"key":"Explosive Potion"}],"is_trial":false,"path_per_floor":["M","M","M","M","M","R","M","?","T","M","?","R","M","M","R","B"],"character_chosen":"IRONCLAD","items_purchased":[],"campfire_rested":0,"item_purchase_floors":[],"current_hp_per_floor":[80,80,80,60,60,60,57,41,41,44,44,44,43,45,45,12,12],"gold":313,"neow_bonus":"RANDOM_COMMON_RELIC","is_daily":false,"chose_seed":false,"campfire_upgraded":3,"win_rate":0.0,"timestamp":1608206418,"path_taken":["M","M","M","M","M","R","M","?","T","M","?","R","M","M","R","BOSS"],"items_purchased_type":[],"build_version":"2020-12-13","purchased_purges":0,"victory":false,"max_hp_per_floor":[80,80,80,80,80,80,80,80,80,80,80,80,80,80,80,80,80],"card_choices":[{"not_picked":["Wild Strike","Burning Pact"],"picked":"Shrug It Off","floor":1},{"not_picked":["Dual Wield","Rage"],"picked":"Combust","floor":2},{"not_picked":["Flex","Clothesline"],"picked":"Feel No Pain","floor":3},{"not_picked":["Battle Trance","Entrench"],"picked":"True Grit","floor":4},{"not_picked":["Twin Strike","Searing Blow"],"picked":"Warcry","floor":5},{"not_picked":["Headbutt","Flame Barrier"],"picked":"Burning Pact","floor":7},{"not_picked":["Clothesline","Berserk"],"picked":"Sentinel","floor":8},{"not_picked":["Flex","Iron Wave","Thunderclap"],"picked":"SKIP","floor":10},{"not_picked":["Rampage","Anger"],"picked":"Ghostly Armor","floor":13},{"not_picked":["Headbutt","Heavy Blade"],"picked":"True Grit","floor":14}],"player_experience":207800,"relics_obtained":[{"floor":9,"key":"Thread and Needle"}],"event_choices":[{"damage_healed":0,"gold_gain":0,"player_choice":"Searched \u00273\u0027 times","damage_taken":0,"relics_obtained":["Centennial Puzzle"],"max_hp_gain":0,"max_hp_loss":0,"event_name":"Dead Adventurer","floor":8,"gold_loss":0},{"cards_removed":["Strike_R"],"damage_healed":0,"gold_gain":0,"player_choice":"Purged","damage_taken":0,"max_hp_gain":0,"max_hp_loss":0,"event_name":"Purifier","floor":11,"gold_loss":0}],"is_beta":false,"boss_relics":[],"items_purged_floors":[],"is_endless":false,"potions_floor_spawned":[2,4,5,10],"killed_by":"Slime Boss","ascension_level":3}}