{"host":"dqrpeu281zc4zap6","time":1608202856,"event":{"mods":["BaseMod","BetterRewards","DeckTracker","Downfall","Highlight Path","Minty Spire (QoL Compilation)","StSLib","The Senshi"],"gold_per_floor":[99,99,124,224,224,224,224,250,266,298,298,308,327,243,260,260,260],"floor_reached":16,"playtime":1070,"items_purged":[],"score":168,"play_id":"29ff6cb5-1147-435a-a226-c5258bef991b","local_time":"20201217030056","is_ascension_mode":false,"campfire_choices":[{"data":"champ:Taunt","floor":1,"key":"SMITH"},{"data":"champ:FocusedGladiator","floor":6,"key":"SMITH"}],"circlet_count":0,"master_deck":["champ:Strike","champ:Strike","champ:Strike","champ:Defend","champ:Defend","champ:Defend","champ:Defend","champ:Execute","champ:Taunt+1","champ:RapidStrikes","champ:BringItOn","champ:FocusedGladiator+1","champ:Haymaker","champ:Circumvent","champ:DefensiveStyle","champ:Encircle","champ:FanOfKnives","champ:PerfectedStrike","champ:Lariat","champ:CalledShot"],"relics":["champ:ChampionCrown","downfall:HeartsMalice","champ:FightingForDummies","Omamori","champ:DefensiveTrainingManual","Peace Pipe","Centennial Puzzle"],"acts_visited":["Exordium"],"potions_floor_usage":[15,16],"damage_taken":[{"damage":0,"enemies":"Cultist","floor":2,"turns":1},{"damage":0,"enemies":"Gremlin Nob","floor":3,"turns":1},{"damage":0,"enemies":"3 Sentries","floor":8,"turns":1},{"damage":5,"enemies":"Small Slimes","floor":9,"turns":3},{"damage":27,"enemies":"Gremlin Nob","floor":10,"turns":6},{"damage":3,"enemies":"2 Louse","floor":12,"turns":4},{"damage":8,"enemies":"Exordium Wildlife","floor":13,"turns":4},{"damage":2,"enemies":"downfall:FleeingMerchant","floor":14,"turns":4},{"damage":4,"enemies":"Large Slime","floor":15,"turns":5},{"damage":51,"enemies":"downfall:Defect","floor":16,"turns":4}],"seed_played":"-7694686077175264415","potions_obtained":[{"floor":3,"key":"GamblersBrew"},{"floor":8,"key":"sneckomod:MuddlingPotion"},{"floor":9,"key":"champ:TechniquePotion"},{"floor":13,"key":"ColorlessPotion"}],"is_trial":false,"path_per_floor":["R","M","E","?","?","R","T","E","M","E","?","M","M","$","M","B"],"character_chosen":"THE_CHAMP","items_purchased":["champ:Lariat"],"campfire_rested":0,"item_purchase_floors":[14],"current_hp_per_floor":[90,90,90,90,90,90,90,90,90,63,56,53,50,50,50,0,0],"gold":260,"neow_bonus":"THREE_ENEMY_KILL","is_daily":false,"chose_seed":false,"campfire_upgraded":2,"win_rate":0.0,"timestamp":1608202856,"path_taken":["R","?","E","?","?","R","T","E","M","E","?","M","M","$","M","BOSS"],"items_purchased_type":["Card"],"build_version":"2020-12-13","purchased_purges":0,"victory":false,"max_hp_per_floor":[90,90,90,90,90,90,90,90,90,90,90,90,90,90,90,90,90],"card_choices":[{"not_picked":["champ:GutPunch","champ:BerserkersShout"],"picked":"champ:RapidStrikes","floor":2},{"not_picked":["champ:Haymaker","champ:GladiatorsShout"],"picked":"champ:BringItOn","floor":3},{"not_picked":["champ:BringItOn","champ:DeathBlow"],"picked":"champ:Haymaker","floor":8},{"not_picked":["champ:Backstep","champ:PerfectedStrike"],"picked":"champ:Circumvent","floor":9},{"not_picked":["champ:SteelEdge","champ:FlashCut"],"picked":"champ:DefensiveStyle","floor":10},{"not_picked":["champ:StanceDance","champ:Backstep"],"picked":"champ:Encircle","floor":12},{"not_picked":["champ:RapidStrikes","champ:GutPunch"],"picked":"champ:FanOfKnives","floor":13},{"not_picked":["champ:AdrenalArmor","champ:EnragedBash"],"picked":"champ:PerfectedStrike","floor":14},{"not_picked":["champ:Circumvent","champ:ShieldWall"],"picked":"champ:CalledShot","floor":15}],"player_experience":285424,"relics_obtained":[{"floor":3,"key":"champ:FightingForDummies"},{"floor":7,"key":"Omamori"},{"floor":8,"key":"champ:DefensiveTrainingManual"},{"floor":10,"key":"Peace Pipe"}],"event_choices":[{"damage_healed":0,"gold_gain":0,"cards_transformed":["champ:Strike"],"player_choice":"Change","damage_taken":0,"max_hp_gain":0,"max_hp_loss":0,"event_name":"Living Wall","floor":5,"gold_loss":0,"cards_obtained":["champ:FocusedGladiator"]},{"damage_healed":0,"gold_gain":0,"player_choice":"Success","damage_taken":7,"relics_obtained":["Centennial Puzzle"],"max_hp_gain":0,"max_hp_loss":0,"event_name":"Scrap Ooze","floor":11,"gold_loss":0}],"is_beta":false,"boss_relics":[],"items_purged_floors":[],"is_endless":false,"potions_floor_spawned":[3,8,9,13],"killed_by":"downfall:Defect","ascension_level":0}}