{"host":"02w9hl92h62kgkzk","time":1608171312,"event":{"mods":["2.2 Compatiblity","AchievementEnabler","Act Like it!","AlwaysNeverKeys","Aspiration","BaseMod","Better Altar","Better Match","Better Note","Better Sensory Stone","Better Skull","Better Third Choice","Better Vampires","BetterRewards","Block Reminder","CCEM","ChefMod","Chen","Colored Map","Colored Powertips","Conspire","Downfall","Ekko","Emptier Cage","Energized Spire","Fireblade Mod","Friendly Minions","FruityMod","GifTheSpireLib","Halation","Hallownest","Hermit","Hubris","Magitek Elite","Marisa????????","Marked Mod","Mimic Mod","Minty Spire (QoL Compilation)","Permanent Neow","QueenMod","Quick Restart","Rare Cards Sparkle","Retaliation","Reworked Bosses","Robot Space Explorer","Shade Mod","Shop Mod","Spicy Shops","Spikes Relics","StSLib","Stuff the Spire","The Edgeheg","The Gatherer","The Hayseed","The Hierophant","The Judge","The Jungle","The Necromancer","The Wild Card","TheSwordswoman","TheVacant","Trackpad","Transform Curses","Unceasing Turn Reminder","Wandering Minibosses","vexMod"],"gold_per_floor":[99,109,139,162,87,87,87,106,145,179,195,205,220,238,251,352,352,352,366,641,641,641,668,668,681,700,726,746,760,775,786,805,907,907,907,942,973,985,1009,1021,1033,1045,1071,1083,1105,1133,1164,511,525,525],"floor_reached":51,"playtime":2525,"items_purged":["Regret"],"score":794,"play_id":"50f8fb6c-1758-40a9-b2d9-539f019d177d","local_time":"20201216201512","daily_mods":["SealedDeck","Heirloom"],"is_ascension_mode":false,"campfire_choices":[{"floor":1,"key":"RECALL"},{"data":"Shade:Brains","floor":5,"key":"SMITH"},{"data":"Shade:Coordination","floor":18,"key":"SMITH"},{"data":"Shade:FreshBones","floor":21,"key":"SMITH"},{"data":"Shade:FreshBones","floor":35,"key":"SMITH"},{"data":"Shade:FreshBones","floor":42,"key":"SMITH"},{"floor":44,"key":"REST"}],"circlet_count":0,"master_deck":["Shade:FreshBones+1","Shade:Coordination+1","hubris:DuctTapeCard","Shade:Excise+1","Shade:FreshBones+1","hubris:DuctTapeCard","Panache","Shade:SensePrey"],"relics":["downfall:HeartBlessingRed","StuffTheSpire:EmeraldSignet","StuffTheSpire:GrapeVine","Incense Burner","vexMod:MemoryStick","hubris:DuctTape","StuffTheSpire:Experiment12","vexMod:CursedCompass","aspiration:Lifesprig","MerchantsRug","Genji_Glove","trackpad:AdjectivePendant","trackpad:RapidFire","Guard_Bracelet"],"acts_visited":["Exordium","TheCity","TheBeyond"],"potions_floor_usage":[16,33,33,33,50],"damage_taken":[{"damage":0,"enemies":"Cultist","floor":2,"turns":2},{"damage":0,"enemies":"3 Sentries","floor":3,"turns":3},{"damage":0,"enemies":"Small Slimes","floor":8,"turns":2},{"damage":4,"enemies":"Jaw Worm","floor":9,"turns":3},{"damage":20,"enemies":"Lagavulin","floor":10,"turns":4},{"damage":8,"enemies":"Jaw Worm","floor":11,"turns":2},{"damage":0,"enemies":"Large Slime","floor":12,"turns":2},{"damage":6,"enemies":"Red Slaver","floor":13,"turns":3},{"damage":0,"enemies":"2 Fungi Beasts","floor":14,"turns":2},{"damage":0,"enemies":"Large Slime","floor":15,"turns":3},{"damage":25,"enemies":"downfall:Ironclad","floor":16,"turns":4},{"damage":1,"enemies":"Spheric Guardian","floor":19,"turns":3},{"damage":13,"enemies":"conspire:MimicChest","floor":23,"turns":7},{"damage":0,"enemies":"3 Byrds","floor":25,"turns":2},{"damage":1,"enemies":"Snake Plant","floor":26,"turns":3},{"damage":3,"enemies":"Gremlin Leader","floor":27,"turns":3},{"damage":1,"enemies":"Sentry and Sphere","floor":28,"turns":3},{"damage":0,"enemies":"Cultist and Chosen","floor":29,"turns":3},{"damage":1,"enemies":"Snake Plant","floor":30,"turns":4},{"damage":0,"enemies":"Centurion and Healer","floor":31,"turns":2},{"damage":0,"enemies":"Sentry and Sphere","floor":32,"turns":3},{"damage":46,"enemies":"downfall:Watcher","floor":33,"turns":7},{"damage":15,"enemies":"Reptomancer","floor":36,"turns":5},{"damage":5,"enemies":"3 Shapes","floor":37,"turns":2},{"damage":0,"enemies":"Orb Walker","floor":39,"turns":5},{"damage":15,"enemies":"Jaw Worm Horde","floor":43,"turns":3},{"damage":0,"enemies":"Transient","floor":45,"turns":5},{"damage":0,"enemies":"Sphere and 2 Shapes","floor":46,"turns":3},{"damage":6,"enemies":"Spire Growth","floor":47,"turns":5},{"damage":0,"enemies":"downfall:FleeingMerchant","floor":48,"turns":4},{"damage":17,"enemies":"4 Shapes","floor":49,"turns":2},{"damage":8,"enemies":"downfall:Defect","floor":50,"turns":7}],"seed_played":"2765424343046521216","potions_obtained":[{"floor":2,"key":"PowerPotion"},{"floor":8,"key":"LiquidBronze"},{"floor":12,"key":"FearPotion"},{"floor":16,"key":"champ:CounterPotion"},{"floor":37,"key":"PowerPotion"},{"floor":46,"key":"AttackPotion"},{"floor":47,"key":"Ancient Potion"},{"floor":49,"key":"Weak Potion"}],"is_trial":true,"path_per_floor":["R","M","E","T","R","?","T","M","MIM","E","M","M","M","M","M","B",null,"R","M","?","R","?","?","T","M","M","E","M","M","M","M","M","B",null,"R","E","M","?","M","?","T","R","M","R","M","M","M","$","M","B",null],"character_chosen":"SHADE","items_purchased":["MerchantsRug","Genji_Glove","trackpad:AdjectivePendant","trackpad:RapidFire","Guard_Bracelet","Panache"],"campfire_rested":1,"item_purchase_floors":[48,48,48,48,48,48],"current_hp_per_floor":[65,65,65,65,65,65,65,65,61,41,33,33,27,27,27,2,65,65,64,64,64,64,53,53,53,54,51,50,50,51,51,51,11,65,65,52,47,47,47,47,47,47,32,51,51,51,45,45,28,20],"gold":525,"neow_bonus":"","is_daily":false,"chose_seed":false,"campfire_upgraded":5,"win_rate":0.0,"timestamp":1608171312,"path_taken":["R","M","E","?","R","?","T","M","?","E","M","M","?","M","M","BOSS","R","M","?","R","?","?","T","?","M","E","M","M","M","M","M","BOSS","R","E","M","?","M","?","T","R","M","R","?","M","M","$","M","BOSS"],"items_purchased_type":["Relic","Relic","Relic","Relic","Relic","Card"],"build_version":"2020-12-13","purchased_purges":1,"victory":true,"max_hp_per_floor":[65,65,65,65,65,65,65,65,65,65,65,65,65,65,65,65,65,65,65,65,65,65,65,65,65,65,65,65,65,65,65,65,65,65,65,65,65,65,65,65,65,65,65,65,65,65,65,65,65,65],"card_choices":[{"not_picked":["Shade:WallOfFlesh","Shade:FingerOfDeath","Shade:SensePrey"],"picked":"SKIP","floor":2},{"not_picked":["Shade:ClawBack","Shade:FleshToFlesh","Shade:CoffinDance"],"picked":"SKIP","floor":3},{"not_picked":["Shade:AblativeArmor","Shade:Premonition","Shade:TouchOfTheGrave"],"picked":"SKIP","floor":8},{"not_picked":["Shade:BoneShards","Shade:CoffinDance"],"picked":"Shade:FreshBones","floor":9},{"not_picked":["Shade:Carnophage","Shade:GreyBargain"],"picked":"Shade:Bonestorm","floor":10},{"not_picked":["Shade:FeralStrike","Shade:Trample","Shade:PoundOfFlesh"],"picked":"SKIP","floor":11},{"not_picked":["Shade:Bite_Shade","Shade:ClawBack","Shade:GraveStillness"],"picked":"SKIP","floor":12},{"not_picked":["Shade:Trample","Shade:SkeletonHug","Shade:SpectralStrikes"],"picked":"SKIP","floor":13},{"not_picked":["Shade:ClawBack","Shade:FleshOffering","Shade:DangerousRitual"],"picked":"SKIP","floor":14},{"not_picked":["Shade:Awaken","Shade:Bonestorm","Shade:RavenousHorde"],"picked":"SKIP","floor":15},{"not_picked":["Shade:OfferingToTheBeyond","Shade:LoseControl"],"picked":"Shade:Coordination","floor":16},{"not_picked":["Shade:Asphyxiate+1","Shade:FuneraryArmor"],"picked":"Shade:GraveStillness+1","floor":19},{"not_picked":["Shade:FuneraryArmor","Shade:WallOfFlesh"],"picked":"Shade:Bonestorm+1","floor":25},{"not_picked":["Shade:TouchOfTheGrave","Shade:LyeBath+1","Shade:FleshOffering"],"picked":"SKIP","floor":26},{"not_picked":["Shade:LastGasp","Shade:TouchOfTheGrave","Shade:FuneraryArmor"],"picked":"SKIP","floor":27},{"not_picked":["Shade:ClawBack","Shade:Premonition"],"picked":"Shade:Excise+1","floor":28},{"not_picked":["Shade:Bonestorm","Shade:SoulToxin"],"picked":"Shade:FreshBones","floor":29},{"not_picked":["Shade:GraveStillness","Shade:Frenzy+1","Shade:SanguineRitual+1"],"picked":"SKIP","floor":30},{"not_picked":["Shade:BoneShards+1","Shade:FuneraryArmor","Shade:FleshToFlesh+1"],"picked":"SKIP","floor":31},{"not_picked":["Shade:Frenzy","Shade:FreshBones","Shade:GraveStillness"],"picked":"SKIP","floor":32},{"not_picked":["Shade:ExtraLimbs+1","Shade:FingerOfDeath","Shade:LyeBath"],"picked":"SKIP","floor":36},{"not_picked":["Shade:PoundOfFlesh","Shade:CoffinDance+1","Shade:CallWraith+1"],"picked":"SKIP","floor":37},{"not_picked":["Shade:SpontaneousRitual+1","Shade:Brains+1"],"picked":"Shade:PressTheAttack+1","floor":39},{"not_picked":["Shade:Excise","Shade:CallOfTheGrave","Shade:AblativeArmor+1"],"picked":"SKIP","floor":43},{"not_picked":["Shade:Carnophage+1","Shade:AncientSpear+1","Shade:Premonition"],"picked":"SKIP","floor":45},{"not_picked":["Shade:FeralStrike+1","Shade:Brains","Shade:ClawBack+1"],"picked":"SKIP","floor":46},{"not_picked":["Shade:FreshBones+1","Shade:DangerousRitual","Shade:Carnophage+1"],"picked":"SKIP","floor":47},{"not_picked":["Shade:GraveStillness","Shade:Patience+1","Shade:CallOfTheGrave+1"],"picked":"SKIP","floor":48},{"not_picked":["Shade:WallOfFlesh","Shade:Brains+1"],"picked":"Shade:SensePrey","floor":49}],"player_experience":695890,"relics_obtained":[{"floor":3,"key":"ShockBauble"},{"floor":7,"key":"StuffTheSpire:EmeraldSignet"},{"floor":9,"key":"StuffTheSpire:GrapeVine"},{"floor":10,"key":"Incense Burner"},{"floor":23,"key":"vexMod:MemoryStick"},{"floor":24,"key":"hubris:DuctTape"},{"floor":27,"key":"StuffTheSpire:Experiment12"},{"floor":36,"key":"MawBank"},{"floor":41,"key":"aspiration:Lifesprig"}],"event_choices":[{"damage_healed":0,"gold_gain":0,"player_choice":"Ignored","damage_taken":0,"max_hp_gain":0,"max_hp_loss":0,"event_name":"betterNote:BetterNote","floor":22,"gold_loss":0,"cards_obtained":["Blood_Magic"]},{"cards_removed":["Shade:Bonestorm"],"damage_healed":0,"gold_gain":0,"player_choice":"Removed Attack","damage_taken":0,"max_hp_gain":0,"max_hp_loss":0,"event_name":"Falling","floor":38,"gold_loss":0},{"damage_healed":0,"gold_gain":0,"player_choice":"Copied","damage_taken":0,"max_hp_gain":0,"max_hp_loss":0,"event_name":"Duplicator","floor":40,"gold_loss":0,"cards_obtained":["hubris:DuctTapeCard"]}],"is_beta":false,"boss_relics":[{"not_picked":["Snecko Eye","vexMod:BigBerry"],"picked":"halation:CatFaceCupcake"},{"not_picked":["Astrolabe","Velvet Choker"],"picked":"vexMod:CursedCompass"}],"items_purged_floors":[48],"is_endless":false,"potions_floor_spawned":[2,8,12,15,16,19,26,27,29,30,37,46,47,49],"ascension_level":0}}