{"host":"jm9833yuloeli2yd","time":1608174463,"event":{"mods":["AchievementEnabler","BaseMod","Better Altar","Better Match","Better Note","Better Sensory Stone","Better Skull","Better Vampires","Colored Map","Colored Powertips","DeckTracker","Minty Spire (QoL Compilation)","Permanent Neow","Quick Restart","Replay The Spire","StSLib","SuperFastMode"],"gold_per_floor":[132,182,214,60,120,154,154,269,293,293,373,423,492,146,146,242,242,318,57,75,75,18,18,43,86,110,190,225,225],"floor_reached":28,"playtime":980,"items_purged":["Strike_B","Strike_B"],"score":566,"play_id":"5699c9c6-c4d7-4b35-b3cc-7cbc8b1f248f","local_time":"20201216220743","is_ascension_mode":true,"campfire_choices":[{"data":"HandOfGreed","floor":7.0,"key":"SMITH"},{"floor":15.0,"key":"REST"},{"data":"Defragment","floor":23.0,"key":"SMITH"}],"circlet_count":0,"master_deck":["AscendersBane","Defend_B","Defend_B","Defend_B","Defend_B","Zap","Dualcast","HandOfGreed+1","Beam Cell","Sunder","Cold Snap","Defragment+1","Glacier","Reinforced Body","FTL","Hologram","Echo Form","FTL","Seek+1","Mirror Shield","Leap+1","Leap","Defragment+1","Turbo","Amplify"],"relics":["Cracked Core","Orichalcum","CeramicFish","Replay:Bandana","Centennial Puzzle","Bronze Scales","ChewingGum","ClockworkSouvenir","Nilry\u0027s Codex","Prayer Wheel","War Paint","Toy Ornithopter"],"acts_visited":["Exordium","TheCity"],"potions_floor_usage":[25],"damage_taken":[{"damage":4.0,"enemies":"Jaw Worm","floor":1.0,"turns":5.0},{"damage":9.0,"enemies":"Small Slimes","floor":2.0,"turns":4.0},{"damage":0.0,"enemies":"Cultist","floor":3.0,"turns":2.0},{"damage":6.0,"enemies":"Large Slime","floor":5.0,"turns":5.0},{"damage":15.0,"enemies":"Gremlin Nob","floor":6.0,"turns":4.0},{"damage":0.0,"enemies":"3 Sentries","floor":8.0,"turns":10.0},{"damage":3.0,"enemies":"Gremlin Gang","floor":11.0,"turns":3.0},{"damage":10.0,"enemies":"Exordium Thugs","floor":12.0,"turns":6.0},{"damage":9.0,"enemies":"Lagavulin","floor":13.0,"turns":9.0},{"damage":14.0,"enemies":"Hexaghost","floor":16.0,"turns":9.0},{"damage":5.0,"enemies":"3 Byrds","floor":18.0,"turns":4.0},{"damage":3.0,"enemies":"Shell Parasite","floor":24.0,"turns":5.0},{"damage":16,"enemies":"Book of Stabbing","floor":25,"turns":5},{"damage":0,"enemies":"Sentry and Sphere","floor":27,"turns":6},{"damage":7,"enemies":"3 Cultists","floor":28,"turns":4}],"seed_played":"-7064367533144085866","potions_obtained":[{"floor":1.0,"key":"EntropicBrew"},{"floor":5.0,"key":"PowerPotion"},{"floor":11.0,"key":"Explosive Potion"},{"floor":13.0,"key":"SpeedPotion"},{"floor":24.0,"key":"AttackPotion"},{"floor":25,"key":"SpeedPotion"}],"is_trial":false,"path_per_floor":["M","M","M","$","M","E","R","E","T","?","M","M","E","$","R","B",null,"M","$","?","?","$","R","M","E","T","M","M"],"character_chosen":"DEFECT","items_purchased":["Defragment","Glacier","Bronze Scales","Seek","Elixir","ClockworkSouvenir","Defragment+1"],"campfire_rested":1,"item_purchase_floors":[4,4,14,14,14,19,22],"current_hp_per_floor":[60,51,51,51,45,30,30,30,30,30,27,17,8,8,27,13,51,46,46,46,25,25,25,22,6,6,6,0,0],"gold":225,"neow_bonus":"RANDOM_COLORLESS_2","is_daily":false,"chose_seed":false,"campfire_upgraded":2,"win_rate":0.0,"timestamp":1608174463,"path_taken":["M","M","M","$","M","E","R","E","T","?","M","M","E","$","R","BOSS","M","$","?","?","?","R","M","E","T","M","M"],"items_purchased_type":["Card","Card","Relic","Card","Potion","Relic","Card"],"build_version":"2020-12-13","purchased_purges":2,"victory":false,"max_hp_per_floor":[64,64,64,64,64,64,64,64,64,64,64,64,64,64,64,64,64,64,64,64,64,64,64,64,64,64,64,64,64],"card_choices":[{"not_picked":["Secret Technique","Secret Weapon"],"picked":"HandOfGreed","floor":0.0},{"not_picked":["Stack","Darkness"],"picked":"Beam Cell","floor":1.0},{"not_picked":["Redo","FIFO Queue"],"picked":"Sunder","floor":2.0},{"not_picked":["Skim","Compile Driver"],"picked":"Cold Snap","floor":3.0},{"not_picked":["Streamline","Hologram"],"picked":"Reinforced Body","floor":5.0},{"not_picked":["Panic Button","Go for the Eyes"],"picked":"FTL","floor":6.0},{"not_picked":["Steam","Stack"],"picked":"Hologram","floor":8.0},{"not_picked":["Scrape","Barrage"],"picked":"Echo Form","floor":11.0},{"not_picked":["Hologram","Rebound","Barrage"],"picked":"SKIP","floor":12.0},{"not_picked":["Sunder","Reprogram"],"picked":"FTL","floor":13.0},{"not_picked":["ReplayTheSpireMod:Omega Cannon","Creative AI"],"picked":"Mirror Shield","floor":16.0},{"not_picked":["Storm","ReplayTheSpireMod:System Scan","Leap"],"picked":"SKIP","floor":18.0},{"not_picked":["Compile Driver","Hologram"],"picked":"Turbo","floor":24.0},{"not_picked":["Rebound","Tempest+1","Scrape"],"picked":"SKIP","floor":24.0},{"not_picked":["Compile Driver","Sweeping Beam","Redo"],"picked":"SKIP","floor":25},{"not_picked":["Gash","Rebound"],"picked":"Amplify","floor":27},{"not_picked":["Ball Lightning","Leap","Panic Button"],"picked":"SKIP","floor":27}],"player_experience":1115701,"relics_obtained":[{"floor":6.0,"key":"Orichalcum"},{"floor":8.0,"key":"CeramicFish"},{"floor":9.0,"key":"Replay:Bandana"},{"floor":13.0,"key":"Centennial Puzzle"},{"floor":21.0,"key":"Nilry\u0027s Codex"},{"floor":25,"key":"War Paint"},{"floor":26,"key":"Toy Ornithopter"}],"event_choices":[{"damage_healed":0.0,"max_hp_gain":0.0,"max_hp_loss":0.0,"gold_gain":0.0,"event_name":"Liars Game","player_choice":"Ignored","floor":10.0,"gold_loss":0.0,"damage_taken":0.0},{"damage_healed":0.0,"max_hp_gain":0.0,"max_hp_loss":0.0,"gold_gain":0.0,"cards_transformed":["Strike_B","Strike_B"],"event_name":"Drug Dealer","player_choice":"Became Test Subject","floor":20.0,"gold_loss":0.0,"damage_taken":0.0,"cards_obtained":["Leap","Leap"]},{"damage_healed":0.0,"max_hp_gain":0.0,"max_hp_loss":0.0,"gold_gain":0.0,"event_name":"Cursed Tome","player_choice":"Obtained Book","floor":21.0,"gold_loss":0.0,"damage_taken":21.0}],"is_beta":false,"boss_relics":[{"not_picked":["FrozenCore","Runic Pyramid"],"picked":"ChewingGum"}],"items_purged_floors":[14,19],"is_endless":false,"potions_floor_spawned":[1,5,11,13,16,24,25],"killed_by":"3 Cultists","ascension_level":20}}