{"host":"0tg1gncob7yth7j0","time":1608233006,"event":{"mods":["BaseMod","Best Route Mod","Block Reminder","Disable Question Mark Monsters","Gold Saver","Minty Spire (QoL Compilation)","SacredBarkPlus","StSLib","Transform Curses"],"gold_per_floor":[155,155,173,191,191,191,219,219,219,245,55,55,55,70,70,162,162,199,219,219,34,59,59],"floor_reached":22,"playtime":1147,"items_purged":[],"score":300,"play_id":"90bda93f-217c-4f02-979c-c0b6b7327eb2","local_time":"20201217142326","is_ascension_mode":true,"campfire_choices":[{"data":"Vigilance","floor":6,"key":"SMITH"},{"floor":8,"key":"REST"},{"floor":13,"key":"REST"},{"data":"Magnetism","floor":15,"key":"SMITH"}],"circlet_count":0,"master_deck":["AscendersBane","Strike_P","Strike_P","Strike_P","Strike_P","Defend_P","Defend_P+1","Defend_P","Defend_P+1","Eruption+1","Vigilance+1","ForeignInfluence","EmptyBody","Halt","Magnetism+1","Protect","EmptyFist","Wish","ClearTheMind","Establishment"],"relics":["PureWater","NeowsBlessing","TungstenRod","Prayer Wheel","Odd Mushroom","Sozu"],"acts_visited":["Exordium","TheCity"],"potions_floor_usage":[7,14,16],"damage_taken":[{"damage":0,"enemies":"Small Slimes","floor":1,"turns":1},{"damage":0,"enemies":"Jaw Worm","floor":3,"turns":1},{"damage":0,"enemies":"2 Louse","floor":4,"turns":2},{"damage":48,"enemies":"Lagavulin","floor":7,"turns":5},{"damage":0,"enemies":"The Mushroom Lair","floor":10,"turns":3},{"damage":0,"enemies":"Large Slime","floor":14,"turns":3},{"damage":29,"enemies":"Hexaghost","floor":16,"turns":12},{"damage":17,"enemies":"2 Thieves","floor":18,"turns":5},{"damage":38,"enemies":"Chosen","floor":19,"turns":9},{"damage":10,"enemies":"3 Cultists","floor":22,"turns":3}],"seed_played":"-4913007720949492862","potions_obtained":[{"floor":4,"key":"SkillPotion"},{"floor":10,"key":"DistilledChaos"},{"floor":14,"key":"Regen Potion"}],"is_trial":false,"path_per_floor":["M","?","M","M","?","R","E","R","T","?","$","?","R","M","R","B",null,"M","M","?","$","M"],"character_chosen":"WATCHER","items_purchased":["Magnetism","ClearTheMind","Establishment"],"campfire_rested":2,"item_purchase_floors":[11,21,21],"current_hp_per_floor":[65,65,65,65,51,51,3,24,24,24,24,24,45,45,45,31,62,45,7,7,7,0,0],"gold":59,"neow_bonus":"THREE_ENEMY_KILL","is_daily":false,"chose_seed":false,"campfire_upgraded":2,"win_rate":0.0,"timestamp":1608233006,"path_taken":["M","?","M","M","?","R","E","R","T","?","$","?","R","M","R","BOSS","M","M","?","$","M"],"items_purchased_type":["Card","Card","Card"],"build_version":"2020-12-13","purchased_purges":0,"victory":false,"max_hp_per_floor":[72,72,72,72,72,72,72,72,72,72,72,72,72,72,72,72,72,72,72,72,72,72,72],"card_choices":[{"not_picked":["ThirdEye","Evaluate"],"picked":"ForeignInfluence","floor":1},{"not_picked":["EmptyMind","SandsOfTime","Collect"],"picked":"SKIP","floor":3},{"not_picked":["Study","JustLucky","SandsOfTime"],"picked":"SKIP","floor":4},{"not_picked":["Pray","CrushJoints"],"picked":"EmptyBody","floor":7},{"not_picked":["Swivel","Protect"],"picked":"Halt","floor":10},{"not_picked":["Evaluate","WreathOfFlame"],"picked":"Protect","floor":14},{"not_picked":["Conclude","SandsOfTime"],"picked":"EmptyFist","floor":14},{"not_picked":["ConjureBlade","Devotion"],"picked":"Wish","floor":16},{"not_picked":["FlyingSleeves+1","PathToVictory","Evaluate+1"],"picked":"SKIP","floor":18},{"not_picked":["DeceiveReality","FlyingSleeves","ReachHeaven+1"],"picked":"SKIP","floor":18},{"not_picked":["Nirvana","FlurryOfBlows","CutThroughFate"],"picked":"SKIP","floor":19},{"not_picked":["Wireheading","FlyingSleeves","Vengeance"],"picked":"SKIP","floor":19}],"player_experience":3600784,"relics_obtained":[{"floor":7,"key":"TungstenRod"},{"floor":9,"key":"Prayer Wheel"},{"floor":10,"key":"Odd Mushroom"}],"event_choices":[{"damage_healed":0,"gold_gain":0,"player_choice":"Grow","damage_taken":0,"max_hp_gain":0,"max_hp_loss":0,"event_name":"Living Wall","floor":2,"gold_loss":0,"cards_upgraded":["Eruption"]},{"damage_healed":0,"gold_gain":0,"player_choice":"Entered Light","damage_taken":14,"max_hp_gain":0,"max_hp_loss":0,"event_name":"Shining Light","floor":5,"gold_loss":0,"cards_upgraded":["Defend_P","Defend_P"]},{"damage_healed":0,"gold_gain":0,"player_choice":"Fought Mushrooms","damage_taken":0,"max_hp_gain":0,"max_hp_loss":0,"event_name":"Mushrooms","floor":10,"gold_loss":0},{"damage_healed":0,"gold_gain":0,"player_choice":"Fled","damage_taken":0,"max_hp_gain":0,"max_hp_loss":0,"event_name":"Scrap Ooze","floor":12,"gold_loss":0},{"damage_healed":0,"gold_gain":0,"player_choice":"Ignored","damage_taken":0,"max_hp_gain":0,"max_hp_loss":0,"event_name":"Ghosts","floor":20,"gold_loss":0}],"is_beta":false,"boss_relics":[{"not_picked":["Black Star","Tiny House"],"picked":"Sozu"}],"items_purged_floors":[],"is_endless":false,"potions_floor_spawned":[4,10,14,19],"killed_by":"3 Cultists","ascension_level":13}}