{"host":"g1wmg2w41xhsnw8g","time":1608238759,"event":{"mods":["2.2 Compatiblity","Act Like it!","BaseMod","Better Altar","Better Match","Better Note","Better Sensory Stone","Better Skull","Better Third Choice","BetterRewards","Booster Modes","CapriCore","Colored Map","Colored Powertips","Curses Come First","Defuse TimeMaze Blight","Displayed Cursed Tome","Friendly Minions","GifTheSpireLib","Googly Eyes","Hubris","Infinite Spire","Jedi Mod","Magitek Elite","Minty Spire (QoL Compilation)","Red Circlet Mod","Relic Sorter","SCP261 Mod","Shop Mod","Spicy Shops","StSLib","The Hayseed","The Poker Player","The Sage","Transform Curses","????"],"gold_per_floor":[116,116,127,77,77,110,110,143,143,143,157,32,43,71,71,169,169,186,136,153,171,184,213,213,246,295,327,327,296,310,310,131,226,226,343,343,343,343,343,343,356,386,410,435,435,470,470,444,445,559,571,594,606,618,618],"floor_reached":54,"playtime":4458,"items_purged":["Decay"],"score":1149,"play_id":"bbec7b1b-214e-4ec9-8968-b4bd2a48ec96","local_time":"20201217155919","daily_mods":["Specialized","Heirloom","Elite Swarm"],"is_ascension_mode":true,"campfire_choices":[{"floor":7,"key":"REST"},{"data":"PokerPlayerMod:CardPrinter","floor":15,"key":"SMITH"},{"data":"PokerPlayerMod:CardPrinter+1","floor":24,"key":"SMITH"},{"data":"TheSimpletonMod:Fecundity","floor":40,"key":"SMITH"},{"data":"PokerPlayerMod:CardPrinter+2","floor":45,"key":"SMITH"}],"circlet_count":0,"master_deck":["TheSimpletonMod:Haymaker+1","TheSimpletonMod:ReapAndSow","PokerPlayerMod:CardPrinter+3","infinitespire:Collect+1","TheSimpletonMod:Thresh","TheSimpletonMod:Fecundity+1","TheSimpletonMod:Spinach","TheSimpletonMod:TakeHeart+1","TheSimpletonMod:CrackOfDawn","PokerPlayerMod:HiddenCard+1","TheSimpletonMod:Sunchoke","PokerPlayerMod:FillThePot","PokerPlayerMod:WildCard+1","TheSimpletonMod:RootDown+1","TheSimpletonMod:Rototilling","infinitespire:Gouge","TheSimpletonMod:Pruning","TheSimpletonMod:Fertilaser+1","infinitespire:TheBestDefense+1","Madness","Madness"],"relics":["TheSimpletonMod:SpudOfTheInnocent","hubris:Icosahedron","TheSimpletonMod:NightSoil","TheSimpletonMod:TheHarvester","jedi:maincommand","infinitespire:Lychee Nut","Blood Vial","Singing Bowl","Meat on the Bone","MerchantsRug","jedi:heavyjacket","Pandora\u0027s Box","MealTicket","Prayer Wheel","jedi:crownofsimplicity","Black Star","Membership Card","WristBlade","hubris:EmptyBottle","TheSimpletonMod:GourdCharm","hubris:MobiusCoin","Mummified Hand","Tiny Chest","hubris:64BitClover","Calipers","infinitespire:EmpoweringShard","TwistedFunnel","Gremlin Horn","Frozen Egg 2","MawBank","TheSimpletonMod:OnionBelt","jedi:maincommand"],"acts_visited":["Exordium","TheCity","TheBeyond","Exordium"],"potions_floor_usage":[8,18,23,27,35,48,48,50,50],"damage_taken":[{"damage":6,"enemies":"2 Louse","floor":1,"turns":3},{"damage":7,"enemies":"Jaw Worm","floor":3,"turns":5},{"damage":44,"enemies":"Lagavulin","floor":6,"turns":6},{"damage":32,"enemies":"Gremlin Nob","floor":8,"turns":5},{"damage":1,"enemies":"Cultist","floor":11,"turns":4},{"damage":11,"enemies":"Exordium Thugs","floor":13,"turns":4},{"damage":42,"enemies":"Lagavulin","floor":14,"turns":6},{"damage":2,"enemies":"Hexaghost","floor":16,"turns":8},{"damage":5,"enemies":"Shell Parasite","floor":18,"turns":3},{"damage":5,"enemies":"Chosen","floor":20,"turns":3},{"damage":13,"enemies":"3 Cultists","floor":21,"turns":3},{"damage":7,"enemies":"Snecko","floor":22,"turns":3},{"damage":35,"enemies":"Book of Stabbing","floor":23,"turns":5},{"damage":53,"enemies":"Gremlin Leader","floor":25,"turns":5},{"damage":6,"enemies":"Nightmare","floor":27,"turns":6},{"damage":0,"enemies":"Snake Plant","floor":29,"turns":3},{"damage":0,"enemies":"Chosen and Byrds","floor":30,"turns":4},{"damage":14,"enemies":"hubris:MusketHawk","floor":33,"turns":6},{"damage":0,"enemies":"Orb Walker","floor":35,"turns":3},{"damage":7,"enemies":"3 Shapes","floor":41,"turns":5},{"damage":0,"enemies":"Giant Head","floor":42,"turns":5},{"damage":0,"enemies":"Nightmare","floor":44,"turns":1},{"damage":23,"enemies":"Nemesis","floor":46,"turns":7},{"damage":10,"enemies":"hubris:GrandSnecko","floor":50,"turns":3},{"damage":0,"enemies":"Cultist","floor":52,"turns":3},{"damage":146,"enemies":"Small Slimes","floor":54,"turns":13}],"seed_played":"-4930278590145889694","potions_obtained":[{"floor":6,"key":"Explosive Potion"},{"floor":11,"key":"DuplicationPotion"},{"floor":16,"key":"SkillPotion"},{"floor":21,"key":"Weak Potion"},{"floor":22,"key":"jedi:wingpotion"},{"floor":25,"key":"Swift Potion"},{"floor":33,"key":"SkillPotion"},{"floor":41,"key":"DuplicationPotion"},{"floor":50,"key":"SCP261:AppleJuicePotion"}],"is_trial":true,"path_per_floor":["M","?","M","?","$","E","R","E","T","?","M","$","M","E","R","B",null,"M","?","M","M","M","E","R","E","T","NM","?","M","M","AVR","R","B",null,"M","?","AVR","?","?","R","M","E","T","NM","R","E","?","$","R","B",null,"M","AVR","M"],"character_chosen":"THE_SIMPLETON","items_purchased":["MerchantsRug","jedi:command_shop","sagemod:Wine","jedi:command_shop","jedi:command_rare","jedi:command_shop","jedi:command_uncommon","jedi:command_common","jedi:command_uncommon","jedi:StrikingPotion","SkillPotion","Energy Potion","jedi:command_common"],"campfire_rested":1,"item_purchase_floors":[12,32,48,48,48,48,48,48,48,48,48,48,49],"current_hp_per_floor":[52,38,41,41,41,9,25,5,5,5,30,30,33,15,15,37,62,59,59,63,59,63,40,40,23,23,43,43,59,74,74,74,75,84,86,86,86,90,90,90,87,96,96,98,98,77,64,107,107,131,133,137,137,0,0],"gold":618,"neow_bonus":"","is_daily":false,"chose_seed":false,"campfire_upgraded":4,"win_rate":0.0,"timestamp":1608238759,"path_taken":["M","?","M","?","?","E","R","E","T","?","?","?","M","E","R","BOSS","M","?","M","M","?","E","R","E","T","NM","?","?","M","AVR","R","BOSS","M","?","AVR","?","?","R","?","E","T","NM","R","E","?","?","R","BOSS","M","AVR","M"],"items_purchased_type":["Relic","Relic","Potion","Relic","Relic","Relic","Relic","Relic","Relic","Potion","Potion","Potion","Relic"],"build_version":"2020-12-13","purchased_purges":1,"victory":false,"max_hp_per_floor":[56,56,56,56,56,56,56,56,56,56,58,58,60,60,60,62,62,64,64,66,68,70,72,72,74,74,76,76,80,82,82,82,84,84,86,86,86,90,90,90,94,96,96,98,98,100,100,107,107,133,133,137,137,137,137],"card_choices":[{"not_picked":["PokerPlayerMod:Fold","TheSimpletonMod:Sunchoke"],"picked":"PokerPlayerMod:CardPrinter","floor":1},{"not_picked":["infinitespire:Starlight","infinitespire:Menacing"],"picked":"infinitespire:Collect","floor":2},{"not_picked":["PokerPlayerMod:Fold","TheSimpletonMod:PestManagement"],"picked":"TheSimpletonMod:Thresh","floor":3},{"not_picked":["PokerPlayerMod:RoyalStrike","TheSimpletonMod:DesperatePlunge"],"picked":"TheSimpletonMod:Fecundity","floor":6},{"not_picked":["PokerPlayerMod:WasteCollection","PokerPlayerMod:GamblerForm"],"picked":"TheSimpletonMod:Spinach","floor":8},{"not_picked":["PokerPlayerMod:Fold","TheSimpletonMod:DoubleBarrel","PokerPlayerMod:DiamondStrike"],"picked":"Singing Bowl","floor":11},{"not_picked":["TheSimpletonMod:ToughenUp","TheSimpletonMod:Ferment","TheSimpletonMod:CullingStrike"],"picked":"Singing Bowl","floor":13},{"not_picked":["TheSimpletonMod:FlashPasteurize","PokerPlayerMod:FakeSymbols"],"picked":"TheSimpletonMod:TakeHeart","floor":14},{"not_picked":["TheSimpletonMod:Barnstorm","TheSimpletonMod:CropDiversity","PokerPlayerMod:Duplicate"],"picked":"Singing Bowl","floor":16},{"not_picked":["PokerPlayerMod:ClubsClub+1","TheSimpletonMod:CullingStrike","TheSimpletonMod:Fertilaser"],"picked":"Singing Bowl","floor":18},{"not_picked":["TheSimpletonMod:OnionBloom","PokerPlayerMod:Configure","TheSimpletonMod:BumperCrop"],"picked":"Singing Bowl","floor":20},{"not_picked":["PokerPlayerMod:CardBurn","TheSimpletonMod:ToughenUp","PokerPlayerMod:DartThrow"],"picked":"Singing Bowl","floor":21},{"not_picked":["PokerPlayerMod:Fold","PokerPlayerMod:DamnStraight","TheSimpletonMod:RootDown"],"picked":"Singing Bowl","floor":22},{"not_picked":["PokerPlayerMod:RoyalStrike","TheSimpletonMod:ResistantStrain","TheSimpletonMod:BirdFeeder"],"picked":"Singing Bowl","floor":23},{"not_picked":["PokerPlayerMod:TheDieIsCast","PokerPlayerMod:ItsShowtime","TheSimpletonMod:ErosionControl"],"picked":"Singing Bowl","floor":25},{"not_picked":["infinitespire:Oblivion","infinitespire:Fortify"],"picked":"infinitespire:Gouge","floor":27},{"not_picked":["PokerPlayerMod:Promotion","PokerPlayerMod:ItsShowtime","PokerPlayerMod:RoyalStrike"],"picked":"Singing Bowl","floor":27},{"not_picked":["TheSimpletonMod:ToughenUp+1","TheSimpletonMod:Aerate","TheSimpletonMod:KeenEdge+1"],"picked":"Singing Bowl","floor":29},{"not_picked":["TheSimpletonMod:GoToMarket","TheSimpletonMod:OnionBloom","PokerPlayerMod:DamnStraight+1"],"picked":"Singing Bowl","floor":29},{"not_picked":["PokerPlayerMod:SecondChance","TheSimpletonMod:CloseScrape+1"],"picked":"TheSimpletonMod:Pruning","floor":30},{"not_picked":["TheSimpletonMod:SlashAndBurn","PokerPlayerMod:SpadeStrike+1","TheSimpletonMod:CloseScrape"],"picked":"Singing Bowl","floor":30},{"not_picked":["PokerPlayerMod:Promotion","TheSimpletonMod:ErosionControl","TheSimpletonMod:FlashPasteurize"],"picked":"Singing Bowl","floor":33},{"not_picked":["TheSimpletonMod:Thresh","PokerPlayerMod:DartThrow+1"],"picked":"TheSimpletonMod:Fertilaser+1","floor":35},{"not_picked":["TheSimpletonMod:DoubleBarrel+1","TheSimpletonMod:Ferment","PokerPlayerMod:Raise"],"picked":"Singing Bowl","floor":35},{"not_picked":["Impatience","jedi:LeechingStrike","Apotheosis"],"picked":"Singing Bowl","floor":38},{"not_picked":["Dramatic Entrance","Blind","Forethought"],"picked":"Singing Bowl","floor":38},{"not_picked":["PokerPlayerMod:CardBurn+1","TheSimpletonMod:CloseScrape","PokerPlayerMod:HiddenCard"],"picked":"Singing Bowl","floor":41},{"not_picked":["PokerPlayerMod:PoorCopy+1","TheSimpletonMod:CullingStrike","PokerPlayerMod:Fold+1"],"picked":"Singing Bowl","floor":41},{"not_picked":["TheSimpletonMod:CropDiversity","PokerPlayerMod:SecretDealer","PokerPlayerMod:Duplicate"],"picked":"Singing Bowl","floor":42},{"not_picked":["PokerPlayerMod:WasteCollection","PokerPlayerMod:RoyalStrike","PokerPlayerMod:ItsShowtime"],"picked":"Singing Bowl","floor":44},{"not_picked":["TheSimpletonMod:FlashPasteurize","PokerPlayerMod:FakeSymbols","TheSimpletonMod:BuzzBomb"],"picked":"Singing Bowl","floor":46},{"not_picked":["PokerPlayerMod:Duplicate","TheSimpletonMod:DoubleDigging","PokerPlayerMod:WildCard"],"picked":"Singing Bowl","floor":50},{"not_picked":["TheSimpletonMod:Swelter","PokerPlayerMod:Raise","PokerPlayerMod:JackOfSpades"],"picked":"Singing Bowl","floor":52},{"not_picked":["TheSimpletonMod:CloseScrape","TheSimpletonMod:PestManagement","PokerPlayerMod:DartThrow"],"picked":"Singing Bowl","floor":52}],"player_experience":1205904,"relics_obtained":[{"floor":6,"key":"jedi:command_common"},{"floor":8,"key":"jedi:command_uncommon"},{"floor":9,"key":"jedi:command_uncommon"},{"floor":14,"key":"jedi:command_uncommon"},{"floor":23,"key":"jedi:command_common"},{"floor":25,"key":"jedi:command_common"},{"floor":26,"key":"jedi:command_common"},{"floor":27,"key":"jedi:command_rare"},{"floor":42,"key":"jedi:command_uncommon"},{"floor":42,"key":"jedi:command_uncommon"},{"floor":43,"key":"jedi:command_common"},{"floor":44,"key":"jedi:command_common"},{"floor":44,"key":"jedi:command_rare"},{"floor":46,"key":"jedi:command_rare"},{"floor":46,"key":"jedi:command_uncommon"}],"event_choices":[{"cards_removed":["TheSimpletonMod:Defend_TheSimpleton"],"damage_healed":0,"gold_gain":0,"player_choice":"Card Removal","damage_taken":0,"max_hp_gain":0,"max_hp_loss":0,"event_name":"The Cleric","floor":4,"gold_loss":50},{"cards_removed":["PokerPlayerMod:CardPrinter"],"damage_healed":0,"gold_gain":0,"player_choice":"Give","damage_taken":0,"max_hp_gain":0,"max_hp_loss":0,"event_name":"betterNote:BetterNote","floor":10,"gold_loss":0,"cards_obtained":["None"]},{"damage_healed":0,"gold_gain":0,"player_choice":"Bet on Murderer","damage_taken":0,"max_hp_gain":0,"max_hp_loss":0,"event_name":"The Joust","floor":19,"gold_loss":50},{"damage_healed":0,"gold_gain":0,"player_choice":"Ignored","damage_taken":0,"max_hp_gain":0,"max_hp_loss":0,"event_name":"Tomb of Lord Red Mask","floor":36,"gold_loss":0},{"damage_healed":0,"gold_gain":3,"player_choice":"1","damage_taken":0,"max_hp_gain":0,"max_hp_loss":0,"event_name":"betterStone:BetterStone","floor":38,"gold_loss":0},{"damage_healed":0,"gold_gain":0,"player_choice":"Embrace Madness","damage_taken":13,"max_hp_gain":0,"max_hp_loss":0,"event_name":"Winding Halls","floor":47,"gold_loss":0,"cards_obtained":["Madness","Madness"]}],"is_beta":false,"boss_relics":[{"not_picked":["jedi:command_boss","jedi:command_boss"],"picked":"jedi:command_boss"},{"not_picked":["jedi:command_boss","jedi:command_boss"],"picked":"jedi:command_boss"},{"not_picked":["jedi:command_boss","jedi:command_boss"],"picked":"jedi:command_boss"}],"items_purged_floors":[48],"is_endless":true,"potions_floor_spawned":[6,11,16,21,22,25,33,41,50],"killed_by":"Small Slimes","ascension_level":1}}