{"host":"h8k9dndf1ns7wsjc","time":1608236213,"event":{"mods":["2.2 Compatiblity","AchievementEnabler","Act Like it!","BaseMod","Better Altar","Better Skull","Better Vampires","BetterRewards","Communication Mod","Hubris","Minty Spire (QoL Compilation)","Permanent Neow","Remove Card Discount Mod","Spicy Shops","StSLib"],"gold_per_floor":[119,132,144,157,65,65,98,108,131,165,9,9,25,25,25,123,123,141,141,195,195,205,205,205],"floor_reached":23,"playtime":1019,"items_purged":["Strike_R","Strike_R"],"score":291,"play_id":"5fba3be6-f90c-4319-ada3-98c1ae6e8a8d","local_time":"20201217211653","is_ascension_mode":true,"campfire_choices":[{"data":"Anger","floor":6,"key":"SMITH"},{"data":"Searing Blow","floor":15,"key":"SMITH"}],"circlet_count":0,"master_deck":["Defend_R","Defend_R","Defend_R","Defend_R","Bash+1","Pommel Strike","Immolate","Searing Blow+1","Anger+1","Evolve","Fire Breathing","Inflame","Demon Form","Clothesline+1","Dual Wield+1","Iron Wave+1","Shockwave","Wild Strike+1"],"relics":["Burning Blood","Darkstone Periapt","Nunchaku","hubris:Reverence","Astrolabe","Happy Flower","Nloth\u0027s Gift"],"acts_visited":["Exordium","TheCity"],"potions_floor_usage":[10,16,23],"damage_taken":[{"damage":1,"enemies":"Cultist","floor":1,"turns":3},{"damage":0,"enemies":"Small Slimes","floor":2,"turns":3},{"damage":9,"enemies":"Jaw Worm","floor":3,"turns":3},{"damage":4,"enemies":"Exordium Wildlife","floor":4,"turns":3},{"damage":10,"enemies":"3 Sentries","floor":7,"turns":4},{"damage":8,"enemies":"Blue Slaver","floor":8,"turns":2},{"damage":30,"enemies":"Lagavulin","floor":10,"turns":4},{"damage":5,"enemies":"Gremlin Gang","floor":13,"turns":3},{"damage":42,"enemies":"Hexaghost","floor":16,"turns":6},{"damage":16,"enemies":"Shell Parasite","floor":18,"turns":5},{"damage":13,"enemies":"3 Byrds","floor":22,"turns":4},{"damage":50,"enemies":"Slavers","floor":23,"turns":3}],"seed_played":"8168419828028737934","potions_obtained":[{"floor":3,"key":"PowerPotion"},{"floor":13,"key":"DuplicationPotion"},{"floor":18,"key":"AttackPotion"}],"is_trial":false,"path_per_floor":["M","M","M","M","$","R","E","M","T","E","$","?","M","$","R","B",null,"M","?","T","?","M","E"],"character_chosen":"IRONCLAD","items_purchased":["Anger","Fire Breathing","Tiny Chest"],"campfire_rested":0,"item_purchase_floors":[5,11,11],"current_hp_per_floor":[77,80,77,79,79,79,75,73,73,49,49,49,50,50,50,14,64,54,54,54,54,47,0,0],"gold":205,"neow_bonus":"UPGRADE_CARD","is_daily":false,"chose_seed":false,"campfire_upgraded":2,"win_rate":0.0,"timestamp":1608236213,"path_taken":["M","M","?","M","$","R","E","M","T","E","$","?","M","?","R","BOSS","M","?","?","?","?","E"],"items_purchased_type":["Card","Card","Relic"],"build_version":"2020-12-13","purchased_purges":2,"victory":false,"max_hp_per_floor":[80,80,80,80,80,80,80,80,80,80,80,80,80,80,80,80,80,80,80,80,80,80,80,80],"card_choices":[{"not_picked":["Thunderclap","hubris:CleavingFinish","Body Slam"],"picked":"SKIP","floor":1},{"not_picked":["Warcry","Sentinel"],"picked":"Pommel Strike","floor":2},{"not_picked":["Iron Wave","Flex"],"picked":"Immolate","floor":3},{"not_picked":["hubris:ReadiedAction","Perfected Strike"],"picked":"Searing Blow","floor":4},{"not_picked":["hubris:SharpeningStone","True Grit","Anger"],"picked":"SKIP","floor":7},{"not_picked":["Sword Boomerang","True Grit","Headbutt"],"picked":"SKIP","floor":8},{"not_picked":["Inflame","Twin Strike"],"picked":"Evolve","floor":10},{"not_picked":["hubris:ReadiedAction","Blood for Blood"],"picked":"Inflame","floor":13},{"not_picked":["Corruption","Offering"],"picked":"Demon Form","floor":16},{"not_picked":["Clothesline","Entrench"],"picked":"Shockwave","floor":18},{"not_picked":["Heavy Blade","Pummel"],"picked":"Wild Strike+1","floor":22}],"player_experience":421574,"relics_obtained":[{"floor":7,"key":"Darkstone Periapt"},{"floor":9,"key":"Nunchaku"},{"floor":10,"key":"hubris:Reverence"},{"floor":20,"key":"Happy Flower"}],"event_choices":[{"damage_healed":0,"gold_gain":0,"player_choice":"Ignored","damage_taken":0,"max_hp_gain":0,"max_hp_loss":0,"event_name":"WeMeetAgain","floor":12,"gold_loss":0},{"damage_healed":0,"gold_gain":0,"player_choice":"Ignored","damage_taken":0,"max_hp_gain":0,"max_hp_loss":0,"event_name":"Ghosts","floor":19,"gold_loss":0},{"damage_healed":0,"gold_gain":0,"player_choice":"Traded Relic","damage_taken":0,"relics_obtained":["Nloth\u0027s Gift"],"max_hp_gain":0,"max_hp_loss":0,"event_name":"N\u0027loth","floor":21,"relics_lost":["Tiny Chest"],"gold_loss":0}],"is_beta":false,"boss_relics":[{"not_picked":["hubris:TerracottaHorce","Runic Dome"],"picked":"Astrolabe"}],"items_purged_floors":[11,11],"is_endless":false,"potions_floor_spawned":[3,13,18],"killed_by":"Slavers","ascension_level":9}}