{"host":"kyy1kus4tsuq869y","time":1608212602,"event":{"mods":["BaseMod","Downfall","GifTheSpireLib","HololiveMod","Hubris","Jorbs\u0027s Wanderer Trilogy","Marisa£®ÏF”Í°°ƒß¿Ì…≥£©","Minty Spire (QoL Compilation)","Quick Restart","READ ME - Guardian Mod","READ ME - Snecko Mod","Reimu£®≤©¿ˆ¡È√Œ£©","Remilia£®¿Ÿ√◊¿Ú—«£©","Replay The Spire","StSLib","Td1madao Mod","The Administrix","The Animator","The Bug Knight","The Construct","The Cursed","The Hierophant","The Runesmith","The Senshi","The Servant 0.9.4","Youmu£®ªÍ∆«—˝√Œ£©"],"gold_per_floor":[119,394,412,412,20,54,54,69,92,105,61,96,169,185,185,185,185],"floor_reached":16,"playtime":920,"items_purged":["Regret"],"score":270,"play_id":"936ad2e3-6f29-4db8-b672-44451f6e2de9","local_time":"20201217214322","is_ascension_mode":true,"campfire_choices":[{"data":"Wild Strike","floor":7,"key":"SMITH"},{"data":"Reckless Charge","floor":15,"key":"SMITH"}],"circlet_count":0,"master_deck":["AscendersBane","Strike_R","Strike_R","Strike_R","Strike_R","Strike_R","Defend_R","Defend_R","Defend_R+1","Defend_R+1","Bash","Wild Strike+1","Combust+1","Combust+1","Replay:Undeath\u0027s Touch","Reckless Charge+1","Inflame+1","Metallicize+1","Demon Form+1"],"relics":["Burning Blood","NeowsBlessing","Smiling Mask","Frozen Egg 2","War Paint","Blood Vial","hubris:PeanutButter"],"acts_visited":["Exordium"],"potions_floor_usage":[],"damage_taken":[{"damage":0.0,"enemies":"Small Slimes","floor":1.0,"turns":1.0},{"damage":0.0,"enemies":"Cultist","floor":3.0,"turns":1.0},{"damage":0,"enemies":"Gremlin Nob","floor":6,"turns":1},{"damage":0,"enemies":"2 Louse","floor":8,"turns":2},{"damage":23,"enemies":"Exordium Wildlife","floor":10,"turns":4},{"damage":40,"enemies":"3 Sentries","floor":12,"turns":5},{"damage":6,"enemies":"Lots of Slimes","floor":14,"turns":3},{"damage":29,"enemies":"Slime Boss","floor":16,"turns":6}],"seed_played":"-6086855072539387016","potions_obtained":[{"floor":6,"key":"construct:ShiftPotion"}],"is_trial":false,"path_per_floor":["M","?","M","?","$","E","R","M","T","M","$","E","T","M","R","B"],"character_chosen":"IRONCLAD","items_purchased":["Frozen Egg 2","Combust+1","Inflame+1"],"campfire_rested":0,"item_purchase_floors":[5,5,11],"current_hp_per_floor":[74,74,75,57,57,63,63,69,69,52,52,18,18,20,20,0,0],"gold":185,"neow_bonus":"THREE_ENEMY_KILL","is_daily":false,"chose_seed":false,"campfire_upgraded":2,"win_rate":0.0,"timestamp":1608212602,"path_taken":["M","?","?","?","$","E","R","M","T","M","$","E","?","M","R","BOSS"],"items_purchased_type":["Relic","Card","Card"],"build_version":"2020-12-13","purchased_purges":1,"victory":false,"max_hp_per_floor":[75,75,75,75,75,75,75,75,75,75,75,75,75,75,75,75,75],"card_choices":[{"not_picked":["Headbutt","Pommel Strike"],"picked":"Wild Strike","floor":1.0},{"not_picked":["Havoc","Run Through","Warcry"],"picked":"SKIP","floor":3.0},{"not_picked":["Perfected Strike","Disarm"],"picked":"Combust+1","floor":6},{"not_picked":["Cleave","ReplayTheSpireMod:Strike From Hell"],"picked":"Replay:Undeath\u0027s Touch","floor":8},{"not_picked":["Warcry","Carnage"],"picked":"Reckless Charge","floor":10},{"not_picked":["Iron Wave","Perfected Strike"],"picked":"Metallicize+1","floor":12},{"not_picked":["Anger","Iron Wave"],"picked":"Demon Form+1","floor":14}],"player_experience":466679,"relics_obtained":[{"floor":6,"key":"War Paint"},{"floor":12,"key":"Blood Vial"},{"floor":13,"key":"hubris:PeanutButter"}],"event_choices":[{"damage_healed":0.0,"max_hp_gain":0.0,"max_hp_loss":0.0,"gold_gain":275.0,"event_name":"Golden Shrine","player_choice":"Desecrate","floor":2.0,"gold_loss":0.0,"damage_taken":0.0,"cards_obtained":["Regret"]},{"damage_healed":0.0,"max_hp_gain":0.0,"max_hp_loss":0.0,"gold_gain":0.0,"event_name":"Scrap Ooze","player_choice":"Success","floor":4.0,"gold_loss":0.0,"damage_taken":18.0,"relics_obtained":["Smiling Mask"]}],"is_beta":false,"boss_relics":[],"items_purged_floors":[5],"is_endless":false,"potions_floor_spawned":[6],"killed_by":"Slime Boss","ascension_level":20}}