{"host":"27wa8ufp4ryspt1p","time":1608176071,"event":{"mods":["2.2 Compatiblity","Abigail Mod","Act Like it!","Aspiration","BaseMod","Better Altar","Better Note","Better Skull","Better Third Choice","Colored Map","Conspire","Downfall","Elementarium","Energized Spire","Friendly Minions","Gensokyo","GifTheSpireLib","Gold Saver","Halation","Hallownest","HololiveMod","Hubris","Humility","Infinite Spire","Keyboard Shortcuts","Menagerie","Mimic Mod","Minty Spire (QoL Compilation)","Pale of the Ancients","Quarter Circle Forward PUNCH!","Reimu??????","Relic Sorter","Relic Stats","Replay The Spire","Reworked Bosses","Shop Mod","Spicy Shops","Spikes Relics","StSLib","Stuff the Spire","SuperFastMode","The Cursed","The Exalted","The Factory","The Judge","The Necromancer","Trackpad","Waifu the Spire","Wandering Minibosses","[IsaacMod]????","??????REMEMod","????"],"gold_per_floor":[2123,704,704,719,738,768,768,796,828,861,537,493,493,520,520,603,603,613,613,488,588,588,607,607,636,670,670,684,723,534,565,565,641,641,653,669,669,609,638,638,670,682,727,750,3284,3284,3615,3526,3266,3265,3252,3203,3216,3216,8356,8356,8271,8271,8287,8287,8087],"floor_reached":62,"playtime":2042,"items_purged":["Hololive_Strike","Hololive_Trident+1","StuffTheSpire:CuriosityCurse","Pain","Hololive_Defend"],"score":4040,"play_id":"bc04e951-c890-4bd1-8804-6163ea50029f","local_time":"20201216213431","daily_mods":["Colorless Cards","Heirloom","Elite Swarm","Lethality"],"is_ascension_mode":true,"campfire_choices":[{"floor":7,"key":"RECALL"},{"data":"Apotheosis","floor":15,"key":"SMITH"},{"data":"infinitespire:UltimateForm","floor":27,"key":"SMITH"},{"data":"Hololive_DurableLive","floor":32,"key":"SMITH"},{"data":"DoctorFetus","floor":40,"key":"SMITH"},{"data":"StuffTheSpire:Ambrosia","floor":46,"key":"SMITH"},{"data":"StuffTheSpire:Ambrosia","floor":46,"key":"SMITH"},{"data":"StuffTheSpire:CelestialWarden","floor":49,"key":"SMITH"},{"data":"StuffTheSpire:CelestialWarden","floor":56,"key":"SMITH"},{"data":"Hololive_DurableLive","floor":56,"key":"SMITH"},{"data":"StuffTheSpire:CelestialWarden","floor":58,"key":"SMITH"},{"data":"StuffTheSpire:CelestialWarden","floor":58,"key":"SMITH"}],"circlet_count":0,"master_deck":["AscendersBane","Hololive_Defend+1","Hololive_CallKiryuuCoco+1","Hololive_CallShirakamiFubuki","Hololive_CallNatsuiroMatsuri","Hololive_CallSpadeEcho+1","DoctorFetus+1","TheCursedMod:OutForBlood+1","StuffTheSpire:Innocence","Sadistic Nature+1","Hololive_CallHoshimachiSuisei","expansioncontent:DashGenerateEvil+1","hubris:DuctTapeCard","Apotheosis+1","Hololive_Rebound+1","Hololive_Thief","Hololive_CallUsadaPekora+1","Hololive_HuntDinosaur+1","Poisoned Strike+1","Hololive_CallRosalyn+1","StuffTheSpire:Harmony+1","StuffTheSpire:Vigor+1","Hololive_CallSakuraMiko","Replay:SS_forest_6+1","Specialist+1","infinitespire:UltimateForm+1","Hololive_CallInugamiKorone","expansioncontent:DefensiveMode","Hololive_Thief+1","Hololive_CallDoris+1","Hololive_DurableLive+1","Hololive_AWSL","Hololive_CallHoshimachiSuisei+1","Hololive_RevenueBasedLive+1","Hololive_AWSL","EpicFetus","Hololive_FlyingPonyTail+1","Hololive_CallShiroganeNoel","Hololive_CallHimemoriLuna+1","expansioncontent:QuickStudy","StuffTheSpire:Ambrosia+1","ReplayTheSpireMod:IOU","StuffTheSpire:Harmony+1","StuffTheSpire:Ambrosia+1","StuffTheSpire:BrainWave","ReplayTheSpireMod:IOU","StuffTheSpire:CelestialWarden+1","StuffTheSpire:Innocence+1","ReplayTheSpireMod:IOU","StuffTheSpire:Rapture","StuffTheSpire:Vigor+1","ReplayTheSpireMod:IOU","StuffTheSpire:Perfection","ReplayTheSpireMod:IOU","StuffTheSpire:CelestialWarden+1","Hololive_RevenueBasedLive+1","Hololive_CallNekomataOkayu+1","Hololive_DurableLive+1","REME_PuzzleBox","Madness+1","expansioncontent:Chronoboost+1","StuffTheSpire:Brawn+1","ReplayTheSpireMod:IOU","StuffTheSpire:BrainWave","StuffTheSpire:Rapture+1","ReplayTheSpireMod:IOU","StuffTheSpire:Vigor","ReplayTheSpireMod:IOU","StuffTheSpire:Rapture+1","ReplayTheSpireMod:IOU","StuffTheSpire:Rapture","ReplayTheSpireMod:IOU","StuffTheSpire:Brawn+1","ReplayTheSpireMod:IOU","StuffTheSpire:CelestialWarden+1","ReplayTheSpireMod:IOU","StuffTheSpire:Rapture+1","ReplayTheSpireMod:IOU","StuffTheSpire:Perfection","ReplayTheSpireMod:IOU","StuffTheSpire:BrainWave","ReplayTheSpireMod:IOU","StuffTheSpire:Rapture","ReplayTheSpireMod:IOU","StuffTheSpire:CelestialWarden+1","ReplayTheSpireMod:IOU","StuffTheSpire:Vigor","ReplayTheSpireMod:IOU","StuffTheSpire:BrainWave","ReplayTheSpireMod:IOU","StuffTheSpire:Harmony","StuffTheSpire:Perfection","Hololive_CallNakiriAyame+1","Hololive_Yoholoon","REME_Flogging","REME_AllRoundStrike+1","REME_AllRoundStrike+1","StuffTheSpire:Brawn+1","StuffTheSpire:Rapture","StuffTheSpire:Vigor","StuffTheSpire:Ambrosia","StuffTheSpire:Ambrosia","StuffTheSpire:Perfection","StuffTheSpire:Brawn","StuffTheSpire:BrainWave","StuffTheSpire:BrainWave","StuffTheSpire:Rapture","StuffTheSpire:Perfection","StuffTheSpire:Ambrosia","StuffTheSpire:Brawn","StuffTheSpire:Rapture","StuffTheSpire:BrainWave","StuffTheSpire:Vigor+1","StuffTheSpire:Harmony","StuffTheSpire:Perfection","StuffTheSpire:Innocence","StuffTheSpire:Rapture","StuffTheSpire:Harmony","StuffTheSpire:BrainWave"],"relics":["Hololive_TheStar","paleoftheancients:SoulOfTheHexaghost","Replay:Wax Seal","HushsDoor","REME_ComplimentaryCards","Incense Burner","MoneyPower","StuffTheSpire:Saxophone","halation:IllGainedPizza","Replay:Accelerometer","StuffTheSpire:Rhapsscallions","qcfpunch:Not_Strongest_Fighting_Style_Guidebook","MerchantsRug","ReplayFunnel","hubris:DuctTape","Garlic","aspiration:DSix","halation:PromiseList","halation:TwoAmDonut","energizedSpire:NeverEndingSparkler","Bromod:ArcaneNullifier","hubris:EmptyBottle","wanderingMiniBosses:CarrionFlame","Gremlin Horn","StuffTheSpire:HeavyRock","SteamSale","halation:LettersToHer","Elementarium:ElementariumTrophy","REME_DemonsWealth","energizedSpire:OgreHead","D4","qcfpunch:Lotus_Statue","Bottled Tornado","halation:PenCase","Bag of Preparation","trackpad:BiPhaseBiplane","Oddly Smooth Stone","paleoftheancients:Timepiece","paleoftheancients:KeyRelic","Bronze Scales","hubris:Towel","Membership Card","halation:Jellyphish","REME_LimitBreaker","trackpad:SneckoScepter","SpikesRelics:ToyHorsey","Boot","Pen Nib","Art of War","Sling","aspiration:VileToxins","StuffTheSpire:Mouthbags"],"acts_visited":["Hallownest:Greenpath","Elementarium:Elementarium","Hallownest:KingdomsEdge","paleoftheancients:PaleOfTheAncients"],"potions_floor_usage":[16,28,35,52,53,61,61],"damage_taken":[{"damage":0,"enemies":"Hallownest:2_Baldur","floor":4,"turns":1},{"damage":0,"enemies":"Hallownest:2_Tiktiks_and_1_Crawlid","floor":5,"turns":1},{"damage":0,"enemies":"Hallownest:eliteCrystalGuardian","floor":6,"turns":1},{"damage":0,"enemies":"Hallownest:eliteMossKnight","floor":8,"turns":2},{"damage":0,"enemies":"Hallownest:2_MossCreeps","floor":9,"turns":3},{"damage":0,"enemies":"Hallownest:eliteVengeflyKing","floor":10,"turns":2},{"damage":0,"enemies":"Hallownest:eliteCrystalGuardian","floor":14,"turns":2},{"damage":0,"enemies":"Hallownest:BossHornet","floor":16,"turns":3},{"damage":0,"enemies":"Elementarium:2_ELEMENTALS","floor":18,"turns":1},{"damage":0,"enemies":"Elementarium:Cyclone","floor":23,"turns":1},{"damage":0,"enemies":"Elementarium:Hydrostalker","floor":25,"turns":3},{"damage":5,"enemies":"Elementarium:3_ELEMENTALS","floor":26,"turns":3},{"damage":0,"enemies":"Elementarium:3_ELEMENTALS","floor":28,"turns":1},{"damage":0,"enemies":"Elementarium:FIRE_NOBILITY","floor":29,"turns":2},{"damage":4,"enemies":"Elementarium:WarGolem","floor":31,"turns":2},{"damage":1,"enemies":"Elementarium:GoldenDragon","floor":33,"turns":3},{"damage":0,"enemies":"Hallownest:2_Littles","floor":35,"turns":2},{"damage":0,"enemies":"Hallownest:Shield_Heavy","floor":36,"turns":1},{"damage":0,"enemies":"Hallownest:Xero_Hu_Marmu","floor":39,"turns":2},{"damage":0,"enemies":"Hallownest:StalkingDevout","floor":41,"turns":1},{"damage":0,"enemies":"Hallownest:2_Soldiers_and_1_Guardian","floor":42,"turns":1},{"damage":0,"enemies":"Hallownest:2_Wing_and_1_Kings","floor":43,"turns":4},{"damage":0,"enemies":"Hallownest:2_Wing_and_1_Kings","floor":44,"turns":2},{"damage":0,"enemies":"Hallownest:eliteHiveKnight","floor":47,"turns":2},{"damage":0,"enemies":"Hallownest:2_Great","floor":48,"turns":1},{"damage":0,"enemies":"Hallownest:BossGreyPrinceZote","floor":50,"turns":2},{"damage":0,"enemies":"Hallownest:BossHollowKnight","floor":51,"turns":2},{"damage":0,"enemies":"Hallownest:BossHollowKnight","floor":52,"turns":3},{"damage":0,"enemies":"Hallownest:BossHollowKnight","floor":53,"turns":2},{"damage":0,"enemies":"Hallownest:BossHollowKnight","floor":57,"turns":1},{"damage":0,"enemies":"paleoftheancients:N","floor":61,"turns":2}],"seed_played":"3658960393801156491","potions_obtained":[{"floor":5,"key":"Swift Potion"},{"floor":10,"key":"Fire Potion"},{"floor":14,"key":"infinitespire:BlackPotion"},{"floor":25,"key":"infinitespire:BlackPotion"},{"floor":33,"key":"Fire Potion"},{"floor":35,"key":"Energy Potion"},{"floor":36,"key":"GrandPatriotsElixir:ReiMu"},{"floor":47,"key":"EssenceOfSteel"},{"floor":50,"key":"Reflective Coating"},{"floor":51,"key":"Elixir"},{"floor":52,"key":"Strength Potion"}],"is_trial":true,"path_per_floor":["?","$","?","M","M","E","R","E","MIM","E","R","$","?","E","R","B",null,"M","?","$","?","?","M","AVR","M","MIM","R","M","E","R","E","R","B",null,"M","M","AVR","?","M","R","E","M","MIM","M","$","R","E","M","R","B","B","M","M","?","$","R","M","R","$","?","B",null],"character_chosen":"Hololive_HololiveCharacter","items_purchased":["StuffTheSpire:Saxophone","halation:IllGainedPizza","Replay:Accelerometer","Sadistic Nature","Hololive_CallDoris","StuffTheSpire:Rhapsscallions","qcfpunch:Not_Strongest_Fighting_Style_Guidebook","MerchantsRug","halation:PromiseList","Hololive_CallUsadaPekora+1","BlessingOfTheForge","Hololive_HuntDinosaur+1","Hololive_CallSakuraMiko","Fire Potion","SteamSale","Hololive_CallDoris","Bottled Tornado","Hololive_CallHimemoriLuna","conspire:GiftBox","halation:PenCase","Hololive_RevenueBasedLive+1","Bag of Preparation","trackpad:BiPhaseBiplane","Oddly Smooth Stone","Hololive_CallNekomataOkayu","Membership Card","halation:Jellyphish","REME_LimitBreaker","trackpad:SneckoScepter","SpikesRelics:ToyHorsey","Boot","AttackPotion","SneckoOil","GamblersBrew","SteroidPotion","Hololive_CallNakiriAyame+1","Hololive_Yoholoon","REME_Flogging","Pen Nib","Art of War","Sling","aspiration:VileToxins","StuffTheSpire:Mouthbags","PowerPotion","PowerPotion","Milkshake"],"campfire_rested":0,"item_purchase_floors":[2,2,2,2,2,2,2,2,11,11,11,12,20,20,30,30,45,45,45,45,45,49,49,49,49,55,55,55,55,55,55,55,55,55,55,59,59,59,59,59,59,59,59,59,59,59],"current_hp_per_floor":[27,30,30,30,30,30,30,30,30,30,30,30,30,30,30,30,32,32,32,32,32,29,29,29,33,28,28,28,29,29,29,29,31,33,34,35,35,42,43,43,45,47,49,51,51,51,57,63,63,69,75,81,87,87,87,87,93,93,93,93,102],"gold":8087,"neow_bonus":"","is_daily":false,"chose_seed":false,"campfire_upgraded":11,"win_rate":0.0,"timestamp":1608176071,"path_taken":["?","?","?","?","M","E","R","E","MIM","E","R","$","?","E","R","BOSS","M","?","$","?","?","?","AVR","M","MIM","R","M","E","R","E","R","BOSS","M","M","AVR","?","M","R","E","M","MIM","?","$","R","E","M","R","BOSS","BOSS","M","M","?","$","R","M","R","$","?","BOSS"],"items_purchased_type":["Relic","Relic","Relic","Card","Card","Relic","Relic","Relic","Relic","Card","Potion","Card","Card","Potion","Relic","Card","Relic","Card","Relic","Relic","Card","Relic","Relic","Relic","Card","Relic","Relic","Relic","Relic","Relic","Relic","Potion","Potion","Potion","Potion","Card","Card","Card","Relic","Relic","Relic","Relic","Relic","Potion","Potion","Potion"],"build_version":"2020-12-13","purchased_purges":5,"victory":true,"max_hp_per_floor":[30,33,33,33,33,33,33,33,33,33,33,33,33,33,33,33,33,33,33,33,33,33,33,33,33,33,33,33,33,33,33,33,33,33,34,35,35,42,43,43,45,47,49,51,51,51,57,63,63,69,75,81,87,87,87,87,93,93,93,93,102],"relic_stats":{"Gremlin Horn":[15,15],"counters":[31,59],"Bronze Scales":[3],"Pen Nib":[1],"Bag of Preparation":[19],"Art of War":[0],"Boot":[0],"obtain_stats":[{"Replay:Accelerometer":2,"Bromod:ArcaneNullifier":19,"Gremlin Horn":26,"StuffTheSpire:Rhapsscallions":2,"Bottled Tornado":45,"Boot":55,"Sling":59,"Old Coin":47,"trackpad:SneckoScepter":55,"SpikesRelics:ToyHorsey":55,"qcfpunch:Lotus_Statue":43,"halation:PromiseList":11,"Replay:Wax Seal":37,"aspiration:DSix":10,"trackpad:BiPhaseBiplane":49,"KeepersGift":0,"MerchantsRug":2,"paleoftheancients:KeyRelic":51,"hubris:DuctTape":6,"Oddly Smooth Stone":49,"Pen Nib":59,"MoneyPower":0,"energizedSpire:OgreHead":37,"REME_LimitBreaker":55,"SteamSale":30,"paleoftheancients:Timepiece":51,"conspire:GiftBox":45,"Elementarium:ElementariumTrophy":33,"energizedSpire:NeverEndingSparkler":17,"Bronze Scales":51,"halation:Jellyphish":55,"Hololive_TheStar":0,"halation:PenCase":45,"HushsDoor":0,"halation:Risk":57,"ReplayFunnel":3,"qcfpunch:Not_Strongest_Fighting_Style_Guidebook":2,"Incense Burner":0,"Bag of Preparation":49,"hubris:EmptyBottle":24,"REME_DemonsWealth":34,"StuffTheSpire:HeavyRock":29,"halation:LettersToHer":31,"hubris:GlazedTorus":61,"aspiration:VileToxins":59,"paleoftheancients:SoulOfTheHexaghost":57,"StuffTheSpire:Saxophone":2,"halation:IllGainedPizza":2,"hubris:Towel":54,"D4":41,"wanderingMiniBosses:CarrionFlame":25,"StuffTheSpire:Mouthbags":59,"Garlic":8,"Art of War":59,"halation:TwoAmDonut":14,"Membership Card":55,"REME_ComplimentaryCards":0},{"Replay:Accelerometer":0,"Bromod:ArcaneNullifier":9,"Gremlin Horn":12,"StuffTheSpire:Rhapsscallions":0,"Bottled Tornado":23,"Boot":29,"Sling":30,"Old Coin":24,"trackpad:SneckoScepter":29,"SpikesRelics:ToyHorsey":29,"qcfpunch:Lotus_Statue":22,"halation:PromiseList":6,"Replay:Wax Seal":18,"aspiration:DSix":6,"trackpad:BiPhaseBiplane":25,"KeepersGift":0,"MerchantsRug":0,"paleoftheancients:KeyRelic":27,"hubris:DuctTape":3,"Oddly Smooth Stone":25,"Pen Nib":30,"MoneyPower":0,"energizedSpire:OgreHead":18,"REME_LimitBreaker":29,"SteamSale":14,"paleoftheancients:Timepiece":27,"conspire:GiftBox":23,"Elementarium:ElementariumTrophy":16,"energizedSpire:NeverEndingSparkler":8,"Bronze Scales":27,"halation:Jellyphish":29,"Hololive_TheStar":0,"halation:PenCase":23,"HushsDoor":0,"halation:Risk":29,"ReplayFunnel":0,"qcfpunch:Not_Strongest_Fighting_Style_Guidebook":0,"Incense Burner":0,"Bag of Preparation":25,"hubris:EmptyBottle":10,"REME_DemonsWealth":16,"StuffTheSpire:HeavyRock":14,"halation:LettersToHer":15,"hubris:GlazedTorus":30,"aspiration:VileToxins":30,"paleoftheancients:SoulOfTheHexaghost":30,"StuffTheSpire:Saxophone":0,"halation:IllGainedPizza":0,"hubris:Towel":29,"D4":20,"wanderingMiniBosses:CarrionFlame":11,"StuffTheSpire:Mouthbags":30,"Garlic":4,"Art of War":30,"halation:TwoAmDonut":7,"Membership Card":29,"REME_ComplimentaryCards":0},{"Replay:Accelerometer":0,"Bromod:ArcaneNullifier":16,"Gremlin Horn":23,"StuffTheSpire:Rhapsscallions":0,"Bottled Tornado":44,"Boot":56,"Sling":57,"Old Coin":46,"trackpad:SneckoScepter":56,"SpikesRelics:ToyHorsey":56,"qcfpunch:Lotus_Statue":42,"halation:PromiseList":10,"Replay:Wax Seal":34,"aspiration:DSix":10,"trackpad:BiPhaseBiplane":47,"KeepersGift":0,"MerchantsRug":0,"paleoftheancients:KeyRelic":51,"hubris:DuctTape":3,"Oddly Smooth Stone":47,"Pen Nib":57,"MoneyPower":0,"energizedSpire:OgreHead":34,"REME_LimitBreaker":56,"SteamSale":26,"paleoftheancients:Timepiece":51,"conspire:GiftBox":44,"Elementarium:ElementariumTrophy":31,"energizedSpire:NeverEndingSparkler":15,"Bronze Scales":51,"halation:Jellyphish":56,"Hololive_TheStar":0,"halation:PenCase":44,"HushsDoor":0,"halation:Risk":56,"ReplayFunnel":0,"qcfpunch:Not_Strongest_Fighting_Style_Guidebook":0,"Incense Burner":0,"Bag of Preparation":47,"hubris:EmptyBottle":17,"REME_DemonsWealth":31,"StuffTheSpire:HeavyRock":26,"halation:LettersToHer":28,"hubris:GlazedTorus":57,"aspiration:VileToxins":57,"paleoftheancients:SoulOfTheHexaghost":57,"StuffTheSpire:Saxophone":0,"halation:IllGainedPizza":0,"hubris:Towel":56,"D4":37,"wanderingMiniBosses:CarrionFlame":20,"StuffTheSpire:Mouthbags":57,"Garlic":5,"Art of War":57,"halation:TwoAmDonut":12,"Membership Card":56,"REME_ComplimentaryCards":0}]},"card_choices":[{"not_picked":[],"picked":"DoctorFetus","floor":0},{"not_picked":["expansioncontent:AwakenDeath","Hololive_LuckPotion","Hololive_Rebound"],"picked":"Hololive_CallHoshimachiSuisei","floor":4},{"not_picked":["Hololive_CocoNews","Hololive_FlyingPonyTail","Replay:SS_hec_1"],"picked":"expansioncontent:DashGenerateEvil","floor":5},{"not_picked":["Thinking Ahead","The Bomb","Poisoned Strike"],"picked":"Apotheosis","floor":6},{"not_picked":["Hololive_FlareMind","expansioncontent:Corrupt","ReplayTheSpireMod:Necrogeddon","Hololive_HighAtkLowDef"],"picked":"SKIP","floor":8},{"not_picked":["Replay:Sssssssssstrike","Hololive_Drill","Degenerate"],"picked":"Hololive_Rebound","floor":9},{"not_picked":["REME_BattleFury","StuffTheSpire:Recharge","Magnetism"],"picked":"Hololive_Thief","floor":10},{"not_picked":["Apotheosis","Magnetism","Metamorphosis"],"picked":"Poisoned Strike","floor":14},{"not_picked":["Forethought","Hololive_CallShiranuiFlare","Degenerate"],"picked":"Hololive_CallRosalyn","floor":18},{"not_picked":["Hololive_StrengthChampion","expansioncontent:CaCaw","Hololive_Rebound"],"picked":"Replay:SS_forest_6","floor":21},{"not_picked":["Hololive_Rebound+1","Mind Blast","Hololive_LuckPotion"],"picked":"Specialist+1","floor":23},{"not_picked":["Purity","Hololive_Breathe","Hololive_CocoNews"],"picked":"Hololive_CallInugamiKorone","floor":25},{"not_picked":["Hololive_HuntDinosaur","Hololive_Sequa","Hololive_Trident"],"picked":"expansioncontent:DefensiveMode","floor":28},{"not_picked":["Hololive_DiamondStrike","Hololive_FlareMind","Feint"],"picked":"Hololive_Thief","floor":29},{"not_picked":["Feint","REME_ProfessionalPlagiarism","DoctorFetus"],"picked":"Hololive_DurableLive","floor":31},{"not_picked":["REME_PuzzleBox","Secret Technique","Hololive_OpenUp"],"picked":"Hololive_AWSL","floor":33},{"not_picked":["expansioncontent:DarkVoid+1","Hololive_FlyingPonyTail","Hololive_OvertimeWork+1","Hallucinations"],"picked":"Hololive_CallHoshimachiSuisei","floor":35},{"not_picked":["expansioncontent:DonusPower","Dark Shackles+1","Hololive_Drill","Notoriety"],"picked":"Hololive_RevenueBasedLive+1","floor":36},{"not_picked":["Hololive_LuckPotion","expansioncontent:GoopSpray","Hololive_Sequa","Menagerie:BloodySpellbook"],"picked":"Hololive_AWSL","floor":39},{"not_picked":["REME_ProfessionalPlagiarism","ReplayTheSpireMod:Brewmster","Sadistic Nature","hubris:Compulsion"],"picked":"EpicFetus","floor":41},{"not_picked":["Hololive_CocoNews","hubris:Insight","Hololive_Psychosis","Hololive_LuckPotion","Pain"],"picked":"SKIP","floor":42},{"not_picked":["Hololive_RevenueBasedLive","Hololive_OvertimeWork","Hololive_HuntDinosaur+1","ReplayTheSpireMod:Splinters"],"picked":"Hololive_FlyingPonyTail","floor":43},{"not_picked":["Hololive_Trident+1","Hololive_Rebound","Replay:Sssssssssstrike+1","TheCursedMod:Dregs"],"picked":"Hololive_CallShiroganeNoel","floor":44},{"not_picked":["Hololive_ScarfAndHalo","expansioncontent:Corrupt"],"picked":"expansioncontent:QuickStudy","floor":45},{"not_picked":["Secret Technique","Hololive_Recruit","Chrysalis","Hololive_DiamondStrike","Gensokyo:AllTheWorldsEvil"],"picked":"SKIP","floor":47},{"not_picked":["Hololive_Rebound","Hololive_Breathe+1","Hololive_RevenueBasedLive","Hololive_Drill+1","WordoMod:Infected"],"picked":"SKIP","floor":48},{"not_picked":["Hololive_Rebound","Hololive_Breathe+1","Hololive_RevenueBasedLive","Hololive_Drill+1","WordoMod:Infected"],"picked":"SKIP","floor":48},{"not_picked":["Poisoned Strike","Hololive_Thief","Hololive_MaximGun","Intolerance"],"picked":"Hololive_DurableLive","floor":50},{"not_picked":["ReplayTheSpireMod:Necrogeddon","expansioncontent:Corrupt","Magnetism","Amnesia"],"picked":"REME_PuzzleBox","floor":51},{"not_picked":["Hololive_CocoNews","Hololive_Drill","Hololive_RevenueBasedLive+1","WordoMod:Accursed"],"picked":"Madness+1","floor":52},{"not_picked":["Hololive_Trident+1","Hololive_Rebound","Hololive_CallOkamiMio","Hatred"],"picked":"expansioncontent:Chronoboost+1","floor":53},{"not_picked":["Hololive_CallArtia","Finesse+1","Hololive_OvertimeWork","Hololive_Breathe","ReplayTheSpireMod:Splinters"],"picked":"SKIP","floor":57}],"player_experience":3914926,"relics_obtained":[{"floor":6,"key":"hubris:DuctTape"},{"floor":8,"key":"Garlic"},{"floor":10,"key":"aspiration:DSix"},{"floor":14,"key":"halation:TwoAmDonut"},{"floor":25,"key":"wanderingMiniBosses:CarrionFlame"},{"floor":26,"key":"Gremlin Horn"},{"floor":29,"key":"StuffTheSpire:HeavyRock"},{"floor":31,"key":"halation:LettersToHer"},{"floor":41,"key":"D4"},{"floor":43,"key":"qcfpunch:Lotus_Statue"},{"floor":43,"key":"halation:LettersToHer"},{"floor":47,"key":"Old Coin"},{"floor":57,"key":"paleoftheancients:SoulOfTheHexaghost"}],"event_choices":[{"damage_healed":0,"gold_gain":0,"player_choice":"Open","damage_taken":0,"relics_obtained":["Bromod:ArcaneNullifier"],"max_hp_gain":0,"max_hp_loss":0,"event_name":"Elementarium:TarCoveredCasket","floor":19,"gold_loss":0,"cards_obtained":["Elementarium:StickyTar","Elementarium:StickyTar"]},{"damage_healed":0,"gold_gain":0,"player_choice":"Poke through","damage_taken":3,"max_hp_gain":0,"max_hp_loss":0,"event_name":"Elementarium:GreatTreasure","floor":22,"gold_loss":0}],"is_beta":false,"boss_relics":[{"not_picked":["Runic Pyramid","Astrolabe"],"picked":"energizedSpire:NeverEndingSparkler"},{"not_picked":[]},{"not_picked":["hubris:Stopwatch","Philosopher\u0027s Stone"],"picked":"REME_DemonsWealth"},{"not_picked":[]}],"items_purged_floors":[2,11,24,55,59],"is_endless":false,"potions_floor_spawned":[5,10,14,25,33,35,36,42,47,50,51,52,53],"ascension_level":20}}