{"host":"szp1d6dso4pv7ddl","time":1608170103,"event":{"mods":["AchievementEnabler","Alarm Clock","BaseMod","Bestiary","Block Reminder","Colored Map","Colored Powertips","Curses Come First","Displayed Cursed Tome","Highlight Path","Minty Spire (QoL Compilation)","Permanent Neow","Quick Restart","Relic Stats","StSLib"],"gold_per_floor":[112,37,37,48,48,48,66,79,79,110,120,20,20,43,43,43,43],"floor_reached":16,"playtime":485,"items_purged":["Defend_R","Defend_R"],"score":158,"play_id":"d5b2bbb9-20ff-4b95-a7ef-1b3d5b0a3121","local_time":"20201216175503","is_ascension_mode":true,"campfire_choices":[{"data":"Twin Strike","floor":6,"key":"SMITH"},{"floor":15,"key":"REST"}],"circlet_count":0,"master_deck":["AscendersBane","Strike_R","Strike_R","Strike_R","Strike_R","Strike_R","Defend_R","Bash","Twin Strike+1","Clash","Double Tap"],"relics":["Burning Blood","NeowsBlessing","FaceOfCleric","Pantograph","Blue Candle","Golden Idol"],"acts_visited":["Exordium"],"potions_floor_usage":[14],"damage_taken":[{"damage":0,"enemies":"Jaw Worm","floor":1,"turns":1},{"damage":0,"enemies":"Cultist","floor":4,"turns":1},{"damage":0,"enemies":"2 Louse","floor":7,"turns":1},{"damage":19,"enemies":"Exordium Thugs","floor":8,"turns":4},{"damage":40,"enemies":"Lagavulin","floor":10,"turns":5},{"damage":11,"enemies":"Large Slime","floor":11,"turns":4},{"damage":8,"enemies":"3 Louse","floor":14,"turns":2},{"damage":71,"enemies":"The Guardian","floor":16,"turns":8}],"seed_played":"6619763096524540086","potions_obtained":[{"floor":7,"key":"BloodPotion"},{"floor":10,"key":"Dexterity Potion"}],"is_trial":false,"path_per_floor":["M","$","?","M","?","R","M","M","T","E","M","$","?","M","R","B"],"character_chosen":"IRONCLAD","items_purchased":[],"campfire_rested":1,"item_purchase_floors":[],"current_hp_per_floor":[78,78,78,81,81,81,82,70,70,37,33,33,12,28,53,7,7],"gold":43,"neow_bonus":"THREE_ENEMY_KILL","is_daily":false,"chose_seed":false,"campfire_upgraded":1,"win_rate":0.0,"timestamp":1608170103,"path_taken":["M","$","?","?","?","R","M","M","T","E","M","?","?","M","R","BOSS"],"items_purchased_type":[],"build_version":"2020-12-13","purchased_purges":2,"victory":false,"max_hp_per_floor":[80,80,80,81,81,81,82,83,83,84,85,85,85,86,86,86,86],"relic_stats":{"FaceOfCleric":6,"counters":[8,26],"Golden Idol":5,"Pantograph":25,"Blue Candle":[2],"obtain_stats":[{"NeowsBlessing":0,"FaceOfCleric":3,"Golden Idol":13,"Pantograph":9,"Blue Candle":10,"Burning Blood":0},{"NeowsBlessing":0,"FaceOfCleric":1,"Golden Idol":6,"Pantograph":4,"Blue Candle":5,"Burning Blood":0},{"NeowsBlessing":0,"FaceOfCleric":1,"Golden Idol":16,"Pantograph":7,"Blue Candle":12,"Burning Blood":0}],"Burning Blood":32},"card_choices":[{"not_picked":["Armaments","Thunderclap","Pommel Strike"],"picked":"SKIP","floor":1},{"not_picked":["Dual Wield","Power Through"],"picked":"Twin Strike","floor":4},{"not_picked":["Headbutt","Infernal Blade","Armaments"],"picked":"SKIP","floor":7},{"not_picked":["Fire Breathing","Havoc"],"picked":"Clash","floor":8},{"not_picked":["Iron Wave","Clash"],"picked":"Double Tap","floor":10},{"not_picked":["Flex","Twin Strike","Cleave"],"picked":"SKIP","floor":11},{"not_picked":["Second Wind","Sentinel","Clothesline"],"picked":"SKIP","floor":14}],"player_experience":956518,"relics_obtained":[{"floor":9,"key":"Pantograph"},{"floor":10,"key":"Blue Candle"}],"event_choices":[{"damage_healed":0,"gold_gain":0,"player_choice":"Trade","damage_taken":0,"relics_obtained":["FaceOfCleric"],"max_hp_gain":0,"max_hp_loss":0,"event_name":"FaceTrader","floor":3,"gold_loss":0},{"cards_removed":["Defend_R"],"damage_healed":0,"gold_gain":0,"player_choice":"Card Removal","damage_taken":0,"max_hp_gain":0,"max_hp_loss":0,"event_name":"Wheel of Change","floor":5,"gold_loss":0},{"damage_healed":0,"gold_gain":0,"player_choice":"Take Damage","damage_taken":21,"relics_obtained":["Golden Idol"],"max_hp_gain":0,"max_hp_loss":0,"event_name":"Golden Idol","floor":13,"gold_loss":0}],"is_beta":false,"boss_relics":[],"items_purged_floors":[2,12],"is_endless":false,"potions_floor_spawned":[7,10],"killed_by":"The Guardian","ascension_level":11}}