{"host":"j0a1jfichhxu8b8p","time":1608173876,"event":{"mods":["BaseMod","Colored Map","DeckTracker","Keyboard Shortcuts","Minty Spire (QoL Compilation)","Permanent Neow","StSLib"],"gold_per_floor":[109,120,140,140,159,159,189,189,189,205,205,280,280,298,298,298,298],"floor_reached":16,"playtime":470,"items_purged":[],"score":153,"play_id":"16d6cc4e-0fb6-4db9-9b96-b4c19847f4a1","local_time":"20201217115756","is_ascension_mode":true,"campfire_choices":[{"data":"Zap","floor":6.0,"key":"SMITH"},{"data":"Dualcast","floor":8.0,"key":"SMITH"},{"data":"Defragment","floor":11.0,"key":"SMITH"},{"floor":15.0,"key":"REST"}],"circlet_count":0,"master_deck":["AscendersBane","Strike_B","Strike_B","Strike_B","Defend_B","Defend_B","Defend_B","Defend_B","Zap+1","Dualcast+1","Biased Cognition","Compile Driver","Melter+1","Cold Snap+1","Blizzard","Defragment+1","Fission"],"relics":["Cracked Core","Whetstone","The Courier"],"acts_visited":["Exordium"],"potions_floor_usage":[16],"damage_taken":[{"damage":1.0,"enemies":"Cultist","floor":1.0,"turns":3.0},{"damage":1.0,"enemies":"2 Louse","floor":2.0,"turns":2.0},{"damage":13.0,"enemies":"Small Slimes","floor":3.0,"turns":2.0},{"damage":1.0,"enemies":"3 Louse","floor":5.0,"turns":4.0},{"damage":5.0,"enemies":"Gremlin Nob","floor":7.0,"turns":3.0},{"damage":8.0,"enemies":"Blue Slaver","floor":10.0,"turns":2.0},{"damage":7.0,"enemies":"Looter","floor":14.0,"turns":3.0},{"damage":53,"enemies":"Hexaghost","floor":16,"turns":9}],"seed_played":"3267152096048010025","potions_obtained":[{"floor":2.0,"key":"Swift Potion"},{"floor":5.0,"key":"GamblersBrew"}],"is_trial":false,"path_per_floor":["M","M","M","?","M","R","E","R","T","M","R","?","?","M","R","B"],"character_chosen":"DEFECT","items_purchased":[],"campfire_rested":1,"item_purchase_floors":[],"current_hp_per_floor":[67,66,53,58,57,57,52,52,52,44,44,33,33,26,50,0,0],"gold":298,"neow_bonus":"ONE_RANDOM_RARE_CARD","is_daily":false,"chose_seed":false,"campfire_upgraded":3,"win_rate":0.0,"timestamp":1608173876,"path_taken":["M","M","M","?","M","R","E","R","T","M","R","?","?","M","R","BOSS"],"items_purchased_type":[],"build_version":"2020-12-13","purchased_purges":0,"victory":false,"max_hp_per_floor":[75,75,75,80,80,80,80,80,80,80,80,80,80,80,80,80,80],"card_choices":[{"not_picked":["Stack","Streamline"],"picked":"Compile Driver","floor":1.0},{"not_picked":["Reprogram","Compile Driver","Gash"],"picked":"SKIP","floor":2.0},{"not_picked":["Beam Cell","Rebound"],"picked":"Melter","floor":3.0},{"not_picked":["Barrage","Aggregate"],"picked":"Cold Snap","floor":5.0},{"not_picked":["Redo","Steam"],"picked":"Blizzard","floor":7.0},{"not_picked":["Heatsinks","Conserve Battery"],"picked":"Defragment","floor":10.0},{"not_picked":["Steam","Gash","Force Field"],"picked":"SKIP","floor":14.0}],"player_experience":323261,"relics_obtained":[{"floor":7.0,"key":"Whetstone"},{"floor":9.0,"key":"The Courier"}],"event_choices":[{"damage_healed":0.0,"max_hp_gain":5.0,"max_hp_loss":0.0,"gold_gain":0.0,"event_name":"Big Fish","player_choice":"Donut","floor":4.0,"gold_loss":0.0,"damage_taken":0.0},{"damage_healed":0.0,"max_hp_gain":0.0,"max_hp_loss":0.0,"gold_gain":75.0,"event_name":"World of Goop","player_choice":"Gather Gold","floor":12.0,"gold_loss":0.0,"damage_taken":11.0},{"damage_healed":0.0,"max_hp_gain":0.0,"max_hp_loss":0.0,"gold_gain":0.0,"cards_transformed":["Strike_B"],"event_name":"Living Wall","player_choice":"Change","floor":13.0,"gold_loss":0.0,"damage_taken":0.0,"cards_obtained":["Fission"]}],"is_beta":false,"boss_relics":[],"items_purged_floors":[],"is_endless":false,"potions_floor_spawned":[2,5],"killed_by":"Hexaghost","ascension_level":10}}