{"host":"evny4tziu33vpgm7","time":1608195901,"event":{"mods":["2.2 Compatiblity","Act Like it!","Aspiration","Astrologer","BaseMod","Beaked The Cultist","Better Altar","Better Match","Better Third Choice","Better Vampires","BetterRewards","Booster Modes","CapriCore","Card Filter","Clockwork Mod","Colored Map","Colored Powertips","Conjunction","Conspire","Dota2Spire","Downfall-Rebalance","Elementarium","Energized Spire","Fiend Mod","Friendly Minions","GifTheSpireLib","Glutton Mod","Halation","Hermit","Hubris","Humility","Infinite Spire","Jedi Mod","Minty Spire (QoL Compilation)","Quarter Circle Forward PUNCH!","Random Character Button","Random Character Mod","Rare Cards Sparkle","RatMod","Relic Filter","Relic Sorter","Replay The Spire","Ruin Mod","Ryuuou??","Shop Mod","Small Relic Pack","Somnambulant","StSLib","Strawberry Spire","Stuff the Spire","SuperFastMode","The Alterego","The Blue Laboratory","The Construct","The Cursed","The Disciple","The Exordian Avenger","The Fake Hero","The Florist","The Gatherer","The Hierophant","The Immortal","The Necromancer","TheHeartMod","TheLocksmith","TheVacant","Yuri Mod","thorton","??????REMEMod"],"gold_per_floor":[111,111,129,129,149,149,182,182,182,182,182,182,194,204,204,204,204],"floor_reached":16,"playtime":1634,"items_purged":[],"score":155,"play_id":"497c3ede-0ee8-45a0-b627-7bad64115bfe","local_time":"20201217020501","daily_mods":["SealedDeck","Vintage","Heirloom","Flight","downfall:Jewelcrafting","DeadlyEvents","Night Terrors"],"is_ascension_mode":true,"campfire_choices":[{"data":"Madness","floor":11,"key":"SMITH"},{"data":"Clockwork:HoardingStrike","floor":11,"key":"SMITH"},{"data":"Magnetism","floor":12,"key":"SMITH"},{"data":"Clockwork:Efficiency","floor":12,"key":"SMITH"},{"data":"Panacea","floor":15,"key":"SMITH"},{"data":"theHeart:SpireSpear","floor":15,"key":"SMITH"}],"circlet_count":0,"master_deck":["Guardian:ExploitGems","Clockwork:HoardingStrike+1","Clockwork:QuantumStrike+1","Clockwork:LogisticRegression+1","Guardian:BaubleBeam+1","Madness+1","Gatherer:Overflowing","theHeart:SpireSpear+1","Magnetism+1","Panacea+1","Clockwork:Efficiency+1"],"relics":["Clockwork:MomentumEngine","qcfpunch:Duffel_Bag","qcfpunch:Fighting_Gloves","qcfpunch:Red_Headband","Guardian:PickAxe","REME_ComplimentaryCards","Ring of Chaos","replay:Trail_Library","Honey Jar","halation:CatFaceCupcake","Coffee Dripper","jedi:battlestandard","StuffTheSpire:Wildfire","Dota2Spire:ArcaneBoots","relicPack:EdsArm","Replay:Arrowhead","halation:PinkSoulGem","Ancient Tea Set","Counterbalance","Tiny Chest","Dota2Spire:LotusOrb","hubris:Zylophone","hexamod:BolsterEngine","StuffTheSpire:Mouthbags","Clockwork:CopperScales"],"acts_visited":["Exordium"],"potions_floor_usage":[7],"damage_taken":[{"damage":0.0,"enemies":"Cultist","floor":1.0,"turns":3.0},{"damage":12,"enemies":"conspire:RoseBush","floor":3,"turns":2},{"damage":0,"enemies":"Small Slimes","floor":5,"turns":2},{"damage":36,"enemies":"Lagavulin","floor":7,"turns":4},{"damage":10,"enemies":"Looter","floor":13,"turns":2},{"damage":0,"enemies":"Blue Slaver","floor":14,"turns":2},{"damage":26,"enemies":"The Guardian","floor":16,"turns":2}],"seed_played":"-7003860215152889851","potions_obtained":[{"floor":3,"key":"blueLaboratory:FruitPunch"},{"floor":14,"key":"Slimebound:ThreeZeroPotion"}],"is_trial":true,"path_per_floor":["M","?","M","?","M","R","E","R","T","R","R","R","M","M","R","B"],"character_chosen":"CLOCKWORK","items_purchased":[],"campfire_rested":0,"item_purchase_floors":[],"current_hp_per_floor":[85,80,68,68,68,68,34,34,34,34,34,34,24,24,24,0,0],"gold":204,"neow_bonus":"","is_daily":false,"chose_seed":false,"campfire_upgraded":6,"win_rate":0.0,"timestamp":1608195901,"path_taken":["M","?","M","?","M","R","E","R","T","R","R","R","?","M","R","BOSS"],"items_purchased_type":[],"build_version":"2020-12-13","purchased_purges":0,"victory":false,"max_hp_per_floor":[85,80,80,80,80,80,82,82,82,82,82,82,82,82,82,82,82],"card_choices":[{"not_picked":[],"picked":"Bandage Up","floor":1.0},{"not_picked":[],"picked":"Panacea","floor":3},{"not_picked":["Clockwork:Friction","Clockwork:Selectivity","Clockwork:ForgeStrike"],"picked":"Clockwork:CraftCopperScales","floor":7}],"player_experience":3938688,"relics_obtained":[{"floor":1.0,"key":"Dota2Spire:ArcaneBoots"},{"floor":3,"key":"Replay:Arrowhead"},{"floor":5,"key":"Ancient Tea Set"},{"floor":5,"key":"Counterbalance"},{"floor":7,"key":"Tiny Chest"},{"floor":7,"key":"Dota2Spire:LotusOrb"},{"floor":9,"key":"hubris:Zylophone"},{"floor":13,"key":"hexamod:BolsterEngine"},{"floor":14,"key":"StuffTheSpire:Mouthbags"}],"event_choices":[],"is_beta":false,"boss_relics":[],"items_purged_floors":[],"is_endless":false,"potions_floor_spawned":[3,14],"killed_by":"The Guardian","ascension_level":1}}