{"host":"m3herrhkesxm9ooc","time":1608224746,"event":{"mods":["BaseMod","Hermit","Minty Spire (QoL Compilation)","StSLib","The Hierophant"],"gold_per_floor":[112,77,77,96,96,96,136,161,161,195,195,218,218,243,243,243,243],"floor_reached":16,"playtime":412,"items_purged":[],"score":193,"play_id":"d813ba06-7769-4f5a-b39a-001d74f83841","local_time":"20201218020546","is_ascension_mode":true,"campfire_choices":[{"data":"hermit:GoldenBullet","floor":6,"key":"SMITH"},{"floor":11,"key":"REST"},{"floor":13,"key":"REST"},{"floor":15,"key":"REST"}],"circlet_count":0,"master_deck":["AscendersBane","hermit:Strike_Hermit","hermit:Strike_Hermit","hermit:Strike_Hermit","hermit:Strike_Hermit","hermit:Defend_Hermit","hermit:Defend_Hermit","hermit:Defend_Hermit","hermit:Defend_Hermit","hermit:Snapshot","hermit:Covet","hermit:GoldenBullet+1","hermit:LoneWolf","Injury","hermit:Brawl","hermit:Snipe","hermit:Maintenance","hermit:BlackWind","hermit:NoHoldsBarred","hermit:HighCaliber"],"relics":["hermit:Momento","Golden Idol","Gremlin Horn","Kunai","Bag of Marbles","Centennial Puzzle"],"acts_visited":["Exordium"],"potions_floor_usage":[10,16,16],"damage_taken":[{"damage":6,"enemies":"Jaw Worm","floor":1,"turns":6},{"damage":6,"enemies":"2 Louse","floor":4,"turns":3},{"damage":34,"enemies":"Gremlin Nob","floor":7,"turns":4},{"damage":0,"enemies":"Cultist","floor":8,"turns":2},{"damage":24,"enemies":"Lagavulin","floor":10,"turns":6},{"damage":0,"enemies":"Red Slaver","floor":12,"turns":1},{"damage":0,"enemies":"2 Fungi Beasts","floor":14,"turns":2},{"damage":56,"enemies":"Hexaghost","floor":16,"turns":7}],"seed_played":"-3714612230016047706","potions_obtained":[{"floor":8,"key":"SteroidPotion"},{"floor":10,"key":"SteroidPotion"},{"floor":14,"key":"AttackPotion"}],"is_trial":false,"path_per_floor":["M","?","?","M","?","R","E","M","T","E","R","M","R","M","R","B"],"character_chosen":"HERMIT","items_purchased":[],"campfire_rested":3,"item_purchase_floors":[],"current_hp_per_floor":[58,71,71,65,60,60,26,26,26,2,23,23,44,44,65,9,9],"gold":243,"neow_bonus":"THREE_CARDS","is_daily":false,"chose_seed":false,"campfire_upgraded":1,"win_rate":0.0,"timestamp":1608224746,"path_taken":["M","?","?","M","?","R","E","M","T","E","R","?","R","M","R","BOSS"],"items_purchased_type":[],"build_version":"2020-12-13","purchased_purges":0,"victory":false,"max_hp_per_floor":[71,71,71,71,71,71,71,71,71,71,71,71,71,71,71,71,71],"card_choices":[{"not_picked":["hermit:WideOpen","hermit:Headshot"],"picked":"hermit:GoldenBullet","floor":0},{"not_picked":["hermit:Desperado","hermit:WideOpen"],"picked":"hermit:LoneWolf","floor":1},{"not_picked":["hermit:EyeOfTheStorm","hermit:Desperado"],"picked":"hermit:Brawl","floor":4},{"not_picked":["hermit:Desperado","hermit:Midnight"],"picked":"hermit:Snipe","floor":7},{"not_picked":["hermit:BodyArmor","hermit:Vantage"],"picked":"hermit:Maintenance","floor":8},{"not_picked":["hermit:HighCaliber","hermit:Gestalt"],"picked":"hermit:BlackWind","floor":10},{"not_picked":["hermit:Desperado","hermit:FullyLoaded"],"picked":"hermit:NoHoldsBarred","floor":12},{"not_picked":["hermit:Horror","hermit:BigShot"],"picked":"hermit:HighCaliber","floor":14}],"player_experience":637283,"relics_obtained":[{"floor":7,"key":"Kunai"},{"floor":9,"key":"Bag of Marbles"},{"floor":10,"key":"Centennial Puzzle"}],"event_choices":[{"damage_healed":17,"gold_gain":0,"player_choice":"Healed","damage_taken":0,"max_hp_gain":0,"max_hp_loss":0,"event_name":"The Cleric","floor":2,"gold_loss":35},{"damage_healed":0,"gold_gain":0,"player_choice":"Take Wound","damage_taken":0,"relics_obtained":["Golden Idol"],"max_hp_gain":0,"max_hp_loss":0,"event_name":"Golden Idol","floor":3,"gold_loss":0,"cards_obtained":["Injury"]},{"damage_healed":0,"gold_gain":0,"player_choice":"Success","damage_taken":5,"relics_obtained":["Gremlin Horn"],"max_hp_gain":0,"max_hp_loss":0,"event_name":"Scrap Ooze","floor":5,"gold_loss":0}],"is_beta":false,"boss_relics":[],"items_purged_floors":[],"is_endless":false,"potions_floor_spawned":[8,10,14],"killed_by":"Hexaghost","ascension_level":15}}