{"host":"z60ck2mpr6goyib8","time":1608235636,"event":{"mods":["BaseMod","Best Route Mod","Bestiary","Better Third Choice","Block Reminder","Colored Map","Colored Powertips","Googly Eyes","Minty Spire (QoL Compilation)","Quick Restart","Relic Stats","Slay-I","StSLib","everything is the same but u backflip on backflip"],"gold_per_floor":[119,69,88,88,88,129,142,142,165,165,184,184,207,220,220,220,220],"floor_reached":16,"playtime":396,"items_purged":[],"score":191,"play_id":"1d99d798-dfcf-4c4a-89f7-5d5f59b77f3e","local_time":"20201217200716","is_ascension_mode":true,"campfire_choices":[{"data":"Spot Weakness","floor":8.0,"key":"SMITH"},{"data":"Rage","floor":10.0,"key":"SMITH"},{"data":"Flame Barrier","floor":15,"key":"SMITH"}],"circlet_count":0,"master_deck":["AscendersBane","Strike_R","Strike_R+1","Strike_R+1","Strike_R","Defend_R","Defend_R","Defend_R","Bash","Rage+1","Bloodletting","Spot Weakness+1","Seeing Red","Feel No Pain","True Grit","Shrug It Off","Flame Barrier+1"],"relics":["Burning Blood","NeowsBlessing","Orichalcum","Golden Idol","Whetstone","Potion Belt"],"acts_visited":["Exordium"],"potions_floor_usage":[14,16,16],"damage_taken":[{"damage":0.0,"enemies":"Small Slimes","floor":1.0,"turns":1.0},{"damage":0.0,"enemies":"Jaw Worm","floor":3.0,"turns":1.0},{"damage":0.0,"enemies":"3 Sentries","floor":6.0,"turns":2.0},{"damage":0.0,"enemies":"2 Louse","floor":7.0,"turns":2.0},{"damage":7.0,"enemies":"Blue Slaver","floor":11.0,"turns":2.0},{"damage":5.0,"enemies":"Looter","floor":13.0,"turns":3.0},{"damage":2,"enemies":"Gremlin Gang","floor":14,"turns":7},{"damage":84,"enemies":"Hexaghost","floor":16,"turns":16}],"seed_played":"-3049187679629645346","potions_obtained":[{"floor":3.0,"key":"SkillPotion"},{"floor":7.0,"key":"BloodPotion"},{"floor":14,"key":"SkillPotion"}],"is_trial":false,"path_per_floor":["M","?","M","?","?","E","M","R","T","R","M","?","M","M","R","B"],"character_chosen":"IRONCLAD","items_purchased":[],"campfire_rested":0,"item_purchase_floors":[],"current_hp_per_floor":[78,78,80,68,48,54,60,60,60,60,59,59,60,64,64,0,0],"gold":220,"neow_bonus":"THREE_ENEMY_KILL","is_daily":false,"chose_seed":false,"campfire_upgraded":3,"win_rate":0.0,"timestamp":1608235636,"path_taken":["M","?","M","?","?","E","M","R","T","R","M","?","M","M","R","BOSS"],"items_purchased_type":[],"build_version":"2020-12-13","purchased_purges":0,"victory":false,"max_hp_per_floor":[80,80,80,80,80,80,80,80,80,80,80,80,80,80,80,80,80],"relic_stats":{"counters":[8,34],"Golden Idol":23,"Whetstone":["Strike_R","Strike_R"],"Orichalcum":[72],"obtain_stats":[{"Potion Belt":9,"NeowsBlessing":0,"Golden Idol":5,"Whetstone":6,"Orichalcum":4,"Burning Blood":0},{"Potion Belt":4,"NeowsBlessing":0,"Golden Idol":2,"Whetstone":3,"Orichalcum":2,"Burning Blood":0},{"Potion Belt":6,"NeowsBlessing":0,"Golden Idol":2,"Whetstone":4,"Orichalcum":2,"Burning Blood":0}],"Burning Blood":38},"card_choices":[{"not_picked":["Havoc","Shockwave"],"picked":"Rage","floor":1.0},{"not_picked":["Sentinel","Clash"],"picked":"Bloodletting","floor":3.0},{"not_picked":["Infernal Blade","Carnage"],"picked":"Spot Weakness","floor":6.0},{"not_picked":["Dark Embrace","Dropkick"],"picked":"Seeing Red","floor":7.0},{"not_picked":["Blood for Blood","Warcry"],"picked":"Feel No Pain","floor":11.0},{"not_picked":["Evolve","Iron Wave"],"picked":"Shrug It Off","floor":13.0},{"not_picked":["Whirlwind","Clash"],"picked":"Flame Barrier","floor":14}],"player_experience":497768,"relics_obtained":[{"floor":6.0,"key":"Whetstone"},{"floor":9.0,"key":"Potion Belt"}],"event_choices":[{"cards_removed":["Defend_R"],"damage_healed":0.0,"max_hp_gain":0.0,"max_hp_loss":0.0,"gold_gain":0.0,"event_name":"The Cleric","player_choice":"Card Removal","floor":2.0,"gold_loss":50.0,"damage_taken":0.0},{"damage_healed":0.0,"max_hp_gain":0.0,"max_hp_loss":0.0,"gold_gain":0.0,"event_name":"betterThird:BetterScrap","player_choice":"Relic ","floor":4.0,"gold_loss":0.0,"damage_taken":12.0,"cards_obtained":["A Thousand Cuts"]},{"damage_healed":0.0,"max_hp_gain":0.0,"max_hp_loss":0.0,"gold_gain":0.0,"event_name":"Golden Idol","player_choice":"Take Damage","floor":5.0,"gold_loss":0.0,"damage_taken":20.0,"relics_obtained":["Golden Idol"]},{"damage_healed":0.0,"max_hp_gain":0.0,"max_hp_loss":0.0,"gold_gain":0.0,"cards_transformed":["Strike_R"],"event_name":"Living Wall","player_choice":"Change","floor":12.0,"gold_loss":0.0,"damage_taken":0.0,"cards_obtained":["True Grit"]}],"is_beta":false,"boss_relics":[],"items_purged_floors":[],"is_endless":false,"potions_floor_spawned":[3,7,14],"killed_by":"Hexaghost","ascension_level":10}}