{"host":"6vv0uythevi5qk1w","time":1608203276,"event":{"mods":["Act Like it!","BaseMod","Downfall","Gensokyo","Minty Spire (QoL Compilation)","Remilia£®¿Ÿ√◊¿Ú—«£©","Replay The Spire","StSLib"],"gold_per_floor":[116,116,191,206,226,226,237,248,274,304,304,337,337,357,357,433,433,447,447,447,482,482,512,530,560,560,183,183,214,229,239,239,239,239],"floor_reached":33,"playtime":2192,"items_purged":["Regret"],"score":561,"play_id":"50fdf3e2-fde3-4dbb-a81b-b2c664dddd9b","local_time":"20201217190756","is_ascension_mode":true,"campfire_choices":[{"data":"Abandon","floor":6.0,"key":"SMITH"},{"data":"Dark Embrace","floor":11.0,"key":"SMITH"},{"data":"Immolate","floor":13.0,"key":"SMITH"},{"data":"Inflame","floor":15.0,"key":"SMITH"},{"floor":32.0,"key":"RECALL"}],"circlet_count":0,"master_deck":["AscendersBane","Strike_R+1","Strike_R+1","Strike_R+1","Strike_R+1","Strike_R+1","Defend_R","Defend_R","Defend_R","Defend_R","Bash","Dropkick","Abandon+1","Inflame+1","ReplayTheSpireMod:Stacked","Whirlwind+1","Dark Embrace+1","Immolate+1","Reaper","Shame","Writhe","Gluttony_TH","Havoc","Ghostly","Ghostly","Ghostly","Ghostly","Ghostly","Burning Pact","Abandon+1"],"relics":["Burning Blood","NeowsBlessing","Centennial Puzzle","Whetstone","Letter Opener","Fusion Hammer","Eternal Feather","Ring of Fury","ReplayTheSpireMod:Ring of Addiction","Chameleon Ring","SacredBark","Red Mask","Boot","Replay:Bottled Eggs","Replay:Bottled Steam","Lantern","OrangePellets","Guardian:PocketSentry"],"acts_visited":["Exordium","TheCity"],"potions_floor_usage":[33],"damage_taken":[{"damage":0.0,"enemies":"Small Slimes","floor":1.0,"turns":1.0},{"damage":0.0,"enemies":"2 Louse","floor":4.0,"turns":1.0},{"damage":0.0,"enemies":"Cultist","floor":5.0,"turns":1.0},{"damage":12.0,"enemies":"Looter","floor":7.0,"turns":3.0},{"damage":18.0,"enemies":"3 Louse","floor":8.0,"turns":3.0},{"damage":29.0,"enemies":"Replay:BlueRogue","floor":10.0,"turns":6.0},{"damage":38.0,"enemies":"Lagavulin","floor":12.0,"turns":7.0},{"damage":6.0,"enemies":"Red Slaver","floor":14.0,"turns":3.0},{"damage":28.0,"enemies":"Hexaghost","floor":16.0,"turns":8.0},{"damage":0.0,"enemies":"3 Byrds","floor":18.0,"turns":2.0},{"damage":0.0,"enemies":"Masked Bandits","floor":21.0,"turns":1.0},{"damage":24.0,"enemies":"Book of Stabbing","floor":23.0,"turns":4.0},{"damage":8.0,"enemies":"Chosen","floor":24.0,"turns":2.0},{"damage":18.0,"enemies":"Slavers","floor":25.0,"turns":3.0},{"damage":16.0,"enemies":"Replay:Snechameleon","floor":29.0,"turns":7.0},{"damage":0.0,"enemies":"Centurion and Healer","floor":30.0,"turns":4.0},{"damage":0.0,"enemies":"Cultist and Chosen","floor":31.0,"turns":5.0},{"damage":71,"enemies":"Champ","floor":33,"turns":8}],"seed_played":"-7799476968730969591","potions_obtained":[{"floor":1.0,"key":"BloodPotion"},{"floor":8.0,"key":"BloodPotion"},{"floor":14.0,"key":"HeartOfIron"},{"floor":18.0,"key":"Adrenaline Potion"},{"floor":20.0,"key":"ColorlessPotion"},{"floor":23.0,"key":"PowerPotion"},{"floor":24.0,"key":"SpeedPotion"},{"floor":31.0,"key":"Toxic Potion"}],"is_trial":false,"path_per_floor":["M","?","?","M","M","R","M","M","T","E","R","E","R","M","R","B",null,"M","?","?","?","?","E","M","E","T","$","?","E","M","M","R","B"],"character_chosen":"IRONCLAD","items_purchased":["Lantern","OrangePellets"],"campfire_rested":0,"item_purchase_floors":[27,27],"current_hp_per_floor":[74,74,67,73,75,75,69,57,57,34,34,17,17,17,17,10,59,65,65,65,71,86,80,78,78,78,78,45,39,43,43,43,0,0],"gold":239,"neow_bonus":"THREE_ENEMY_KILL","is_daily":false,"chose_seed":false,"campfire_upgraded":4,"win_rate":0.0,"timestamp":1608203276,"path_taken":["M","?","?","M","M","R","?","M","T","E","R","E","R","M","R","BOSS","M","?","?","?","?","E","M","E","T","$","?","E","M","M","R","BOSS"],"items_purchased_type":["Relic","Relic"],"build_version":"2020-12-13","purchased_purges":1,"victory":false,"max_hp_per_floor":[75,75,75,75,75,75,75,75,75,75,75,75,75,75,75,75,75,75,75,75,75,90,90,90,90,90,90,45,43,43,43,43,43,43],"card_choices":[{"not_picked":["Reckless Charge","Clash"],"picked":"Dropkick","floor":1.0},{"not_picked":["Sword Boomerang","Replay:Undeath\u0027s Touch"],"picked":"Abandon","floor":4.0},{"not_picked":["ReplayTheSpireMod:Strike From Hell","True Grit"],"picked":"Inflame","floor":5.0},{"not_picked":["Anger","Seeing Red"],"picked":"ReplayTheSpireMod:Stacked","floor":7.0},{"not_picked":["True Grit","Flex"],"picked":"Whirlwind","floor":8.0},{"not_picked":["Burning Pact","Havoc"],"picked":"Dark Embrace","floor":10.0},{"not_picked":["Carnage","Replay:Undeath\u0027s Touch"],"picked":"Immolate","floor":12.0},{"not_picked":["Twin Strike","Wild Strike","Armaments"],"picked":"SKIP","floor":14.0},{"not_picked":["Hemogenesis","Demonic Infusion"],"picked":"Reaper","floor":16.0},{"not_picked":["Armaments","Thunderclap","Shrug It Off"],"picked":"SKIP","floor":18.0},{"not_picked":["Shrug It Off","Clash"],"picked":"Havoc","floor":23.0},{"not_picked":["Dual Wield","Clothesline","Wild Strike"],"picked":"SKIP","floor":24.0},{"not_picked":["ReplayTheSpireMod:Strike From Hell+1","Massacre","Iron Wave"],"picked":"SKIP","floor":25.0},{"not_picked":["Anger","Clash"],"picked":"Burning Pact","floor":29.0},{"not_picked":["Clash","Infernal Blade","Massacre+1"],"picked":"SKIP","floor":30.0},{"not_picked":["Feel No Pain","ReplayTheSpireMod:Limb From Limb"],"picked":"Abandon+1","floor":31.0}],"player_experience":385086,"relics_obtained":[{"floor":10.0,"key":"Whetstone"},{"floor":12.0,"key":"Letter Opener"},{"floor":20.0,"key":"Ring of Fury"},{"floor":20.0,"key":"ReplayTheSpireMod:Ring of Addiction"},{"floor":20.0,"key":"Chameleon Ring"},{"floor":20.0,"key":"SacredBark"},{"floor":21.0,"key":"Red Mask"},{"floor":23.0,"key":"Boot"},{"floor":25.0,"key":"Replay:Bottled Eggs"},{"floor":26.0,"key":"Replay:Bottled Steam"},{"floor":29.0,"key":"Guardian:PocketSentry"}],"event_choices":[{"damage_healed":0.0,"max_hp_gain":0.0,"max_hp_loss":0.0,"gold_gain":0.0,"event_name":"Big Fish","player_choice":"Box","floor":2.0,"gold_loss":0.0,"damage_taken":0.0,"relics_obtained":["Centennial Puzzle"],"cards_obtained":["Regret"]},{"damage_healed":0.0,"max_hp_gain":0.0,"max_hp_loss":0.0,"gold_gain":75.0,"event_name":"FaceTrader","player_choice":"Touch","floor":3.0,"gold_loss":0.0,"damage_taken":7.0},{"damage_healed":0.0,"max_hp_gain":0.0,"max_hp_loss":0.0,"gold_gain":0.0,"event_name":"Addict","player_choice":"Stole Relic","floor":19.0,"gold_loss":0.0,"damage_taken":0.0,"relics_obtained":["Eternal Feather"],"cards_obtained":["Shame"]},{"damage_healed":0.0,"max_hp_gain":0.0,"max_hp_loss":0.0,"gold_gain":0.0,"event_name":"Masked Bandits","player_choice":"Fought Bandits","floor":21.0,"gold_loss":0.0,"damage_taken":0.0},{"damage_healed":0.0,"max_hp_gain":0.0,"max_hp_loss":45.0,"gold_gain":0.0,"event_name":"Ghosts","player_choice":"Became a Ghost","floor":28.0,"gold_loss":0.0,"damage_taken":0.0,"cards_obtained":["Ghostly","Ghostly","Ghostly","Ghostly","Ghostly"]}],"is_beta":false,"boss_relics":[{"not_picked":["Replay:Ancient Bell","Runic Cube"],"picked":"Fusion Hammer"}],"items_purged_floors":[27],"is_endless":false,"potions_floor_spawned":[1,8,14,18,23,24,31],"killed_by":"Champ","ascension_level":14}}