{"host":"5gc11emcm5chfr5t","time":1608212501,"event":{"mods":["2.2 Compatiblity","AchievementEnabler","BaseMod","Bestiary","Better Note","Colored Map","Colored Powertips","Downfall","Googly Eyes","Minty Spire (QoL Compilation)","Rare Cards Sparkle","StSLib"],"gold_per_floor":[149,160,160,178,16,35,89,14,40,40,40,54,73,93,105,206,206,131,21,33,54,54,85,133,133,178,178,116,126,254,254,254],"floor_reached":31,"playtime":1205,"items_purged":[],"score":450,"play_id":"157b6cbc-d841-4809-bf86-5a5c969b146c","local_time":"20201217084141","is_ascension_mode":true,"campfire_choices":[{"floor":1.0,"key":"RECALL"},{"data":"sneckomod:DiceBoulder","floor":8.0,"key":"SMITH"},{"floor":10.0,"key":"REST"},{"data":"sneckomod:GlitteringGambit","floor":18.0,"key":"SMITH"},{"floor":22.0,"key":"REST"},{"floor":25.0,"key":"REST"},{"floor":27.0,"key":"REST"}],"circlet_count":0,"master_deck":["AscendersBane","sneckomod:Strike+1","sneckomod:Defend","sneckomod:Defend","sneckomod:TailWhip","sneckomod:SnekBite","sneckomod:Unknown","sneckomod:Unknown","sneckomod:UnknownClassGUARDIAN","sneckomod:UnknownUncommonPower","sneckomod:SerpentIdol","sneckomod:DiceBoulder+2","sneckomod:UnknownStrike","sneckomod:SoulCleanse","sneckomod:Transmogrify","sneckomod:WideSting","sneckomod:UnknownUncommonPower","sneckomod:SnakeSap","sneckomod:WideSting","sneckomod:GlitteringGambit+1","sneckomod:UnknownWeak","expansioncontent:Collect","sneckomod:UnknownVulnerable","sneckomod:SnekBeam","sneckomod:IronFang","sneckomod:SnekBeam+1","sneckomod:ImprovisedAttack","sneckomod:SnakeSap","sneckomod:MixItUp","sneckomod:Mudshield","sneckomod:UnknownClassTHE_CHAMP_GRAY","sneckomod:UnknownColorless","J.A.X.","sneckomod:UnknownStrength+1"],"relics":["downfall:HeartBlessingRed","sneckomod:LoadedDie","Black Star","downfall:HeartBlessingGreen","Pen Nib","Smiling Mask","Dream Catcher","Lantern","Du-Vu Doll","Ice Cream","Sozu","Molten Egg 2","ClockworkSouvenir","MutagenicStrength"],"acts_visited":["Exordium","TheCity"],"potions_floor_usage":[],"damage_taken":[{"damage":7.0,"enemies":"Jaw Worm","floor":2.0,"turns":3.0},{"damage":9.0,"enemies":"2 Louse","floor":4.0,"turns":3.0},{"damage":10.0,"enemies":"downfall:FleeingMerchant","floor":5.0,"turns":4.0},{"damage":3.0,"enemies":"Cultist","floor":6.0,"turns":5.0},{"damage":20.0,"enemies":"Gremlin Nob","floor":9.0,"turns":4.0},{"damage":20.0,"enemies":"Exordium Wildlife","floor":12.0,"turns":2.0},{"damage":20.0,"enemies":"Large Slime","floor":13.0,"turns":3.0},{"damage":14.0,"enemies":"3 Louse","floor":14.0,"turns":3.0},{"damage":12.0,"enemies":"Exordium Wildlife","floor":15.0,"turns":3.0},{"damage":22.0,"enemies":"downfall:Watcher","floor":16.0,"turns":6.0},{"damage":15.0,"enemies":"downfall:FleeingMerchant","floor":19.0,"turns":4.0},{"damage":10.0,"enemies":"3 Byrds","floor":20.0,"turns":5.0},{"damage":15.0,"enemies":"Shell Parasite","floor":21.0,"turns":4.0},{"damage":22.0,"enemies":"Gremlin Leader","floor":23.0,"turns":5.0},{"damage":53.0,"enemies":"Book of Stabbing","floor":26.0,"turns":5.0},{"damage":15.0,"enemies":"downfall:FleeingMerchant","floor":28.0,"turns":3.0},{"damage":0.0,"enemies":"Snecko","floor":29.0,"turns":1.0},{"damage":32.0,"enemies":"downfall:Augmenter","floor":30.0,"turns":4.0},{"damage":6,"enemies":"3 Cultists","floor":31,"turns":2}],"seed_played":"4723557075532275626","potions_obtained":[{"floor":0.0,"key":"Slimebound:ThreeZeroPotion"},{"floor":4.0,"key":"champ:CounterPotion"},{"floor":9.0,"key":"hexamod:EctoCoolerPotion"}],"is_trial":false,"path_per_floor":["R","M","?","M","$","M","T","R","E","R","?","M","M","M","M","B",null,"R","$","M","M","R","E","T","R","E","R","$","M","?","M"],"character_chosen":"THE_SNECKO","items_purchased":["FairyPotion","sneckomod:UnknownStrike","expansioncontent:Collect","Molten Egg 2","ClockworkSouvenir"],"campfire_rested":4,"item_purchase_floors":[5,5,19,28,28],"current_hp_per_floor":[86,79,79,70,60,57,57,57,37,65,65,45,25,11,28,6,73,73,58,55,40,68,46,46,74,21,49,34,34,2,0,0],"gold":254,"neow_bonus":"BOSS_RELIC","is_daily":false,"chose_seed":false,"campfire_upgraded":2,"win_rate":0.0,"timestamp":1608212501,"path_taken":["R","M","?","M","$","M","T","R","E","R","?","M","M","M","M","BOSS","R","?","M","M","R","E","T","R","E","R","$","M","?","M"],"items_purchased_type":["Potion","Card","Card","Relic","Relic"],"build_version":"2020-12-13","purchased_purges":0,"victory":false,"max_hp_per_floor":[95,95,95,95,95,95,95,95,95,95,95,95,95,95,95,95,95,95,95,95,95,95,95,95,95,95,95,95,95,95,95,95],"card_choices":[{"not_picked":["sneckomod:UnknownVulnerable","sneckomod:IronFang"],"picked":"sneckomod:UnknownClassGUARDIAN","floor":0.0},{"not_picked":["sneckomod:UnknownStrike","sneckomod:SoulDraw"],"picked":"sneckomod:UnknownUncommonPower","floor":2.0},{"not_picked":["sneckomod:UnknownClassTHE_CHAMP_GRAY","sneckomod:WideSting"],"picked":"sneckomod:SerpentIdol","floor":4.0},{"not_picked":["sneckomod:UnknownUncommonAttack","sneckomod:UnknownVulnerable"],"picked":"sneckomod:DiceBoulder","floor":5.0},{"not_picked":["sneckomod:DiceBlock","sneckomod:IronFang"],"picked":"sneckomod:SoulCleanse","floor":6.0},{"not_picked":["sneckomod:MixItUp","sneckomod:IronFang"],"picked":"sneckomod:Transmogrify","floor":9.0},{"not_picked":["sneckomod:QuickMove","sneckomod:UnknownWeak"],"picked":"sneckomod:WideSting","floor":12.0},{"not_picked":["sneckomod:RainOfDice","sneckomod:IronFang"],"picked":"sneckomod:UnknownUncommonPower","floor":13.0},{"not_picked":["sneckomod:UnknownBlock","sneckomod:UnknownClassGREEN"],"picked":"sneckomod:SnakeSap","floor":14.0},{"not_picked":["sneckomod:QuickMove","sneckomod:SoulCleanse"],"picked":"sneckomod:WideSting","floor":15.0},{"not_picked":["sneckomod:Cheat","sneckomod:Restock"],"picked":"sneckomod:GlitteringGambit","floor":16.0},{"not_picked":["sneckomod:SoulCleanse","sneckomod:RainOfDice+1"],"picked":"sneckomod:UnknownWeak","floor":19.0},{"not_picked":["sneckomod:UnknownStrike","sneckomod:WideSting"],"picked":"sneckomod:UnknownVulnerable","floor":20.0},{"not_picked":["sneckomod:Unknown1Cost","sneckomod:QuickBite"],"picked":"sneckomod:SnekBeam","floor":21.0},{"not_picked":["sneckomod:UnknownExhaust","sneckomod:UnknownBlock"],"picked":"sneckomod:IronFang","floor":23.0},{"not_picked":["sneckomod:Unknown1Cost","sneckomod:UnknownCommonSkill"],"picked":"sneckomod:SnekBeam+1","floor":25.0},{"not_picked":["sneckomod:UnknownCommonSkill+1","sneckomod:UnknownDexterity"],"picked":"sneckomod:ImprovisedAttack","floor":26.0},{"not_picked":["sneckomod:UnknownStrike","sneckomod:SoulRoll"],"picked":"sneckomod:SnakeSap","floor":27.0},{"not_picked":["sneckomod:RainOfDice+1","sneckomod:Unknown1Cost"],"picked":"sneckomod:MixItUp","floor":28.0},{"not_picked":["sneckomod:Rotation","sneckomod:UnknownStrength+1"],"picked":"sneckomod:Mudshield","floor":29.0},{"not_picked":[],"picked":"J.A.X.","floor":30.0},{"not_picked":["sneckomod:UnknownStrike+1","sneckomod:UnknownClassTHE_CHAMP_GRAY"],"picked":"sneckomod:UnknownStrength+1","floor":30.0}],"player_experience":402372,"relics_obtained":[{"floor":7.0,"key":"Pen Nib"},{"floor":9.0,"key":"MealTicket"},{"floor":12.0,"key":"Sozu"},{"floor":13.0,"key":"sneckomod:LoadedDie"},{"floor":14.0,"key":"Sozu"},{"floor":16.0,"key":"Pen Nib"},{"floor":20.0,"key":"Pen Nib"},{"floor":21.0,"key":"Pen Nib"},{"floor":23.0,"key":"Smiling Mask"},{"floor":23.0,"key":"Dream Catcher"},{"floor":23.0,"key":"Sozu"},{"floor":24.0,"key":"Lantern"},{"floor":26.0,"key":"Du-Vu Doll"},{"floor":26.0,"key":"Ice Cream"},{"floor":28.0,"key":"Sozu"},{"floor":30.0,"key":"MutagenicStrength"}],"event_choices":[{"damage_healed":0.0,"max_hp_gain":0.0,"max_hp_loss":0.0,"gold_gain":0.0,"event_name":"Upgrade Shrine","player_choice":"Upgraded","floor":11.0,"gold_loss":0.0,"damage_taken":0.0,"cards_upgraded":["sneckomod:DiceBoulder"]}],"is_beta":false,"boss_relics":[{"not_picked":["Ectoplasm","Runic Pyramid"],"picked":"Black Star"}],"items_purged_floors":[],"is_endless":false,"potions_floor_spawned":[4,9,12,13,16,26,29],"killed_by":"3 Cultists","ascension_level":10}}