{"host":"32dedufnxebqtmo3","time":1608174537,"event":{"mods":["AchievementEnabler","BaseMod","Better Third Choice","Card Filter","Colored Powertips","Defuse TimeMaze Blight","Downfall","GifTheSpireLib","Minty Spire (QoL Compilation)","Permanent Neow","Relic Filter","Relic Stats","Remove Card Discount Mod","Shop Mod","StSLib","The Cursed","Unceasing Turn Reminder"],"gold_per_floor":[99,109,109,109,139,45,71,71,21,48,45,73,102,48,59,59,59],"floor_reached":16,"playtime":1019,"items_purged":["Slimebound:Strike_Slimebound","Regret","Slimebound:Strike_Slimebound","Slimebound:Strike_Slimebound"],"score":108,"play_id":"2a1df7f3-95fc-44fd-9cff-6b5d0eb93c57","local_time":"20201216190857","is_ascension_mode":false,"campfire_choices":[{"data":"Slimebound:CorrosiveSpit","floor":1,"key":"SMITH"},{"floor":3,"key":"RECALL"},{"data":"Slimebound:Defend_Slimebound","floor":9,"key":"SMITH"}],"circlet_count":0,"master_deck":["Slimebound:Tackle","Slimebound:Defend_Slimebound+1","Slimebound:Defend_Slimebound+1","Slimebound:Defend_Slimebound","Slimebound:Defend_Slimebound","Slimebound:Split","Slimebound:CorrosiveSpit+1","Slimebound:RollThrough+1","Slimebound:GrowthPunch+1","Slimebound:SplitMire","Slimebound:ComboTackle","Slimebound:PressTheAttack","Slimebound:RollThrough","Slimebound:MinionMaster","Slimebound:PressTheAttack","Slimebound:ItLooksTasty","Slimebound:SamplingLick","Slimebound:SamplingLick"],"relics":["Slimebound:AbsorbEndCombat","WingedGreaves","Slimebound:GreedOozeRelic","MawBank"],"acts_visited":["Exordium"],"potions_floor_usage":[14],"damage_taken":[{"damage":4,"enemies":"Small Slimes","floor":2,"turns":3},{"damage":32,"enemies":"Gremlin Nob","floor":5,"turns":5},{"damage":15,"enemies":"downfall:FleeingMerchant","floor":6,"turns":4},{"damage":39,"enemies":"Lagavulin","floor":10,"turns":5},{"damage":13,"enemies":"downfall:FleeingMerchant","floor":11,"turns":4},{"damage":7,"enemies":"2 Louse","floor":12,"turns":2},{"damage":8,"enemies":"Jaw Worm","floor":13,"turns":2},{"damage":8,"enemies":"downfall:FleeingMerchant","floor":14,"turns":4},{"damage":6,"enemies":"Exordium Wildlife","floor":15,"turns":3},{"damage":65,"enemies":"downfall:Defect","floor":16,"turns":6}],"seed_played":"-7635346809096977744","potions_obtained":[{"floor":2,"key":"LiquidMemories"},{"floor":12,"key":"SkillPotion"},{"floor":15,"key":"champ:CounterPotion"}],"is_trial":false,"path_per_floor":["R","M","R","?","E","$","T","?","R","E","$","M","M","$","M","B"],"character_chosen":"SLIMEBOUND","items_purchased":["Slimebound:PressTheAttack","Slimebound:RollThrough","Slimebound:SamplingLick"],"campfire_rested":0,"item_purchase_floors":[6,6,14],"current_hp_per_floor":[60,60,60,60,38,39,39,39,39,20,29,30,34,46,50,0,0],"gold":59,"neow_bonus":"THREE_CARDS","is_daily":false,"chose_seed":false,"campfire_upgraded":2,"win_rate":0.0,"timestamp":1608174537,"path_taken":["R","M","R","?","E","$","T","?","R","E","?","M","M","$","M","BOSS"],"items_purchased_type":["Card","Card","Card"],"build_version":"2020-12-13","purchased_purges":4,"victory":false,"max_hp_per_floor":[60,60,60,60,60,60,60,60,60,60,60,60,60,60,60,60,60],"relic_stats":{"counters":[10,38],"MawBank":48,"obtain_stats":[{"Slimebound:GreedOozeRelic":8,"WingedGreaves":5,"Slimebound:AbsorbEndCombat":0,"MawBank":10},{"Slimebound:GreedOozeRelic":3,"WingedGreaves":2,"Slimebound:AbsorbEndCombat":0,"MawBank":4},{"Slimebound:GreedOozeRelic":12,"WingedGreaves":8,"Slimebound:AbsorbEndCombat":0,"MawBank":17}]},"card_choices":[{"not_picked":["Slimebound:LeadByExample","Slimebound:SamplingLick"],"picked":"Slimebound:RollThrough","floor":0},{"not_picked":["Slimebound:SlimeBarrage","Slimebound:Repurpose"],"picked":"Slimebound:GrowthPunch","floor":2},{"not_picked":["Slimebound:SamplingLick","Slimebound:SelfFormingGoo"],"picked":"Slimebound:SplitMire","floor":5},{"not_picked":["Slimebound:SplitLeeching","Slimebound:RainOfGoop"],"picked":"Slimebound:ComboTackle","floor":6},{"not_picked":["Slimebound:FlameTackle","Slimebound:BestDefense"],"picked":"Slimebound:MinionMaster","floor":10},{"not_picked":["Slimebound:RollThrough","Slimebound:SplitMire","Slimebound:SplitLeeching"],"picked":"SKIP","floor":11},{"not_picked":["Slimebound:SplitMire","Slimebound:SplitLeeching"],"picked":"Slimebound:PressTheAttack","floor":12},{"not_picked":["Slimebound:SlimeSpikes","Slimebound:SplitAcid"],"picked":"Slimebound:ItLooksTasty","floor":13},{"not_picked":["Slimebound:WasteNot","Slimebound:Dissolve","Slimebound:LeechEnergy"],"picked":"SKIP","floor":14},{"not_picked":["Slimebound:ProtectTheBoss","Slimebound:SplitAcid"],"picked":"Slimebound:SamplingLick","floor":15}],"player_experience":783008,"relics_obtained":[{"floor":5,"key":"WingedGreaves"},{"floor":10,"key":"MawBank"}],"event_choices":[],"is_beta":false,"boss_relics":[],"items_purged_floors":[6,6,6,6],"is_endless":false,"potions_floor_spawned":[2,12,15],"killed_by":"downfall:Defect","ascension_level":0}}