{"host":"f0gpob8hq9vgebej","time":1608190796,"event":{"mods":["AchievementEnabler","BaseMod","Googly Eyes","Minty Spire (QoL Compilation)","Quick Restart","SuperFastMode"],"gold_per_floor":[113,133,147,158,172,172,182,182,262,279,279,52,81,31,31,127,127,142,154,8,21,21,21,52,52,99,117,117,139,158,172,172,279,279,306,326,337,348,348,348,348,384,384,406,406,406],"floor_reached":45,"playtime":1317,"items_purged":["Defend_G"],"score":772,"play_id":"995b07d7-1b70-4e40-b093-d8052c8a0ad6","local_time":"20201217163956","is_ascension_mode":true,"campfire_choices":[{"data":"Phantasmal Killer","floor":6.0,"key":"SMITH"},{"floor":15.0,"key":"REST"},{"data":"After Image","floor":23.0,"key":"SMITH"},{"data":"Calculated Gamble","floor":25.0,"key":"SMITH"},{"data":"Bandage Up","floor":28.0,"key":"SMITH"},{"data":"Accuracy","floor":32.0,"key":"SMITH"},{"data":"Envenom","floor":40.0,"key":"SMITH"}],"circlet_count":0,"master_deck":["AscendersBane","Strike_G","Strike_G","Strike_G","Defend_G","Defend_G","Defend_G","Survivor","Neutralize","Phantasmal Killer+1","Accuracy+1","Acrobatics","Infinite Blades","Reflex","Bandage Up+1","Footwork+1","Blade Dance","After Image+1","Accuracy+1","Calculated Gamble+1","Blade Dance+1","Backflip+1","Blur+1","Envenom+1","Prepared+1","Well Laid Plans+1","PiercingWail+1"],"relics":["Ring of the Serpent","Pantograph","Toy Ornithopter","Membership Card","Thread and Needle","CeramicFish","Empty Cage","Smiling Mask","Frozen Egg 2"],"acts_visited":["Exordium","TheCity","TheBeyond"],"potions_floor_usage":[45],"damage_taken":[{"damage":3.0,"enemies":"Jaw Worm","floor":1.0,"turns":5.0},{"damage":5.0,"enemies":"Cultist","floor":2.0,"turns":4.0},{"damage":1.0,"enemies":"Small Slimes","floor":3.0,"turns":4.0},{"damage":5.0,"enemies":"Red Slaver","floor":4.0,"turns":6.0},{"damage":1.0,"enemies":"Lots of Slimes","floor":5.0,"turns":4.0},{"damage":5.0,"enemies":"Exordium Wildlife","floor":7.0,"turns":5.0},{"damage":7.0,"enemies":"3 Louse","floor":10.0,"turns":3.0},{"damage":30.0,"enemies":"3 Sentries","floor":13.0,"turns":9.0},{"damage":7.0,"enemies":"The Guardian","floor":16.0,"turns":9.0},{"damage":12.0,"enemies":"Chosen","floor":18.0,"turns":5.0},{"damage":17.0,"enemies":"3 Byrds","floor":19.0,"turns":7.0},{"damage":19.0,"enemies":"Snake Plant","floor":21.0,"turns":5.0},{"damage":56.0,"enemies":"Book of Stabbing","floor":24.0,"turns":7.0},{"damage":0.0,"enemies":"3 Cultists","floor":27.0,"turns":4.0},{"damage":11.0,"enemies":"Snecko","floor":29.0,"turns":6.0},{"damage":0.0,"enemies":"Chosen and Byrds","floor":30.0,"turns":4.0},{"damage":5.0,"enemies":"Shelled Parasite and Fungi","floor":31.0,"turns":5.0},{"damage":10.0,"enemies":"Champ","floor":33.0,"turns":7.0},{"damage":16.0,"enemies":"3 Darklings","floor":35.0,"turns":7.0},{"damage":8.0,"enemies":"3 Shapes","floor":36.0,"turns":4.0},{"damage":9.0,"enemies":"Maw","floor":37.0,"turns":6.0},{"damage":12.0,"enemies":"Sphere and 2 Shapes","floor":38.0,"turns":8.0},{"damage":0.0,"enemies":"Giant Head","floor":42.0,"turns":6.0},{"damage":27.0,"enemies":"3 Darklings","floor":44.0,"turns":6.0},{"damage":21,"enemies":"Transient","floor":45,"turns":3}],"seed_played":"-7543341747998868359","potions_obtained":[{"floor":3.0,"key":"Dexterity Potion"},{"floor":4.0,"key":"DistilledChaos"},{"floor":7.0,"key":"Block Potion"},{"floor":10.0,"key":"Regen Potion"},{"floor":16.0,"key":"SpeedPotion"},{"floor":24.0,"key":"Fire Potion"},{"floor":29.0,"key":"CultistPotion"},{"floor":31.0,"key":"BlessingOfTheForge"},{"floor":35.0,"key":"Fire Potion"},{"floor":37.0,"key":"LiquidBronze"},{"floor":38.0,"key":"Weak Potion"}],"is_trial":false,"path_per_floor":["M","M","M","M","M","R","M","?","T","M","?","$","E","$","R","B",null,"M","M","$","M","?","R","E","R","T","M","R","M","M","M","R","B",null,"M","M","M","M","?","R","?","E","T","M","M"],"character_chosen":"THE_SILENT","items_purchased":["Reflex","Bandage Up","Blade Dance","Membership Card"],"campfire_rested":1,"item_purchase_floors":[12,12,14,20],"current_hp_per_floor":[60,55,54,49,48,48,43,36,36,29,29,29,18,18,39,63,68,60,47,47,32,70,70,18,18,18,22,22,22,28,34,34,60,68,58,56,53,47,47,47,47,53,53,37,27,27],"gold":406,"neow_bonus":"ONE_RANDOM_RARE_CARD","is_daily":false,"chose_seed":false,"campfire_upgraded":6,"win_rate":0.0,"timestamp":1608190796,"path_taken":["M","M","M","M","M","R","M","?","T","M","?","?","E","$","R","BOSS","M","M","?","M","?","R","E","R","T","M","R","?","M","M","R","BOSS","M","M","?","M","?","R","?","E","T","?","M"],"items_purchased_type":["Card","Card","Card","Relic"],"build_version":"2020-12-13","purchased_purges":1,"victory":false,"max_hp_per_floor":[70,70,70,70,70,70,70,70,70,70,70,70,70,70,70,70,70,70,70,70,70,70,70,70,70,70,70,70,70,70,70,70,70,70,70,70,70,70,70,70,70,70,70,70,70,70],"card_choices":[{"not_picked":["Dagger Spray","Skewer"],"picked":"Backstab","floor":1.0},{"not_picked":["Dagger Spray","Bouncing Flask"],"picked":"Accuracy","floor":2.0},{"not_picked":["Dodge and Roll","Expertise","Eviscerate"],"picked":"SKIP","floor":3.0},{"not_picked":["Slice","Eviscerate"],"picked":"Acrobatics","floor":4.0},{"not_picked":["Choke","Well Laid Plans"],"picked":"Infinite Blades","floor":5.0},{"not_picked":["Infinite Blades","Flying Knee","Deadly Poison"],"picked":"SKIP","floor":7.0},{"not_picked":["All Out Attack","Accuracy","Quick Slash"],"picked":"SKIP","floor":10.0},{"not_picked":["Underhanded Strike","Dash"],"picked":"Footwork","floor":13.0},{"not_picked":["Unload","Burst"],"picked":"After Image","floor":16.0},{"not_picked":["Dodge and Roll","All Out Attack"],"picked":"Accuracy+1","floor":18.0},{"not_picked":["Eviscerate","Expertise+1","Deadly Poison+1"],"picked":"SKIP","floor":19.0},{"not_picked":["Dagger Throw","Leg Sweep+1"],"picked":"Calculated Gamble","floor":21.0},{"not_picked":["Calculated Gamble+1","Choke"],"picked":"Blade Dance+1","floor":24.0},{"not_picked":["Outmaneuver+1","Dagger Throw","Flying Knee"],"picked":"SKIP","floor":27.0},{"not_picked":["Deadly Poison","Deflect"],"picked":"Backflip+1","floor":29.0},{"not_picked":["Reflex","Expertise"],"picked":"Blur+1","floor":30.0},{"not_picked":["Expertise","All Out Attack","Predator"],"picked":"SKIP","floor":31.0},{"not_picked":["Grand Finale","After Image"],"picked":"Envenom","floor":33.0},{"not_picked":["Endless Agony","Blur"],"picked":"Prepared+1","floor":35.0},{"not_picked":["Masterful Stab+1","Outmaneuver+1","Endless Agony+1"],"picked":"SKIP","floor":36.0},{"not_picked":["Catalyst+1","Flying Knee","Blade Dance"],"picked":"SKIP","floor":37.0},{"not_picked":["Acrobatics+1","Underhanded Strike+1","Bane"],"picked":"SKIP","floor":38.0},{"not_picked":["Cloak And Dagger+1","Die Die Die"],"picked":"Well Laid Plans+1","floor":42.0},{"not_picked":["Outmaneuver+1","Calculated Gamble+1"],"picked":"PiercingWail+1","floor":44.0}],"player_experience":170577,"relics_obtained":[{"floor":9.0,"key":"Pantograph"},{"floor":13.0,"key":"Toy Ornithopter"},{"floor":24.0,"key":"Thread and Needle"},{"floor":26.0,"key":"CeramicFish"},{"floor":42.0,"key":"Smiling Mask"},{"floor":43.0,"key":"Frozen Egg 2"}],"event_choices":[{"cards_removed":["Strike_G"],"damage_healed":0.0,"max_hp_gain":0.0,"max_hp_loss":0.0,"gold_gain":0.0,"event_name":"Golden Wing","player_choice":"Card Removal","floor":8.0,"gold_loss":0.0,"damage_taken":7.0},{"damage_healed":0.0,"max_hp_gain":0.0,"max_hp_loss":0.0,"gold_gain":0.0,"event_name":"Golden Idol","player_choice":"Ignored","floor":11.0,"gold_loss":0.0,"damage_taken":0.0},{"cards_removed":["Backstab"],"damage_healed":38.0,"max_hp_gain":0.0,"max_hp_loss":0.0,"gold_gain":0.0,"event_name":"Bonfire Elementals","player_choice":"Offered Uncommon","floor":22.0,"gold_loss":0.0,"damage_taken":0.0},{"damage_healed":0.0,"max_hp_gain":0.0,"max_hp_loss":0.0,"gold_gain":0.0,"event_name":"Tomb of Lord Red Mask","player_choice":"Ignored","floor":39.0,"gold_loss":0.0,"damage_taken":0.0},{"damage_healed":0.0,"max_hp_gain":0.0,"max_hp_loss":0.0,"gold_gain":0.0,"event_name":"Upgrade Shrine","player_choice":"Upgraded","floor":41.0,"gold_loss":0.0,"damage_taken":0.0,"cards_upgraded":["Footwork"]}],"is_beta":false,"boss_relics":[{"not_picked":["Runic Dome","Tiny House"],"picked":"Ring of the Serpent"},{"not_picked":["Busted Crown","SlaversCollar"],"picked":"Empty Cage"}],"items_purged_floors":[12],"is_endless":false,"potions_floor_spawned":[3,4,7,10,16,24,27,29,31,35,37,38],"killed_by":"Transient","ascension_level":11}}