{"host":"bxn2em57qlx5u4i0","time":1608178306,"event":{"mods":["BaseMod","Colored Map","Colored Powertips","Highlight Path","Minty Spire (QoL Compilation)","Random Character Button","Relic Sorter","Relic Stats","StSLib","SuperFastMode"],"gold_per_floor":[117,167,3,53,72,104,121,150,226,226,226],"floor_reached":10,"playtime":248,"items_purged":[],"score":202,"play_id":"fbeb025f-a8f5-4422-82d6-9827d535f4fa","local_time":"20201216231146","is_ascension_mode":true,"campfire_choices":[],"circlet_count":0,"master_deck":["AscendersBane","Strike_G","Strike_G","Strike_G","Strike_G","Strike_G","Defend_G+1","Defend_G","Defend_G","Defend_G","Defend_G","Survivor+1","Neutralize","Leg Sweep","Skewer","Bullet Time","Dagger Spray","Deadly Poison"],"relics":["Ring of the Snake","NeowsBlessing","Sling","Calipers","War Paint","Question Card"],"acts_visited":["Exordium"],"potions_floor_usage":[10,10],"damage_taken":[{"damage":0.0,"enemies":"Cultist","floor":1.0,"turns":1.0},{"damage":0.0,"enemies":"2 Louse","floor":5.0,"turns":1.0},{"damage":0.0,"enemies":"3 Sentries","floor":6.0,"turns":2.0},{"damage":9,"enemies":"Jaw Worm","floor":7,"turns":7},{"damage":41,"enemies":"Lagavulin","floor":8,"turns":8},{"damage":10,"enemies":"3 Sentries","floor":10,"turns":6}],"seed_played":"4795868315664733110","potions_obtained":[{"floor":7,"key":"GhostInAJar"},{"floor":8,"key":"SpeedPotion"}],"is_trial":false,"path_per_floor":["M","?","$","?","M","E","M","E","T","E"],"character_chosen":"THE_SILENT","items_purchased":["Sling"],"campfire_rested":0,"item_purchase_floors":[3],"current_hp_per_floor":[59,53,53,53,53,53,44,3,3,0,0],"gold":226,"neow_bonus":"THREE_ENEMY_KILL","is_daily":false,"chose_seed":false,"campfire_upgraded":0,"win_rate":0.0,"timestamp":1608178306,"path_taken":["M","?","?","?","?","E","M","E","T","E"],"items_purchased_type":["Relic"],"build_version":"2020-12-13","purchased_purges":0,"victory":false,"max_hp_per_floor":[66,66,66,66,66,66,66,66,66,66,66],"relic_stats":{"counters":[6,25],"War Paint":["Defend_G","Survivor"],"Question Card":0,"obtain_stats":[{"Calipers":6,"NeowsBlessing":0,"War Paint":8,"Sling":3,"Question Card":9,"Ring of the Snake":0},{"Calipers":3,"NeowsBlessing":0,"War Paint":5,"Sling":1,"Question Card":5,"Ring of the Snake":0},{"Calipers":4,"NeowsBlessing":0,"War Paint":19,"Sling":1,"Question Card":19,"Ring of the Snake":0}],"Ring of the Snake":[12]},"card_choices":[{"not_picked":["Outmaneuver","Acrobatics"],"picked":"Leg Sweep","floor":1.0},{"not_picked":["Catalyst","Distraction"],"picked":"Skewer","floor":5.0},{"not_picked":["Catalyst","Acrobatics"],"picked":"Bullet Time","floor":6.0},{"not_picked":["PiercingWail","Masterful Stab"],"picked":"Dagger Spray","floor":7},{"not_picked":["Acrobatics","Concentrate"],"picked":"Deadly Poison","floor":8}],"player_experience":2800339,"relics_obtained":[{"floor":6.0,"key":"Calipers"},{"floor":8,"key":"War Paint"},{"floor":9,"key":"Question Card"}],"event_choices":[{"damage_healed":0.0,"max_hp_gain":0.0,"max_hp_loss":0.0,"gold_gain":50.0,"event_name":"FaceTrader","player_choice":"Touch","floor":2.0,"gold_loss":0.0,"damage_taken":6.0},{"damage_healed":0.0,"max_hp_gain":0.0,"max_hp_loss":0.0,"gold_gain":50.0,"event_name":"Golden Shrine","player_choice":"Pray","floor":4.0,"gold_loss":0.0,"damage_taken":0.0}],"is_beta":false,"boss_relics":[],"items_purged_floors":[],"is_endless":false,"potions_floor_spawned":[7,8],"killed_by":"3 Sentries","ascension_level":20}}