{"host":"4pmzrw6j7p9u06vv","time":1608172352,"event":{"mods":["BaseMod","BetterRewards","Downfall","Hermit","MarisaÅiñ∂âJÅ@ñÇóùçπÅj","Minty Spire (QoL Compilation)","Replay The Spire","StSLib","The Jungle"],"gold_per_floor":[254,254,268,282,299,299,299,299,325,351,398,412,123,142,142,244,294,305,130,130,130,142,142,172,182,182,235,255,265,9,27,27,27,27],"floor_reached":33,"playtime":4402,"items_purged":["hermit:Strike_Hermit"],"score":294,"play_id":"9566beae-e632-4307-a55c-307fe1520dfe","local_time":"20201216233232","is_ascension_mode":false,"campfire_choices":[{"floor":6,"key":"REST"},{"floor":8,"key":"RECALL"},{"data":"hermit:Snapshot","floor":15,"key":"SMITH"},{"data":"hermit:FromBeyond","floor":23,"key":"SMITH"},{"floor":32,"key":"REST"}],"circlet_count":0,"master_deck":["hermit:Strike_Hermit","hermit:Strike_Hermit+1","hermit:Strike_Hermit+1","hermit:Defend_Hermit","hermit:Defend_Hermit","hermit:Defend_Hermit","hermit:Defend_Hermit","hermit:Snapshot+1","hermit:Covet","hermit:FromBeyond+1","hermit:GhostlyPresence","hermit:Misfire","hermit:ShadowCloak","hermit:FinalCanter+1","Shame","hermit:Quickdraw"],"relics":["hermit:Momento","Replay:Mystery Machine","Blood Vial","Tiny Chest","Boot","Vajra","Whetstone","Tiny House","theJungle:ShellPeas","theJungle:WildPear","theJungle:PaperFaux","PreservedInsect","Bottled Lightning","Lantern","Mercury Hourglass"],"acts_visited":["Exordium","theJungle:Jungle"],"potions_floor_usage":[16,16,33,33,33],"damage_taken":[{"damage":6,"enemies":"Cultist","floor":1,"turns":3},{"damage":6,"enemies":"Jaw Worm","floor":3,"turns":4},{"damage":0,"enemies":"Small Slimes","floor":4,"turns":4},{"damage":0,"enemies":"Looter","floor":5,"turns":3},{"damage":42,"enemies":"3 Sentries","floor":10,"turns":10},{"damage":2,"enemies":"Large Slime","floor":12,"turns":8},{"damage":8,"enemies":"Gremlin Gang","floor":14,"turns":5},{"damage":18,"enemies":"Hexaghost","floor":16,"turns":10},{"damage":12,"enemies":"Shell Parasite","floor":18,"turns":5},{"damage":6,"enemies":"theJungle:Flameango_and_Byrd","floor":22,"turns":6},{"damage":40,"enemies":"theJungle:MamaSnecko","floor":24,"turns":13},{"damage":32,"enemies":"theJungle:2_Snecko_Cultists","floor":25,"turns":7},{"damage":1,"enemies":"theJungle:JungleHuntersEncounter","floor":28,"turns":6},{"damage":8,"enemies":"Snake Plant","floor":29,"turns":4},{"damage":3,"enemies":"theJungle:Snecko_Cultist_And_Trap","floor":31,"turns":4},{"damage":36,"enemies":"theJungle:QueenSpyder","floor":33,"turns":13}],"seed_played":"4213067860518196323","potions_obtained":[{"floor":2,"key":"Ancient Potion"},{"floor":2,"key":"LiquidBronze"},{"floor":4,"key":"Regen Potion"},{"floor":17,"key":"BlessingOfTheForge"},{"floor":29,"key":"Elixir"},{"floor":31,"key":"Death Potion"}],"is_trial":false,"path_per_floor":["M","?","M","M","M","R","?","R","T","E","T","M","$","M","R","B",null,"M","?","?","?","M","R","E","M","T","T","M","M","$","M","R","B"],"character_chosen":"HERMIT","items_purchased":["ColorlessPotion","Replay:Mystery Machine","Blood Vial","Tiny Chest","Whetstone","hermit:ShadowCloak","Mercury Hourglass"],"campfire_rested":2,"item_purchase_floors":[0,0,0,0,13,13,30],"current_hp_per_floor":[36,36,32,34,36,58,63,63,63,23,23,23,23,17,17,16,85,73,73,83,83,79,79,41,11,11,11,12,6,6,5,33,0,0],"gold":27,"neow_bonus":"","is_daily":false,"chose_seed":false,"campfire_upgraded":2,"win_rate":0.0,"timestamp":1608172352,"path_taken":["M","?","M","?","M","R","?","R","T","E","?","M","$","M","R","BOSS","M","?","?","?","M","R","E","M","T","?","M","?","?","M","R","BOSS"],"items_purchased_type":["Potion","Relic","Relic","Relic","Relic","Card","Relic"],"build_version":"2020-12-13","purchased_purges":1,"victory":false,"max_hp_per_floor":[75,75,75,75,75,75,80,80,80,80,80,80,80,80,80,80,85,85,85,95,95,95,95,95,95,95,95,95,95,95,95,95,95,95],"card_choices":[{"not_picked":["hermit:SprayPray","hermit:CalledShot","hermit:Desperado"],"picked":"SKIP","floor":1},{"not_picked":["hermit:ItchyTrigger","hermit:Feint","hermit:LowProfile"],"picked":"SKIP","floor":3},{"not_picked":["hermit:Virtue","hermit:Feint"],"picked":"hermit:FromBeyond","floor":4},{"not_picked":["hermit:BigShot","hermit:GoldenBullet","hermit:CalledShot"],"picked":"SKIP","floor":5},{"not_picked":["hermit:Virtue","hermit:BodyArmor"],"picked":"hermit:GhostlyPresence","floor":10},{"not_picked":["hermit:SprayPray","hermit:Enervate"],"picked":"hermit:Misfire","floor":12},{"not_picked":["hermit:Cheat","hermit:Brawl","hermit:Malice"],"picked":"SKIP","floor":14},{"not_picked":["hermit:OverwhelmingPower","hermit:FromBeyond"],"picked":"hermit:FinalCanter","floor":16},{"not_picked":["hermit:Grudge+1","hermit:FullyLoaded+1","hermit:Coalescence"],"picked":"SKIP","floor":18},{"not_picked":["hermit:Showdown","hermit:Headshot","hermit:BodyArmor"],"picked":"SKIP","floor":22},{"not_picked":["hermit:CursedWeapon","hermit:PistolWhip","hermit:Reprieve"],"picked":"SKIP","floor":24},{"not_picked":["hermit:SprayPray","hermit:LoneWolf","hermit:Misfire+1"],"picked":"SKIP","floor":25},{"not_picked":["hermit:ItchyTrigger+1","hermit:Gestalt+1","hermit:Headshot+1"],"picked":"SKIP","floor":28},{"not_picked":["hermit:LuckOfTheDraw","hermit:Feint"],"picked":"hermit:Quickdraw","floor":29},{"not_picked":["hermit:Cheat","hermit:HoleUp","hermit:LoneWolf"],"picked":"SKIP","floor":31}],"player_experience":40102,"relics_obtained":[{"floor":10,"key":"Boot"},{"floor":11,"key":"Vajra"},{"floor":24,"key":"PreservedInsect"},{"floor":26,"key":"Bottled Lightning"},{"floor":27,"key":"Lantern"}],"event_choices":[{"damage_healed":0,"gold_gain":0,"player_choice":"Got Potions","damage_taken":0,"max_hp_gain":0,"max_hp_loss":0,"event_name":"Lab","floor":2,"gold_loss":0},{"damage_healed":0,"gold_gain":0,"player_choice":"Donut","damage_taken":0,"max_hp_gain":5,"max_hp_loss":0,"event_name":"Big Fish","floor":7,"gold_loss":0}],"is_beta":false,"boss_relics":[{"not_picked":["Velvet Choker","Painkiller Herb"],"picked":"Tiny House"}],"items_purged_floors":[13],"is_endless":false,"potions_floor_spawned":[3,4,5,10,29,31],"killed_by":"theJungle:QueenSpyder","ascension_level":0}}