{"host":"r0ye8pdzuq6zwfvs","time":1608189931,"event":{"mods":["AchievementEnabler","BaseMod","BetterRewards","CapriCore","Card Forge","Colored Map","Colored Powertips","Custom Start","DeckTracker","Luminous","Minty Spire (QoL Compilation)","Permanent Neow","Prisma Mod","Quick Restart","Relic Stats","Robot Space Explorer","Shop Mod","Spicy Shops","StSLib","SuperFastMode","Swap Starting Deck Mod","The Alterego","The Immortal","Uncapped"],"gold_per_floor":[112,128,128,228,241,275,275,309,309,309,325,353,370,384,384,489,489,504,522,540,550,566,592,81,101,101,120,130,164,179,190,190,295,295,306,324,336,346,396,424,424,451,475,488,501,513,361,374,374,374,374,374,101,127,127],"floor_reached":56,"playtime":9083,"items_purged":[],"score":1508,"play_id":"1bbd57c4-02b9-4469-8e9c-61c1bf736206","local_time":"20201217002531","is_ascension_mode":false,"campfire_choices":[{"floor":7,"key":"RECALL"},{"floor":10,"key":"REST"},{"floor":15,"key":"REST"},{"floor":32,"key":"REST"},{"floor":49,"key":"REST"},{"floor":52,"key":"REST"}],"circlet_count":0,"master_deck":["alterego_mod:RocketPunch+1","alterego_mod:Pet+1","alterego_mod:Nekomimi+1","alterego_mod:IndependentAction+1","alterego_mod:DiscoLights+1","alterego_mod:BigMeatyClaws+1","alterego_mod:RocketPunch+1","alterego_mod:Pet+1","alterego_mod:Palingenesis+7","alterego_mod:IndependentAction+1","alterego_mod:BigMeatyClaws+1","alterego_mod:Birthday+1","alterego_mod:RocketPunch+1","alterego_mod:Pet+1","alterego_mod:BigMeatyClaws+1","alterego_mod:BustOut+1","alterego_mod:DiscoLights+1","alterego_mod:Support+1","alterego_mod:Punishment+1","alterego_mod:RidiculouslyBig+1","alterego_mod:TrickOrTreatment+1"],"relics":["alterego_mod:MasochisticConstitution","Hammer of Thor","Seething Fire","Anvil of the Gods","NeowsBlessing","Regal Pillow","Calipers","Bottled Tornado","Nunchaku","Busted Crown","Gremlin Horn","Kunai","Omamori","Runic Pyramid","Unceasing Top","Bird Faced Urn","Vajra","Blood Vial","alterego_mod:SistersRibbon","Ice Cream","ClockworkSouvenir","Sundial"],"acts_visited":["Exordium","TheCity","TheBeyond","TheEnding"],"potions_floor_usage":[55],"damage_taken":[{"damage":0,"enemies":"Jaw Worm","floor":1,"turns":1},{"damage":0,"enemies":"Cultist","floor":2,"turns":1},{"damage":0,"enemies":"Small Slimes","floor":5,"turns":1},{"damage":16,"enemies":"3 Sentries","floor":6,"turns":4},{"damage":11,"enemies":"Lagavulin","floor":8,"turns":5},{"damage":13,"enemies":"Gremlin Gang","floor":11,"turns":6},{"damage":8,"enemies":"3 Sentries","floor":12,"turns":4},{"damage":0,"enemies":"Lots of Slimes","floor":13,"turns":2},{"damage":0,"enemies":"Exordium Wildlife","floor":14,"turns":4},{"damage":0,"enemies":"The Guardian","floor":16,"turns":7},{"damage":0,"enemies":"Shell Parasite","floor":18,"turns":4},{"damage":0,"enemies":"3 Byrds","floor":19,"turns":5},{"damage":9,"enemies":"Snake Plant","floor":20,"turns":4},{"damage":0,"enemies":"Centurion and Healer","floor":21,"turns":4},{"damage":0,"enemies":"3 Cultists","floor":22,"turns":4},{"damage":32,"enemies":"Slavers","floor":23,"turns":6},{"damage":8,"enemies":"Snake Plant","floor":25,"turns":4},{"damage":18,"enemies":"Centurion and Healer","floor":27,"turns":4},{"damage":8,"enemies":"Shelled Parasite and Fungi","floor":28,"turns":3},{"damage":6,"enemies":"Gremlin Leader","floor":29,"turns":4},{"damage":0,"enemies":"Cultist and Chosen","floor":30,"turns":5},{"damage":8,"enemies":"Chosen and Byrds","floor":31,"turns":3},{"damage":0,"enemies":"Automaton","floor":33,"turns":5},{"damage":8,"enemies":"Orb Walker","floor":35,"turns":3},{"damage":0,"enemies":"3 Shapes","floor":36,"turns":4},{"damage":0,"enemies":"Jaw Worm Horde","floor":37,"turns":4},{"damage":2,"enemies":"Sphere and 2 Shapes","floor":38,"turns":3},{"damage":0,"enemies":"Mind Bloom Boss Battle","floor":39,"turns":4},{"damage":11,"enemies":"Giant Head","floor":40,"turns":4},{"damage":7,"enemies":"Reptomancer","floor":42,"turns":3},{"damage":4,"enemies":"Maw","floor":44,"turns":4},{"damage":0,"enemies":"Spire Growth","floor":45,"turns":3},{"damage":9,"enemies":"Jaw Worm Horde","floor":46,"turns":3},{"damage":3,"enemies":"Sphere and 2 Shapes","floor":48,"turns":4},{"damage":18,"enemies":"Donu and Deca","floor":50,"turns":5},{"damage":8,"enemies":"Shield and Spear","floor":54,"turns":4},{"damage":22,"enemies":"The Heart","floor":55,"turns":6}],"seed_played":"-4674388978582076953","potions_obtained":[{"floor":5,"key":"DistilledChaos"},{"floor":6,"key":"LiquidMemories"},{"floor":8,"key":"Weak Potion"},{"floor":31,"key":"FairyPotion"}],"is_trial":false,"path_per_floor":["M","M","?","?","M","E","R","E","T","R","M","E","M","M","R","B",null,"M","M","M","M","M","E","$","M","T","M","M","E","M","M","R","B",null,"M","M","M","M","?","E","?","E","T","M","M","M","$","M","R","B",null,"R","$","E","B",null],"character_chosen":"The_Alterego","items_purchased":["Gremlin Horn","Kunai","alterego_mod:SistersRibbon","Ice Cream","ClockworkSouvenir"],"campfire_rested":5,"item_purchase_floors":[24,24,47,53,53],"current_hp_per_floor":[70,70,75,75,75,63,63,56,56,77,77,79,79,79,79,79,79,79,79,74,77,80,81,81,77,77,83,84,82,85,86,86,86,86,87,87,87,88,88,89,89,90,90,91,91,92,92,93,93,94,94,94,94,95,87],"gold":127,"neow_bonus":"THREE_ENEMY_KILL","is_daily":false,"chose_seed":false,"campfire_upgraded":0,"win_rate":0.0,"timestamp":1608189931,"path_taken":["M","M","?","?","?","E","R","E","T","R","M","E","M","M","R","BOSS","M","M","M","M","M","E","$","M","T","M","M","E","M","M","R","BOSS","M","M","M","M","?","E","?","E","T","M","M","M","$","M","R","BOSS","R","$","E","BOSS"],"items_purchased_type":["Relic","Relic","Relic","Relic","Relic"],"build_version":"2020-12-13","purchased_purges":0,"victory":true,"max_hp_per_floor":[70,70,75,75,75,76,76,77,77,77,78,79,79,79,79,79,79,79,79,80,80,80,81,81,82,82,83,84,85,85,86,86,86,86,87,87,87,88,88,89,89,90,90,91,91,92,92,93,93,94,94,94,94,95,96],"relic_stats":{"Blood Vial":0,"Regal Pillow":0,"Nunchaku":[105],"Busted Crown":50,"Gremlin Horn":[25,25],"counters":[37,144],"Sundial":[0],"Bird Faced Urn":[45],"Kunai":[206],"obtain_stats":[{"Ice Cream":53,"alterego_mod:MasochisticConstitution":0,"Regal Pillow":6,"Calipers":8,"NeowsBlessing":0,"Gremlin Horn":24,"Vajra":42,"Hammer of Thor":0,"Omamori":29,"Seething Fire":0,"Bottled Tornado":9,"ClockworkSouvenir":53,"Blood Vial":43,"Nunchaku":12,"Busted Crown":17,"Anvil of the Gods":0,"Sundial":54,"Bird Faced Urn":40,"Kunai":24,"alterego_mod:SistersRibbon":47,"Unceasing Top":39,"Runic Pyramid":34},{"Ice Cream":35,"alterego_mod:MasochisticConstitution":0,"Regal Pillow":4,"Calipers":5,"NeowsBlessing":0,"Gremlin Horn":16,"Vajra":30,"Hammer of Thor":0,"Omamori":20,"Seething Fire":0,"Bottled Tornado":5,"ClockworkSouvenir":35,"Blood Vial":30,"Nunchaku":7,"Busted Crown":10,"Anvil of the Gods":0,"Sundial":36,"Bird Faced Urn":29,"Kunai":16,"alterego_mod:SistersRibbon":33,"Unceasing Top":28,"Runic Pyramid":23},{"Ice Cream":134,"alterego_mod:MasochisticConstitution":0,"Regal Pillow":7,"Calipers":12,"NeowsBlessing":0,"Gremlin Horn":62,"Vajra":115,"Hammer of Thor":0,"Omamori":77,"Seething Fire":0,"Bottled Tornado":12,"ClockworkSouvenir":134,"Blood Vial":115,"Nunchaku":22,"Busted Crown":35,"Anvil of the Gods":0,"Sundial":138,"Bird Faced Urn":112,"Kunai":62,"alterego_mod:SistersRibbon":125,"Unceasing Top":108,"Runic Pyramid":90}],"Unceasing Top":[3]},"card_choices":[{"not_picked":["alterego_mod:Jiggle","alterego_mod:BeGentle","alterego_mod:Bounce"],"picked":"SKIP","floor":1},{"not_picked":["alterego_mod:MaintainEyeContact","alterego_mod:Clap","alterego_mod:BeGentle"],"picked":"SKIP","floor":2},{"not_picked":["alterego_mod:BiFurious","alterego_mod:PerceptionDisorder","alterego_mod:DestructionOfProperty"],"picked":"SKIP","floor":5},{"not_picked":["alterego_mod:Rip","alterego_mod:BiFurious","alterego_mod:Clones"],"picked":"SKIP","floor":6},{"not_picked":["alterego_mod:Cooking","alterego_mod:MaintainEyeContact","alterego_mod:Stockings"],"picked":"SKIP","floor":8},{"not_picked":["alterego_mod:Venus","alterego_mod:PresenceConcealment","alterego_mod:MaintainEyeContact"],"picked":"SKIP","floor":11},{"not_picked":["alterego_mod:DeftHands","alterego_mod:Punishment","alterego_mod:Maid"],"picked":"SKIP","floor":12},{"not_picked":["alterego_mod:Mirror","alterego_mod:RingBreak","alterego_mod:TrashNCrash"],"picked":"SKIP","floor":13},{"not_picked":["alterego_mod:DiscoLights","alterego_mod:Collar","alterego_mod:Maid"],"picked":"SKIP","floor":14},{"not_picked":["alterego_mod:Jiggle"],"picked":"SKIP","floor":18},{"not_picked":["alterego_mod:BiFurious"],"picked":"SKIP","floor":19},{"not_picked":["alterego_mod:BusterCard"],"picked":"SKIP","floor":20},{"not_picked":["alterego_mod:TrashNCrash"],"picked":"SKIP","floor":21},{"not_picked":["alterego_mod:Punishment"],"picked":"SKIP","floor":22},{"not_picked":["alterego_mod:BiFurious+1"],"picked":"SKIP","floor":23},{"not_picked":["alterego_mod:Cycle"],"picked":"SKIP","floor":25},{"not_picked":["alterego_mod:BiFurious"],"picked":"SKIP","floor":27},{"not_picked":["alterego_mod:Exercise"],"picked":"SKIP","floor":28},{"not_picked":["alterego_mod:ClassAdvantage"],"picked":"SKIP","floor":29},{"not_picked":["alterego_mod:DiscoLights"],"picked":"SKIP","floor":30},{"not_picked":["alterego_mod:Undulate"],"picked":"SKIP","floor":31},{"not_picked":["alterego_mod:GoddessCore+1"],"picked":"SKIP","floor":35},{"not_picked":["alterego_mod:Mirror"],"picked":"SKIP","floor":36},{"not_picked":["alterego_mod:HighServant"],"picked":"SKIP","floor":37},{"not_picked":["alterego_mod:Clones"],"picked":"SKIP","floor":38},{"not_picked":["alterego_mod:Cooking"],"picked":"SKIP","floor":40},{"not_picked":["alterego_mod:Bounce"],"picked":"SKIP","floor":42},{"not_picked":["alterego_mod:TrashNCrash+1"],"picked":"SKIP","floor":44},{"not_picked":["alterego_mod:DestructionOfProperty+1"],"picked":"SKIP","floor":45},{"not_picked":["alterego_mod:PresenceConcealment"],"picked":"SKIP","floor":46},{"not_picked":["alterego_mod:1TonWallop"],"picked":"SKIP","floor":48},{"not_picked":["alterego_mod:PresenceConcealment+1"],"picked":"SKIP","floor":54}],"player_experience":185738,"relics_obtained":[{"floor":6,"key":"Regal Pillow"},{"floor":8,"key":"Calipers"},{"floor":9,"key":"Bottled Tornado"},{"floor":12,"key":"Nunchaku"},{"floor":29,"key":"Omamori"},{"floor":39,"key":"Unceasing Top"},{"floor":40,"key":"Bird Faced Urn"},{"floor":42,"key":"Vajra"},{"floor":43,"key":"Blood Vial"},{"floor":54,"key":"Sundial"}],"event_choices":[{"damage_healed":0,"gold_gain":0,"player_choice":"Donut","damage_taken":0,"max_hp_gain":5,"max_hp_loss":0,"event_name":"Big Fish","floor":3,"gold_loss":0},{"damage_healed":0,"gold_gain":100,"player_choice":"Pray","damage_taken":0,"max_hp_gain":0,"max_hp_loss":0,"event_name":"Golden Shrine","floor":4,"gold_loss":0},{"damage_healed":0,"gold_gain":0,"player_choice":"Fight","damage_taken":0,"max_hp_gain":0,"max_hp_loss":0,"event_name":"MindBloom","floor":39,"gold_loss":0},{"damage_healed":0,"gold_gain":0,"player_choice":"Ignored","damage_taken":0,"max_hp_gain":0,"max_hp_loss":0,"event_name":"Transmorgrifier","floor":41,"gold_loss":0}],"is_beta":false,"boss_relics":[{"not_picked":["Astrolabe","SacredBark"],"picked":"Busted Crown"},{"not_picked":["Pandora\u0027s Box","Runic Dome"],"picked":"Runic Pyramid"}],"items_purged_floors":[],"is_endless":false,"potions_floor_spawned":[5,6,8,11,13,18,19,21,22,25,28,31,35,40,42,44,45,48],"ascension_level":0}}