{"host":"oeddu058k4r8wzo0","time":1608192255,"event":{"mods":["Aspiration","BaseMod","Better Third Choice","BetterRewards","Colored Map","Colored Powertips","Conspire","Highlight Path","Hubris","Mimic Mod","Minty Spire (QoL Compilation)","Quick Restart","Replay The Spire","StSLib","Wandering Minibosses"],"gold_per_floor":[118,48,48,59,17,17,29,29,29,29,45,94,108,135,135,237,237,254,254,286,297,27,27,77,309,335,448,448,592,517,552,552],"floor_reached":31,"playtime":1560,"items_purged":[],"score":407,"play_id":"1dcc876e-1ea4-4a1a-97ab-fe7cc6db85a5","local_time":"20201217000415","daily_mods":["Heirloom","Uncertain Future"],"is_ascension_mode":false,"campfire_choices":[{"data":"Echo Form","floor":6,"key":"SMITH"},{"data":"DevaForm","floor":8,"key":"SMITH"},{"floor":15,"key":"REST"},{"floor":23,"key":"REST"},{"floor":28,"key":"REST"}],"circlet_count":0,"master_deck":["Demon Form","Wraith Form v2","Echo Form+1","DevaForm+1","Strike_G","Strike_G","Strike_G","Strike_G","Strike_G+1","Defend_G","Defend_G","Defend_G","Defend_G","Survivor+1","Neutralize","Reflex","Backstab","Dagger Throw","Poisoned Stab","Infinite Blades+1","Riddle With Holes","ReplayTheSpireMod:From All Sides","Tactician+1","Dash","Replay:Poison Smokescreen","hubris:Sniper","Normality","Sickly","hubris:TrickCloak+1","hubris:SlightOfHand+1","conspire:NecroticWound","Terror","hubris:Despair"],"relics":["Ring of the Snake","Gambling Chip","betterThird:SlimedRelic","hubris:MedicalManual","aspiration:HiddenCompartment","aspiration:RandomNobGenerator","Gremlin Food","ReplayTheSpireMod:Ring of Collecting","Ring of Greed","Replay:Bandana","Tiny Chest","Bronze Scales","hubris:AstralHammer"],"acts_visited":["Exordium","TheCity"],"potions_floor_usage":[12,12,12,27,29],"damage_taken":[{"damage":8,"enemies":"Jaw Worm","floor":1,"turns":6},{"damage":0,"enemies":"Small Slimes","floor":4,"turns":5},{"damage":3,"enemies":"conspire:RoseBush","floor":7,"turns":4},{"damage":0,"enemies":"Exordium Wildlife","floor":11,"turns":2},{"damage":0,"enemies":"Looter","floor":12,"turns":5},{"damage":6,"enemies":"Blue Slaver","floor":13,"turns":5},{"damage":9,"enemies":"Replay:BlueRogue","floor":14,"turns":6},{"damage":0,"enemies":"Slime Boss","floor":16,"turns":5},{"damage":26,"enemies":"Chosen","floor":18,"turns":5},{"damage":10,"enemies":"Spheric Guardian","floor":20,"turns":5},{"damage":6,"enemies":"Snecko","floor":21,"turns":5},{"damage":12,"enemies":"Chosen and Byrds","floor":25,"turns":8},{"damage":19,"enemies":"Snake Plant","floor":27,"turns":5},{"damage":35,"enemies":"Slavers","floor":29,"turns":6},{"damage":7,"enemies":"conspire:HollyBat","floor":31,"turns":2}],"seed_played":"6005570875328323681","potions_obtained":[{"floor":1,"key":"Adrenaline Potion"},{"floor":4,"key":"Ancient Potion"},{"floor":7,"key":"AttackPotion"},{"floor":25,"key":"Ancient Potion"},{"floor":27,"key":"Languid Potion"}],"is_trial":true,"path_per_floor":["M","$","?","M","?","R","M","R","T","$","M","M","M","E","R","B",null,"M","?","M","M","$","R","?","M","T","M","R","E","?","M"],"character_chosen":"THE_SILENT","items_purchased":["Backstab","Gremlin Food","Replay:Poison Smokescreen","hubris:Sniper"],"campfire_rested":3,"item_purchase_floors":[2,22,22,22],"current_hp_per_floor":[62,62,55,55,44,44,41,41,41,41,41,41,35,26,47,47,70,44,44,34,28,28,49,49,37,37,18,39,4,4,0,0],"gold":552,"neow_bonus":"","is_daily":false,"chose_seed":false,"campfire_upgraded":2,"win_rate":0.0,"timestamp":1608192255,"path_taken":["M","$","?","M","?","R","M","R","T","?","M","M","M","E","R","BOSS","M","?","M","M","$","R","?","M","T","M","R","E","?","M"],"items_purchased_type":["Card","Relic","Card","Card"],"build_version":"2020-12-13","purchased_purges":0,"victory":false,"max_hp_per_floor":[70,70,70,70,70,70,70,70,70,70,70,70,70,70,70,70,70,70,70,70,70,70,70,70,70,70,70,70,70,70,70,70],"card_choices":[{"not_picked":["Dodge and Roll","PiercingWail"],"picked":"Reflex","floor":1},{"not_picked":["Sucker Punch","Expertise"],"picked":"Dagger Throw","floor":4},{"not_picked":["ReplayTheSpireMod:Speed Training","Deflect"],"picked":"Poisoned Stab","floor":7},{"not_picked":["Heel Hook","hubris:Sniper","Cloak And Dagger"],"picked":"SKIP","floor":11},{"not_picked":["hubris:Sniper","Quick Slash"],"picked":"Infinite Blades","floor":12},{"not_picked":["Dagger Throw","Dagger Spray","hubris:Counter"],"picked":"SKIP","floor":13},{"not_picked":["Poisoned Stab","Flying Knee"],"picked":"Riddle With Holes","floor":14},{"not_picked":["Grand Finale","Storm of Steel"],"picked":"ReplayTheSpireMod:From All Sides","floor":16},{"not_picked":["ReplayTheSpireMod:Exploit Weakness","Quick Slash+1"],"picked":"Tactician+1","floor":18},{"not_picked":["Noxious Fumes","hubris:Counter+1"],"picked":"Dash","floor":20},{"not_picked":["Poisoned Stab","Outmaneuver+1","hubris:SlightOfHand"],"picked":"SKIP","floor":21},{"not_picked":["Bane","Deadly Poison"],"picked":"hubris:TrickCloak+1","floor":25},{"not_picked":["Deflect","Quick Slash+1"],"picked":"hubris:SlightOfHand+1","floor":27},{"not_picked":["Cloak And Dagger","Prepared"],"picked":"Terror","floor":29}],"player_experience":1309042,"relics_obtained":[{"floor":9,"key":"hubris:MedicalManual"},{"floor":14,"key":"aspiration:HiddenCompartment"},{"floor":24,"key":"ReplayTheSpireMod:Ring of Collecting"},{"floor":24,"key":"Ring of Greed"},{"floor":24,"key":"Replay:Bandana"},{"floor":24,"key":"Tiny Chest"},{"floor":26,"key":"Bronze Scales"},{"floor":29,"key":"hubris:AstralHammer"}],"event_choices":[{"cards_removed":["Defend_G"],"damage_healed":0,"gold_gain":0,"player_choice":"Card Removal","damage_taken":7,"max_hp_gain":0,"max_hp_loss":0,"event_name":"Golden Wing","floor":3,"gold_loss":0},{"damage_healed":0,"gold_gain":0,"player_choice":"Slimed","damage_taken":11,"max_hp_gain":0,"max_hp_loss":0,"event_name":"betterThird:BetterGoop","floor":5,"gold_loss":42},{"cards_removed":["Spreading Infection"],"damage_healed":0,"gold_gain":0,"player_choice":"Gave Gold","damage_taken":0,"max_hp_gain":0,"max_hp_loss":0,"event_name":"Beggar","floor":30,"gold_loss":75}],"is_beta":false,"boss_relics":[{"not_picked":["hubris:VirtuousBlindfold","Snecko Eye"],"picked":"aspiration:RandomNobGenerator"}],"items_purged_floors":[],"is_endless":true,"potions_floor_spawned":[1,4,7,25,27],"killed_by":"conspire:HollyBat","ascension_level":0}}