{"host":"aunmuzt9j70r7vun","time":1608166501,"event":{"mods":["BaseMod","Better Altar","Better Third Choice","BetterRewards","Clockwork Mod","Curses Come First","Downfall","Infinite Spire","LagranYue(???·?)","Mad Scientist","Marisa????????","Minty Spire (QoL Compilation)","Rare Cards Sparkle","Relic Sorter","Say the Spire","Shop Mod","Spicy Shops","StSLib","The Cursed","The Disciple","The Edgeheg","The Mystic","The Servant 0.9.4"],"gold_per_floor":[110,41,41,61,78,78,104,118,118,118,128,140,315,60,60,60,60],"floor_reached":16,"playtime":704,"items_purged":[],"score":133,"play_id":"25f1a65f-9d21-4355-8276-79977d1551fe","local_time":"20201216205501","is_ascension_mode":true,"campfire_choices":[{"data":"Double Energy","floor":6,"key":"SMITH"},{"data":"Capacitor","floor":10,"key":"SMITH"},{"floor":15,"key":"REST"}],"circlet_count":0,"master_deck":["Strike_B","Strike_B","Strike_B","Strike_B","Defend_B","Defend_B","Defend_B","Defend_B","Zap","Dualcast","Capacitor+1","Double Energy+1","Amplify","Doubt"],"relics":["Cracked Core","LagranYue:RandomDrawCardRelic","NeowsBlessing","infinitespire:Beetle Shell","Boot","Singing Bowl"],"acts_visited":["Exordium"],"potions_floor_usage":[7,16],"damage_taken":[{"damage":0,"enemies":"Small Slimes","floor":1,"turns":1},{"damage":0,"enemies":"Cultist","floor":4,"turns":1},{"damage":0,"enemies":"2 Louse","floor":5,"turns":1},{"damage":28,"enemies":"Gremlin Nob","floor":7,"turns":4},{"damage":11,"enemies":"Large Slime","floor":8,"turns":5},{"damage":14,"enemies":"Red Slaver","floor":11,"turns":3},{"damage":3,"enemies":"Blue Slaver","floor":12,"turns":4},{"damage":42,"enemies":"Hexaghost","floor":16,"turns":7}],"seed_played":"-7472687637774670905","potions_obtained":[{"floor":4,"key":"DuplicationPotion"},{"floor":7,"key":"FearPotion"},{"floor":11,"key":"sneckomod:MuddlingPotion"},{"floor":12,"key":"sneckomod:MuddlingPotion"}],"is_trial":false,"path_per_floor":["M","$","?","M","M","R","E","M","T","R","M","M","?","$","R","B"],"character_chosen":"DEFECT","items_purchased":["Capacitor","Singing Bowl"],"campfire_rested":1,"item_purchase_floors":[2,14],"current_hp_per_floor":[68,68,75,75,75,75,47,36,36,36,22,19,19,19,41,0,0],"gold":60,"neow_bonus":"THREE_ENEMY_KILL","is_daily":false,"chose_seed":false,"campfire_upgraded":2,"win_rate":0.0,"timestamp":1608166501,"path_taken":["M","$","?","M","?","R","E","M","T","R","M","M","?","$","R","BOSS"],"items_purchased_type":["Card","Relic"],"build_version":"2020-12-13","purchased_purges":0,"victory":false,"max_hp_per_floor":[75,75,75,75,75,75,75,75,75,75,75,75,75,75,75,75,75],"card_choices":[{"not_picked":["Compile Driver","Hologram"],"picked":"Chaos","floor":1},{"not_picked":["Conserve Battery","Beam Cell"],"picked":"Double Energy","floor":4},{"not_picked":["Hologram","Scrape","Reinforced Body"],"picked":"SKIP","floor":5},{"not_picked":["Leap","Compile Driver","Barrage"],"picked":"SKIP","floor":7},{"not_picked":["Hologram","Turbo","Sunder"],"picked":"SKIP","floor":8},{"not_picked":["Coolheaded","Gash","Go for the Eyes"],"picked":"SKIP","floor":11},{"not_picked":["Reinforced Body","Sweeping Beam"],"picked":"Amplify","floor":12}],"player_experience":740475,"relics_obtained":[{"floor":7,"key":"infinitespire:Beetle Shell"},{"floor":9,"key":"Boot"}],"event_choices":[{"cards_removed":["Chaos"],"damage_healed":7,"gold_gain":0,"player_choice":"Offered Uncommon","damage_taken":0,"max_hp_gain":0,"max_hp_loss":0,"event_name":"Bonfire Elementals","floor":3,"gold_loss":0},{"damage_healed":0,"gold_gain":175,"player_choice":"AGREE","damage_taken":140,"max_hp_gain":0,"max_hp_loss":0,"event_name":"betterThird:BetterSerpent","floor":13,"gold_loss":0}],"is_beta":false,"boss_relics":[],"items_purged_floors":[],"is_endless":false,"potions_floor_spawned":[4,7,11,12],"killed_by":"Hexaghost","ascension_level":6}}