{"host":"zi8o4akxlgxypwgb","time":1608221180,"event":{"mods":["BaseMod","Minty Spire (QoL Compilation)","Replay The Spire","StSLib","SuperFastMode"],"gold_per_floor":[20,95,113,113,129,129,146,146,146],"floor_reached":8,"playtime":1271,"items_purged":[],"score":55,"play_id":"d7543787-cc00-495e-95a5-10b320a6df53","local_time":"20201218000620","is_ascension_mode":true,"campfire_choices":[{"data":"Demon Form","floor":6,"key":"SMITH"}],"circlet_count":0,"master_deck":["Strike_R","Strike_R","Strike_R","Strike_R","Defend_R","Defend_R","Defend_R","Defend_R","Bash","Demon Form+1","Shrug It Off","Burning Pact","Wild Strike","Perfected Strike"],"relics":["Burning Blood"],"acts_visited":["Exordium"],"potions_floor_usage":[8],"damage_taken":[{"damage":11,"enemies":"Cultist","floor":1,"turns":4},{"damage":13,"enemies":"2 Louse","floor":3,"turns":4},{"damage":20,"enemies":"Jaw Worm","floor":5,"turns":4},{"damage":32,"enemies":"Gremlin Gang","floor":7,"turns":6},{"damage":12,"enemies":"Lagavulin","floor":8,"turns":4}],"seed_played":"-8326183689077272000","potions_obtained":[{"floor":7,"key":"Languid Potion"}],"is_trial":false,"path_per_floor":["M","?","M","?","M","R","M","E"],"character_chosen":"IRONCLAD","items_purchased":[],"campfire_rested":0,"item_purchase_floors":[],"current_hp_per_floor":[75,64,57,50,36,36,10,0,0],"gold":146,"neow_bonus":"THREE_RARE_CARDS","is_daily":false,"chose_seed":false,"campfire_upgraded":1,"win_rate":0.0,"timestamp":1608221180,"path_taken":["M","?","M","?","M","R","M","E"],"items_purchased_type":[],"build_version":"2020-12-13","purchased_purges":0,"victory":false,"max_hp_per_floor":[80,80,80,80,80,80,80,80,80],"card_choices":[{"not_picked":["Corruption","Hemogenesis"],"picked":"Demon Form","floor":0},{"not_picked":["Iron Wave","Cleave"],"picked":"Shrug It Off","floor":1},{"not_picked":["Disarm","Intimidate"],"picked":"Burning Pact","floor":3},{"not_picked":["Burning Pact","Warcry"],"picked":"Wild Strike","floor":5},{"not_picked":["Burning Pact","Blood for Blood"],"picked":"Perfected Strike","floor":7}],"player_experience":343850,"relics_obtained":[],"event_choices":[{"damage_healed":0,"gold_gain":75,"player_choice":"Gather Gold","damage_taken":11,"max_hp_gain":0,"max_hp_loss":0,"event_name":"World of Goop","floor":2,"gold_loss":0},{"cards_removed":["Strike_R"],"damage_healed":0,"gold_gain":0,"player_choice":"Card Removal","damage_taken":7,"max_hp_gain":0,"max_hp_loss":0,"event_name":"Golden Wing","floor":4,"gold_loss":0}],"is_beta":false,"boss_relics":[],"items_purged_floors":[],"is_endless":false,"potions_floor_spawned":[7],"killed_by":"Lagavulin","ascension_level":3}}