{"host":"htqwg582tjjtn9p7","time":1608223334,"event":{"mods":["2.2 Compatiblity","AchievementEnabler","Act Like it!","Aspiration","BaseMod","Better Third Choice","Colored Map","Conspire","Curses Come First","Displayed Cursed Tome","Energized Spire","Force Act Four","GifTheSpireLib","Hermit","Highlight Path","JesterMod","Mad Scientist","Minty Spire (QoL Compilation)","Pale of the Ancients","Permanent Neow","Random Character Button","Relic Stats","Replay The Spire","Robot Space Explorer","Somnambulant","Spicy Shops","Spikes Relics","StSLib","Stuff the Spire","The Blue Laboratory","The Disciple","The Dragon Tamer","The Forsaken","The Gatherer","The Judge","The Jungle","The Runesmith","The Servant 0.9.4"],"gold_per_floor":[114,114,18,18,30,30,30],"floor_reached":6,"playtime":235,"items_purged":[],"score":60,"play_id":"b8533a73-eacd-4ffb-8f19-917cdbdc2067","local_time":"20201217174214","is_ascension_mode":true,"campfire_choices":[],"circlet_count":0,"master_deck":["AscendersBane","Strike_G","Strike_G","Strike_G","Strike_G","Strike_G","Defend_G","Defend_G","Defend_G","Defend_G","Defend_G","Survivor","Neutralize","ThirdEye","Injury","Doubt","Dagger Throw+1"],"relics":["Ring of the Snake","aspiration:Nostalgia","Replay:M_StaffOfTheSnake","Molten Egg 2","aspiration:SeaSaltIceCream","Membership Card"],"acts_visited":["Exordium"],"potions_floor_usage":[],"damage_taken":[{"damage":2,"enemies":"Small Slimes","floor":1,"turns":6},{"damage":3,"enemies":"2 Louse","floor":5,"turns":3},{"damage":51,"enemies":"Lagavulin","floor":6,"turns":10}],"seed_played":"-6471262406652462472","potions_obtained":[{"floor":5,"key":"Energy Potion"}],"is_trial":false,"path_per_floor":["M","?","$","?","M","E"],"character_chosen":"THE_SILENT","items_purchased":["aspiration:SeaSaltIceCream"],"campfire_rested":0,"item_purchase_floors":[3],"current_hp_per_floor":[57,57,57,57,54,3,3],"gold":30,"neow_bonus":"NOSTALGIA","is_daily":false,"chose_seed":false,"campfire_upgraded":0,"win_rate":0.0,"timestamp":1608223334,"path_taken":["M","?","$","?","M","E"],"items_purchased_type":["Relic"],"build_version":"2020-12-13","purchased_purges":0,"victory":false,"max_hp_per_floor":[66,66,66,66,66,66,66],"relic_stats":{"counters":[3,19],"obtain_stats":[{"Replay:M_StaffOfTheSnake":0,"aspiration:Nostalgia":0,"Molten Egg 2":2,"aspiration:SeaSaltIceCream":3,"Membership Card":3,"Ring of the Snake":0},{"Replay:M_StaffOfTheSnake":0,"aspiration:Nostalgia":0,"Molten Egg 2":1,"aspiration:SeaSaltIceCream":1,"Membership Card":1,"Ring of the Snake":0},{"Replay:M_StaffOfTheSnake":0,"aspiration:Nostalgia":0,"Molten Egg 2":6,"aspiration:SeaSaltIceCream":6,"Membership Card":6,"Ring of the Snake":0}],"Ring of the Snake":[6]},"card_choices":[{"not_picked":["PiercingWail","Underhanded Strike"],"picked":"ThirdEye","floor":1},{"not_picked":["Cloak And Dagger","Poison Darts"],"picked":"Dagger Throw+1","floor":5}],"player_experience":1695322,"relics_obtained":[],"event_choices":[{"damage_healed":0,"gold_gain":0,"player_choice":"Ignored","damage_taken":0,"max_hp_gain":0,"max_hp_loss":0,"event_name":"Golden Idol","floor":4,"gold_loss":0}],"is_beta":false,"boss_relics":[],"items_purged_floors":[],"is_endless":false,"potions_floor_spawned":[5],"killed_by":"Lagavulin","ascension_level":15}}