{"host":"2mbih8avvm91dicb","time":1608245327,"event":{"mods":["AchievementEnabler","BaseMod","Bestiary","Colored Powertips","Highlight Path","Marisa????????","Minty Spire (QoL Compilation)","Quick Restart","StSLib"],"gold_per_floor":[117,129,54,65,65,98,113,63,63,75,75,87,110,130,130,234,234,246,256,303,303,56,86,86,86,86,86,86,104,123,73,73,173,173,192,209,209,226,226,226,275,300,325,325,325,325,325,337,337,337,337,337,70,98,98,98],"floor_reached":55,"playtime":3667,"items_purged":["Strike_MRS","Strike_MRS","Strike_MRS"],"score":765,"play_id":"50eba4b2-a43c-45c4-b557-65379faab61e","local_time":"20201217174847","is_ascension_mode":false,"campfire_choices":[{"floor":11.0,"key":"REST"},{"data":"StarBarrage","floor":15.0,"key":"SMITH"},{"floor":25.0,"key":"DIG"},{"data":"MilkyWay","floor":27.0,"key":"SMITH"},{"data":"MilkyWay","floor":32.0,"key":"SMITH"},{"floor":40.0,"key":"DIG"},{"floor":47.0,"key":"DIG"},{"floor":49.0,"key":"RECALL"},{"floor":52.0,"key":"DIG"}],"circlet_count":0,"master_deck":["Defend_MRS","Defend_MRS","Defend_MRS","Defend_MRS","MasterSpark+1","UpSweep+1","StarBarrage+1","EnergyFlow","ManaConvection","MilkyWay+1","Parasite","Parasite","RitualDagger+1","CasketOfStar+1","SporeBomb","MagicAbsorber+1","PowerUp+1","MilkyWay","Madness"],"relics":["MiniHakkero","Matryoshka","Singing Bowl","Bag of Preparation","ShroomBag","SlaversCollar","Molten Egg 2","Ancient Tea Set","Bag of Marbles","Shovel","Dream Catcher","Frozen Egg 2","Sozu","Juzu Bracelet","Torii","Letter Opener","Vajra","Pen Nib","Kunai","Whetstone"],"acts_visited":["Exordium","TheCity","TheBeyond","TheEnding"],"potions_floor_usage":[55],"damage_taken":[{"damage":0.0,"enemies":"2 Louse","floor":1.0,"turns":3.0},{"damage":0.0,"enemies":"Small Slimes","floor":2.0,"turns":3.0},{"damage":1.0,"enemies":"Jaw Worm","floor":4.0,"turns":3.0},{"damage":49.0,"enemies":"Lagavulin","floor":6.0,"turns":7.0},{"damage":15.0,"enemies":"Lots of Slimes","floor":7.0,"turns":4.0},{"damage":3.0,"enemies":"Red Slaver","floor":10.0,"turns":4.0},{"damage":0.0,"enemies":"Large Slime","floor":12.0,"turns":4.0},{"damage":17.0,"enemies":"The Mushroom Lair","floor":13.0,"turns":5.0},{"damage":0.0,"enemies":"Looter","floor":14.0,"turns":3.0},{"damage":28.0,"enemies":"The Guardian","floor":16.0,"turns":7.0},{"damage":20.0,"enemies":"Shell Parasite","floor":18.0,"turns":5.0},{"damage":5.0,"enemies":"Spheric Guardian","floor":19.0,"turns":3.0},{"damage":36.0,"enemies":"Slavers","floor":23.0,"turns":5.0},{"damage":0.0,"enemies":"Snake Plant","floor":29.0,"turns":2.0},{"damage":2.0,"enemies":"3 Cultists","floor":30.0,"turns":5.0},{"damage":39.0,"enemies":"Champ","floor":33.0,"turns":8.0},{"damage":11.0,"enemies":"3 Darklings","floor":35.0,"turns":3.0},{"damage":3.0,"enemies":"Orb Walker","floor":36.0,"turns":3.0},{"damage":0.0,"enemies":"Jaw Worm Horde","floor":38.0,"turns":3.0},{"damage":10.0,"enemies":"2 Orb Walkers","floor":41.0,"turns":3.0},{"damage":43.0,"enemies":"Reptomancer","floor":42.0,"turns":6.0},{"damage":6.0,"enemies":"Spire Growth","floor":48.0,"turns":4.0},{"damage":80.0,"enemies":"Awakened One","floor":50.0,"turns":8.0},{"damage":12.0,"enemies":"Shield and Spear","floor":54.0,"turns":4.0},{"damage":118,"enemies":"The Heart","floor":55,"turns":6}],"seed_played":"-915660176962335341","potions_obtained":[{"floor":1.0,"key":"ColorlessPotion"},{"floor":4.0,"key":"SkillPotion"},{"floor":6.0,"key":"Swift Potion"},{"floor":14.0,"key":"Strength Potion"},{"floor":18.0,"key":"Swift Potion"},{"floor":19.0,"key":"FairyPotion"},{"floor":29.0,"key":"BottledSpark"}],"is_trial":false,"path_per_floor":["M","M","$","M","?","E","M","?","T","M","R","M","?","M","R","B",null,"M","M","T","?","$","E","?","R","T","R","?","M","M","$","R","B",null,"M","M","?","M","?","R","?","E","T","?","?","?","R","M","R","B",null,"R","$","E","B"],"character_chosen":"MARISA","items_purchased":["Bag of Marbles","SporeBomb","MilkyWay","Madness"],"campfire_rested":1,"item_purchase_floors":[22,31,53,53],"current_hp_per_floor":[82,82,82,81,81,34,19,19,19,16,41,41,26,32,32,10,90,74,75,75,69,69,39,39,39,39,39,39,45,49,49,49,16,102,91,94,94,100,100,100,96,59,59,59,59,61,61,59,59,16,106,106,106,96,0,0],"gold":98,"neow_bonus":"TEN_PERCENT_HP_BONUS","is_daily":false,"chose_seed":false,"campfire_upgraded":3,"win_rate":0.0,"timestamp":1608245327,"path_taken":["M","M","$","M","?","E","M","?","T","M","R","M","?","?","R","BOSS","M","?","?","?","$","E","?","R","T","R","?","M","?","$","R","BOSS","M","M","?","M","?","R","?","E","T","?","?","?","R","M","R","BOSS","R","$","E","BOSS"],"items_purchased_type":["Relic","Card","Card","Card"],"build_version":"2020-12-13","purchased_purges":3,"victory":false,"max_hp_per_floor":[82,82,82,82,82,84,84,84,84,84,84,84,86,88,88,90,90,92,94,94,94,94,96,96,96,96,96,96,98,100,100,100,102,102,102,104,104,106,106,106,108,110,110,110,104,106,106,106,106,106,106,106,106,108,108,108],"card_choices":[{"not_picked":["MagicChant","ShootingEcho"],"picked":"MilkyWay","floor":1.0},{"not_picked":["DC","PulseMagic"],"picked":"StarBarrage","floor":2.0},{"not_picked":["Robbery","GravityBeat","6A"],"picked":"SKIP","floor":4.0},{"not_picked":["DC","ManaConvection","MilkyWay"],"picked":"Singing Bowl","floor":6.0},{"not_picked":["BlazeAway","WitchLeyline"],"picked":"EnergyFlow","floor":7.0},{"not_picked":["GravityBeat","OneTimeOff"],"picked":"ManaConvection","floor":10.0},{"not_picked":["GrandCross","WitchLeyline"],"picked":"MilkyWay","floor":12.0},{"not_picked":["MachineGunSpark","GravityBeat","DC"],"picked":"Singing Bowl","floor":13.0},{"not_picked":["Acceleration","WitchLeyline","GalacticHalo"],"picked":"Singing Bowl","floor":14.0},{"not_picked":["SuperNova","EscapeVelocity","FinalSpark"],"picked":"Singing Bowl","floor":16.0},{"not_picked":["LuminesStrike+1","MysteriousBeam+1","GrandCross"],"picked":"Singing Bowl","floor":18.0},{"not_picked":["OpenUniverse","6A+1","MachineGunSpark+1"],"picked":"Singing Bowl","floor":19.0},{"not_picked":["UnstableBomb+1","Singularity","Acceleration"],"picked":"Singing Bowl","floor":23.0},{"not_picked":["AbsoluteMagnitude+1","DoubleSpark+1","LuminesStrike+1"],"picked":"Singing Bowl","floor":29.0},{"not_picked":["MagicChant","Acceleration","GalacticHalo"],"picked":"Singing Bowl","floor":30.0},{"not_picked":["SatelliteIllusion+1","CollectingQuirk+1","StarDustReverie"],"picked":"Singing Bowl","floor":33.0},{"not_picked":["AsteroidBelt+1","EnergyRecoil"],"picked":"MagicAbsorber+1","floor":35.0},{"not_picked":["StarBarrage+1","WitchOfGreed+1","GravityBeat+1"],"picked":"Singing Bowl","floor":36.0},{"not_picked":["Singularity+1","OortCloud+1","NonDirectionalLaser+1"],"picked":"Singing Bowl","floor":38.0},{"not_picked":["StarlightTyphoon+1","AlicesGift+1","NonDirectionalLaser+1"],"picked":"Singing Bowl","floor":41.0},{"not_picked":["MeteoricShower+1","GalacticHalo","AsteroidBelt+1"],"picked":"Singing Bowl","floor":42.0},{"not_picked":["Transmutation","Metamorphosis","Thinking Ahead"],"picked":"Singing Bowl","floor":46.0},{"not_picked":["SuperPerseids","Acceleration+1"],"picked":"PowerUp+1","floor":48.0},{"not_picked":["DarkSpark+1","DoubleSpark+1","Acceleration+1"],"picked":"Singing Bowl","floor":54.0}],"player_experience":89491,"relics_obtained":[{"floor":6.0,"key":"Singing Bowl"},{"floor":9.0,"key":"Bag of Preparation"},{"floor":13.0,"key":"ShroomBag"},{"floor":20.0,"key":"Molten Egg 2"},{"floor":20.0,"key":"Ancient Tea Set"},{"floor":23.0,"key":"Shovel"},{"floor":25.0,"key":"Dream Catcher"},{"floor":26.0,"key":"Frozen Egg 2"},{"floor":40.0,"key":"Juzu Bracelet"},{"floor":41.0,"key":"Torii"},{"floor":42.0,"key":"Letter Opener"},{"floor":43.0,"key":"Vajra"},{"floor":47.0,"key":"Pen Nib"},{"floor":52.0,"key":"Kunai"},{"floor":54.0,"key":"Whetstone"}],"event_choices":[{"damage_healed":0.0,"max_hp_gain":0.0,"max_hp_loss":0.0,"gold_gain":0.0,"event_name":"Big Fish","player_choice":"Box","floor":5.0,"gold_loss":0.0,"damage_taken":0.0,"relics_obtained":["Matryoshka"],"cards_obtained":["Regret"]},{"cards_removed":["Regret"],"damage_healed":0.0,"max_hp_gain":0.0,"max_hp_loss":0.0,"gold_gain":0.0,"event_name":"The Cleric","player_choice":"Card Removal","floor":8.0,"gold_loss":50.0,"damage_taken":0.0},{"damage_healed":0.0,"max_hp_gain":0.0,"max_hp_loss":0.0,"gold_gain":0.0,"event_name":"Mushrooms_MRS","player_choice":"Fought Mushrooms","floor":13.0,"gold_loss":0.0,"damage_taken":0.0},{"damage_healed":0.0,"max_hp_gain":0.0,"max_hp_loss":0.0,"gold_gain":0.0,"event_name":"Nest","player_choice":"Joined the Cult","floor":21.0,"gold_loss":0.0,"damage_taken":6.0,"cards_obtained":["RitualDagger"]},{"damage_healed":0.0,"max_hp_gain":0.0,"max_hp_loss":0.0,"gold_gain":0.0,"event_name":"Vampires","player_choice":"Ignored","floor":24.0,"gold_loss":0.0,"damage_taken":0.0},{"damage_healed":0.0,"max_hp_gain":0.0,"max_hp_loss":0.0,"gold_gain":0.0,"cards_transformed":["Strike_MRS"],"event_name":"Transmorgrifier","player_choice":"Transformed","floor":28.0,"gold_loss":0.0,"damage_taken":0.0,"cards_obtained":["CasketOfStar"]},{"damage_healed":0.0,"max_hp_gain":0.0,"max_hp_loss":0.0,"gold_gain":0.0,"event_name":"Tomb of Lord Red Mask","player_choice":"Ignored","floor":37.0,"gold_loss":0.0,"damage_taken":0.0},{"cards_removed":["MilkyWay"],"damage_healed":0.0,"max_hp_gain":0.0,"max_hp_loss":0.0,"gold_gain":0.0,"event_name":"Falling","player_choice":"Removed Skill","floor":39.0,"gold_loss":0.0,"damage_taken":0.0},{"damage_healed":0.0,"max_hp_gain":0.0,"max_hp_loss":0.0,"gold_gain":0.0,"event_name":"Mysterious Sphere","player_choice":"Fight","floor":41.0,"gold_loss":0.0,"damage_taken":0.0},{"damage_healed":0.0,"max_hp_gain":0.0,"max_hp_loss":0.0,"gold_gain":0.0,"event_name":"Match and Keep!","player_choice":"0 cards matched","floor":44.0,"gold_loss":0.0,"damage_taken":0.0,"cards_obtained":[]},{"damage_healed":0.0,"max_hp_gain":0.0,"max_hp_loss":6.0,"gold_gain":0.0,"event_name":"Winding Halls","player_choice":"Max HP","floor":45.0,"gold_loss":0.0,"damage_taken":0.0},{"damage_healed":0.0,"max_hp_gain":0.0,"max_hp_loss":0.0,"gold_gain":0.0,"event_name":"SensoryStone","player_choice":"Memory 1","floor":46.0,"gold_loss":0.0,"damage_taken":0.0}],"is_beta":false,"boss_relics":[{"not_picked":["Empty Cage","Philosopher\u0027s Stone"],"picked":"SlaversCollar"},{"not_picked":["BewitchedHakkero","Coffee Dripper"],"picked":"Sozu"}],"items_purged_floors":[3,22,53],"is_endless":false,"potions_floor_spawned":[1,4,6,10,14,18,19,29,35,36,38],"killed_by":"The Heart","ascension_level":0}}