{"host":"p6y17sixyu8q9v1f","time":1608211697,"event":{"mods":["BaseMod","Colored Map","Minty Spire (QoL Compilation)"],"gold_per_floor":[116,116,128,20,38,38,56,231,255,255,282,293,14,39,39,144,144,156,156,156,31,49,49,76,39,92,92,92],"floor_reached":27,"playtime":1114,"items_purged":["Strike_P","Doubt","Strike_P"],"score":365,"play_id":"2087a8b1-e5ac-4fcf-ba94-989cbad24ac3","local_time":"20201217072817","is_ascension_mode":true,"campfire_choices":[{"data":"Eruption","floor":6,"key":"SMITH"},{"data":"Mayhem","floor":15,"key":"SMITH"},{"data":"J.A.X.","floor":23,"key":"SMITH"}],"circlet_count":0,"master_deck":["Strike_P","Defend_P","Defend_P","Defend_P","Eruption+1","Vigilance","ClearTheMind","LikeWater","FlyingSleeves","ReachHeaven","Ragnarok+1","FlurryOfBlows","Wallop+1","Mayhem+1","MentalFortress","BattleHymn","J.A.X.+1","MentalFortress","Doubt"],"relics":["PureWater","Vajra","Oddly Smooth Stone","Cursed Key","Happy Flower","Whetstone"],"acts_visited":["Exordium","TheCity"],"potions_floor_usage":[7,7,24],"damage_taken":[{"damage":3,"enemies":"Small Slimes","floor":1,"turns":5},{"damage":0,"enemies":"Cultist","floor":3,"turns":5},{"damage":7,"enemies":"Jaw Worm","floor":5,"turns":3},{"damage":1,"enemies":"3 Louse","floor":7,"turns":2},{"damage":14,"enemies":"Looter","floor":12,"turns":3},{"damage":0,"enemies":"Gremlin Nob","floor":14,"turns":2},{"damage":0,"enemies":"Slime Boss","floor":16,"turns":4},{"damage":12,"enemies":"Shell Parasite","floor":18,"turns":4},{"damage":6,"enemies":"Spheric Guardian","floor":22,"turns":3},{"damage":20,"enemies":"Gremlin Leader","floor":24,"turns":6},{"damage":42,"enemies":"Cultist and Chosen","floor":27,"turns":4}],"seed_played":"-739659285081467991","potions_obtained":[{"floor":1,"key":"Strength Potion"},{"floor":3,"key":"AttackPotion"},{"floor":5,"key":"Block Potion"},{"floor":12,"key":"FearPotion"},{"floor":18,"key":"SkillPotion"},{"floor":22,"key":"DuplicationPotion"}],"is_trial":false,"path_per_floor":["M","?","M","$","M","R","M","?","T","?","T","M","$","E","R","B",null,"M","?","?","$","M","R","E","$","T","M"],"character_chosen":"WATCHER","items_purchased":["ReachHeaven","Mayhem","MentalFortress"],"campfire_rested":0,"item_purchase_floors":[4,13,25],"current_hp_per_floor":[69,69,69,69,62,62,61,61,61,66,66,52,52,52,52,52,77,65,65,65,65,59,59,39,39,39,0,0],"gold":92,"neow_bonus":"TRANSFORM_CARD","is_daily":false,"chose_seed":false,"campfire_upgraded":3,"win_rate":0.0,"timestamp":1608211697,"path_taken":["M","?","M","$","M","R","?","?","T","?","?","?","$","E","R","BOSS","M","?","?","$","M","R","E","$","T","M"],"items_purchased_type":["Card","Card","Card"],"build_version":"2020-12-13","purchased_purges":3,"victory":false,"max_hp_per_floor":[72,72,72,72,72,72,72,72,72,77,77,77,77,77,77,77,77,77,77,77,77,77,77,77,77,77,77,77],"card_choices":[{"not_picked":["Nirvana","Sanctity"],"picked":"LikeWater","floor":1},{"not_picked":["BattleHymn","CutThroughFate"],"picked":"FlyingSleeves","floor":3},{"not_picked":["ClearTheMind","Collect"],"picked":"Ragnarok","floor":5},{"not_picked":["EmptyBody","CrushJoints"],"picked":"FlurryOfBlows","floor":7},{"not_picked":["Nirvana","BowlingBash"],"picked":"Wallop","floor":12},{"not_picked":["EmptyBody","ClearTheMind"],"picked":"MentalFortress","floor":14},{"not_picked":["Collect","Evaluate"],"picked":"BattleHymn","floor":18},{"not_picked":["EmptyFist+1","CutThroughFate+1","Weave"],"picked":"SKIP","floor":22},{"not_picked":["EmptyFist","Nirvana","Evaluate"],"picked":"SKIP","floor":24}],"player_experience":768877,"relics_obtained":[{"floor":9,"key":"Vajra"},{"floor":14,"key":"Oddly Smooth Stone"},{"floor":24,"key":"Happy Flower"},{"floor":26,"key":"Whetstone"}],"event_choices":[{"cards_removed":["Defend_P"],"damage_healed":0,"gold_gain":0,"player_choice":"Purged","damage_taken":0,"max_hp_gain":0,"max_hp_loss":0,"event_name":"Purifier","floor":2,"gold_loss":0},{"damage_healed":0,"gold_gain":175,"player_choice":"AGREE","damage_taken":0,"max_hp_gain":0,"max_hp_loss":0,"event_name":"Liars Game","floor":8,"gold_loss":0,"cards_obtained":["Doubt"]},{"damage_healed":0,"gold_gain":0,"player_choice":"Donut","damage_taken":0,"max_hp_gain":5,"max_hp_loss":0,"event_name":"Big Fish","floor":10,"gold_loss":0},{"damage_healed":0,"gold_gain":0,"player_choice":"Obtain J.A.X.","damage_taken":0,"max_hp_gain":0,"max_hp_loss":0,"event_name":"Drug Dealer","floor":19,"gold_loss":0,"cards_obtained":["J.A.X."]},{"damage_healed":0,"gold_gain":0,"player_choice":"Ignored","damage_taken":0,"max_hp_gain":0,"max_hp_loss":0,"event_name":"Vampires","floor":20,"gold_loss":0}],"is_beta":false,"boss_relics":[{"not_picked":["Runic Pyramid","Pandora\u0027s Box"],"picked":"Cursed Key"}],"items_purged_floors":[4,13,21],"is_endless":false,"potions_floor_spawned":[1,3,5,12,18,22],"killed_by":"Cultist and Chosen","ascension_level":4}}