{"host":"yvb207ks1sg3cxef","time":1608209837,"event":{"mods":["2.2 Compatiblity","BaseMod","Bestiary","Colored Powertips","Minty Spire (QoL Compilation)","Permanent Neow","Quick Restart","Relic Stats","StSLib"],"gold_per_floor":[111,130,142,142,92,119,119,154,203,217,217,250,274,297,297,428,428,474,68,116,184,207,243,243,243,270,338,338,338,338],"floor_reached":29,"playtime":2660,"items_purged":["SandsOfTime"],"score":416,"play_id":"8808114c-c40a-4653-a843-59bb1e7f4173","local_time":"20201217182717","is_ascension_mode":true,"campfire_choices":[{"data":"BowlingBash","floor":7.0,"key":"SMITH"},{"data":"TalkToTheHand","floor":15.0,"key":"SMITH"},{"data":"DevaForm","floor":24.0,"key":"SMITH"},{"data":"Tantrum","floor":28.0,"key":"SMITH"}],"circlet_count":0,"master_deck":["Eruption","Vigilance","ThirdEye","Study","EmptyBody","BowlingBash+1","Tantrum+1","TalkToTheHand+1","Indignation","EmptyBody","TalkToTheHand","DevaForm+1","ClearTheMind","Wish","PathToVictory","Adaptation","DeceiveReality","EmptyBody","CutThroughFate+1","Perseverance","Fasting2","Fasting2+1","Omniscience"],"relics":["Runic Pyramid","Question Card","Pen Nib","Bag of Preparation","Golden Idol","TungstenRod","Pandora\u0027s Box","PreservedInsect","Vajra","Red Mask","Lantern","Mummified Hand","Bag of Marbles","The Courier"],"acts_visited":["Exordium","TheCity"],"potions_floor_usage":[29],"damage_taken":[{"damage":0.0,"enemies":"2 Louse","floor":1.0,"turns":2.0},{"damage":3.0,"enemies":"Small Slimes","floor":2.0,"turns":2.0},{"damage":0.0,"enemies":"Jaw Worm","floor":3.0,"turns":4.0},{"damage":16.0,"enemies":"3 Sentries","floor":6.0,"turns":13.0},{"damage":7.0,"enemies":"Lagavulin","floor":8.0,"turns":10.0},{"damage":3.0,"enemies":"Blue Slaver","floor":10.0,"turns":3.0},{"damage":3.0,"enemies":"3 Sentries","floor":12.0,"turns":4.0},{"damage":3.0,"enemies":"Exordium Thugs","floor":13.0,"turns":3.0},{"damage":0.0,"enemies":"Red Slaver","floor":14.0,"turns":3.0},{"damage":10.0,"enemies":"Hexaghost","floor":16.0,"turns":7.0},{"damage":15.0,"enemies":"2 Thieves","floor":18.0,"turns":5.0},{"damage":7.0,"enemies":"3 Byrds","floor":20.0,"turns":5.0},{"damage":38.0,"enemies":"Masked Bandits","floor":21.0,"turns":6.0},{"damage":0.0,"enemies":"Snecko","floor":22.0,"turns":4.0},{"damage":0.0,"enemies":"Slavers","floor":23.0,"turns":7.0},{"damage":0.0,"enemies":"Gremlin Leader","floor":27.0,"turns":6.0},{"damage":24,"enemies":"Cultist and Chosen","floor":29,"turns":6}],"seed_played":"-3416354490910163471","potions_obtained":[{"floor":3.0,"key":"SteroidPotion"},{"floor":6.0,"key":"FairyPotion"},{"floor":13.0,"key":"FearPotion"},{"floor":21.0,"key":"LiquidMemories"},{"floor":22.0,"key":"Weak Potion"}],"is_trial":false,"path_per_floor":["M","M","M","?","?","E","R","E","T","M","?","E","M","M","R","B",null,"M","$","M","?","M","E","R","T","T","E","R","M"],"character_chosen":"WATCHER","items_purchased":["PreservedInsect","Vajra","Perseverance"],"campfire_rested":0,"item_purchase_floors":[19,19,19],"current_hp_per_floor":[72,69,69,69,69,53,53,46,46,43,43,40,37,37,37,27,57,42,42,35,20,20,20,20,20,20,20,20,0,0],"gold":338,"neow_bonus":"BOSS_RELIC","is_daily":false,"chose_seed":false,"campfire_upgraded":4,"win_rate":0.0,"timestamp":1608209837,"path_taken":["M","M","M","?","?","E","R","E","T","M","?","E","M","M","R","BOSS","M","$","M","?","M","E","R","?","T","E","R","M"],"items_purchased_type":["Relic","Relic","Card"],"build_version":"2020-12-13","purchased_purges":1,"victory":false,"max_hp_per_floor":[72,72,72,72,72,72,72,72,72,72,67,67,67,67,67,67,67,67,67,67,67,67,67,67,67,67,67,67,67,67],"relic_stats":{"counters":[17,90],"Golden Idol":82,"Mummified Hand":[5],"Pandora\u0027s Box":["SandsOfTime","ClearTheMind","Wish","PathToVictory","Adaptation","DeceiveReality","EmptyBody"],"Pen Nib":[9],"PreservedInsect":88,"Bag of Preparation":[24],"Question Card":12,"obtain_stats":[{"Lantern":23,"Golden Idol":11,"Vajra":19,"Pen Nib":8,"PreservedInsect":19,"The Courier":27,"Bag of Preparation":9,"Question Card":6,"Mummified Hand":25,"Pandora\u0027s Box":17,"Red Mask":21,"Bag of Marbles":26,"PureWater":0,"TungstenRod":12,"Runic Pyramid":0},{"Lantern":15,"Golden Idol":6,"Vajra":11,"Pen Nib":5,"PreservedInsect":11,"The Courier":16,"Bag of Preparation":5,"Question Card":4,"Mummified Hand":15,"Pandora\u0027s Box":10,"Red Mask":13,"Bag of Marbles":15,"PureWater":0,"TungstenRod":7,"Runic Pyramid":0},{"Lantern":78,"Golden Idol":34,"Vajra":56,"Pen Nib":31,"PreservedInsect":56,"The Courier":84,"Bag of Preparation":31,"Question Card":21,"Mummified Hand":78,"Pandora\u0027s Box":51,"Red Mask":67,"Bag of Marbles":78,"PureWater":0,"TungstenRod":38,"Runic Pyramid":0}],"TungstenRod":39},"card_choices":[{"not_picked":["ClearTheMind","SandsOfTime"],"picked":"ThirdEye","floor":1.0},{"not_picked":["BowlingBash","ThirdEye"],"picked":"Study","floor":2.0},{"not_picked":["WaveOfTheHand","ThirdEye"],"picked":"EmptyBody","floor":3.0},{"not_picked":["ForeignInfluence","SashWhip"],"picked":"BowlingBash","floor":6.0},{"not_picked":["Vengeance","Study","Meditate"],"picked":"Tantrum","floor":8.0},{"not_picked":["WindmillStrike","Pray","CrushJoints"],"picked":"TalkToTheHand","floor":10.0},{"not_picked":["SignatureMove","Prostrate","ConjureBlade"],"picked":"Indignation","floor":12.0},{"not_picked":["ClearTheMind","JustLucky","FlyingSleeves"],"picked":"EmptyBody","floor":13.0},{"not_picked":["Study","Meditate","Consecrate"],"picked":"TalkToTheHand","floor":14.0},{"not_picked":["Judgement","Blasphemy","Devotion"],"picked":"DevaForm","floor":16.0},{"not_picked":["DeceiveReality","Prostrate","PathToVictory"],"picked":"CutThroughFate+1","floor":18.0},{"not_picked":["CarveReality+1","BattleHymn","Protect","Study+1"],"picked":"SKIP","floor":20.0},{"not_picked":["BattleHymn+1","Weave+1","Sanctity"],"picked":"Fasting2","floor":21.0},{"not_picked":["EmptyBody","BowlingBash","Halt","Swivel"],"picked":"SKIP","floor":22.0},{"not_picked":["ThirdEye","Weave","Evaluate+1"],"picked":"Fasting2+1","floor":23.0},{"not_picked":["Blasphemy","Evaluate","EmptyFist"],"picked":"Omniscience","floor":27.0}],"player_experience":181618,"relics_obtained":[{"floor":6.0,"key":"Question Card"},{"floor":8.0,"key":"Pen Nib"},{"floor":9.0,"key":"Bag of Preparation"},{"floor":12.0,"key":"TungstenRod"},{"floor":21.0,"key":"Red Mask"},{"floor":23.0,"key":"Lantern"},{"floor":25.0,"key":"Mummified Hand"},{"floor":26.0,"key":"Bag of Marbles"},{"floor":27.0,"key":"The Courier"}],"event_choices":[{"damage_healed":0.0,"max_hp_gain":0.0,"max_hp_loss":0.0,"gold_gain":0.0,"event_name":"Liars Game","player_choice":"Ignored","floor":4.0,"gold_loss":0.0,"damage_taken":0.0},{"cards_removed":["Defend_P"],"damage_healed":0.0,"max_hp_gain":0.0,"max_hp_loss":0.0,"gold_gain":0.0,"event_name":"The Cleric","player_choice":"Card Removal","floor":5.0,"gold_loss":50.0,"damage_taken":0.0},{"damage_healed":0.0,"max_hp_gain":0.0,"max_hp_loss":5.0,"gold_gain":0.0,"event_name":"Golden Idol","player_choice":"Lose Max HP","floor":11.0,"gold_loss":0.0,"damage_taken":0.0,"relics_obtained":["Golden Idol"]},{"damage_healed":0.0,"max_hp_gain":0.0,"max_hp_loss":0.0,"gold_gain":0.0,"event_name":"Masked Bandits","player_choice":"Fought Bandits","floor":21.0,"gold_loss":0.0,"damage_taken":0.0}],"is_beta":false,"boss_relics":[{"not_picked":["Philosopher\u0027s Stone","SlaversCollar"],"picked":"Pandora\u0027s Box"}],"items_purged_floors":[19],"is_endless":false,"potions_floor_spawned":[3,6,13,14,18,21,22],"killed_by":"Cultist and Chosen","ascension_level":5}}