{"host":"06m9oppdo8i5oa5j","time":1608188357,"event":{"mods":["AchievementEnabler","BaseMod","Block Reminder","Colored Map","Colored Powertips","Minty Spire (QoL Compilation)","Rare Cards Sparkle"],"gold_per_floor":[112,131,8,26,45,77,77,124,124,151,161,161,175,210,210,306,306,246,246,246,246,246,246,246,246,246,246,246,196,196,196,196,196,196,196,196,73,73,73,73,73,73,73,73,73,73,73,73,73,73],"floor_reached":51,"playtime":11123,"items_purged":["Defend_P","Defend_P","Strike_P"],"score":986,"play_id":"3636e13d-3b7b-4c85-af44-47a61d5edef2","local_time":"20201216225917","is_ascension_mode":true,"campfire_choices":[{"floor":12.0,"key":"REST"},{"data":"TalkToTheHand","floor":15.0,"key":"SMITH"},{"data":"MasterReality","floor":24.0,"key":"SMITH"},{"data":"ForeignInfluence","floor":28.0,"key":"SMITH"},{"floor":30.0,"key":"REST"},{"data":"1","floor":32.0,"key":"LIFT"},{"data":"2","floor":40,"key":"LIFT"},{"data":"3","floor":42,"key":"LIFT"},{"data":"SpiritShield","floor":47,"key":"SMITH"},{"floor":49,"key":"REST"}],"circlet_count":0,"master_deck":["Strike_P","Strike_P","Strike_P","Defend_P","Defend_P","Eruption","Vigilance","SashWhip","EmptyBody","ClearTheMind","ForeignInfluence+1","FlurryOfBlows","MasterReality+1","ThirdEye","TalkToTheHand+1","Protect","Evaluate","SpiritShield+1","Tantrum","Crescendo","FollowUp+1","Study+1","CrushJoints+1","Indignation","SashWhip+1","FollowUp+1","Wireheading","Sanctity+1","Halt+1","ClearTheMind+1","TalkToTheHand+1","Adaptation+1"],"relics":["PureWater","Oddly Smooth Stone","Matryoshka","Tiny Chest","Art of War","Smiling Mask","Letter Opener","Pocketwatch","Peace Pipe","Regal Pillow","Ectoplasm","Nilry\u0027s Codex","Meat on the Bone","Unceasing Top","Happy Flower","Mummified Hand","Girya","VioletLotus","CaptainsWheel","Damaru","Old Coin"],"acts_visited":["Exordium","TheCity","TheBeyond"],"potions_floor_usage":[36,45,50],"damage_taken":[{"damage":0.0,"enemies":"Cultist","floor":1.0,"turns":4.0},{"damage":0.0,"enemies":"Small Slimes","floor":2.0,"turns":3.0},{"damage":0.0,"enemies":"Jaw Worm","floor":4.0,"turns":3.0},{"damage":0.0,"enemies":"Blue Slaver","floor":5.0,"turns":6.0},{"damage":24.0,"enemies":"Gremlin Nob","floor":6.0,"turns":4.0},{"damage":3.0,"enemies":"Lagavulin","floor":10.0,"turns":6.0},{"damage":5.0,"enemies":"Looter","floor":11.0,"turns":2.0},{"damage":11.0,"enemies":"Exordium Wildlife","floor":13.0,"turns":4.0},{"damage":1.0,"enemies":"3 Sentries","floor":14.0,"turns":4.0},{"damage":0.0,"enemies":"Slime Boss","floor":16.0,"turns":7.0},{"damage":1.0,"enemies":"2 Thieves","floor":18.0,"turns":4.0},{"damage":11.0,"enemies":"3 Byrds","floor":19.0,"turns":4.0},{"damage":0.0,"enemies":"Book of Stabbing","floor":23.0,"turns":5.0},{"damage":13.0,"enemies":"Gremlin Leader","floor":25.0,"turns":5.0},{"damage":19.0,"enemies":"Slavers","floor":27.0,"turns":4.0},{"damage":13.0,"enemies":"Snake Plant","floor":31.0,"turns":3.0},{"damage":1.0,"enemies":"Automaton","floor":33.0,"turns":5.0},{"damage":12,"enemies":"3 Darklings","floor":35,"turns":4},{"damage":14,"enemies":"2 Orb Walkers","floor":36,"turns":3},{"damage":2,"enemies":"3 Shapes","floor":38,"turns":3},{"damage":0,"enemies":"Transient","floor":39,"turns":5},{"damage":0,"enemies":"Giant Head","floor":41,"turns":3},{"damage":0,"enemies":"Maw","floor":44,"turns":4},{"damage":0,"enemies":"Jaw Worm Horde","floor":45,"turns":2},{"damage":0,"enemies":"4 Shapes","floor":46,"turns":3},{"damage":4,"enemies":"Maw","floor":48,"turns":4},{"damage":8,"enemies":"Time Eater","floor":50,"turns":5}],"seed_played":"-263656522795800951","potions_obtained":[{"floor":1.0,"key":"Strength Potion"},{"floor":6.0,"key":"LiquidBronze"},{"floor":13.0,"key":"StancePotion"},{"floor":16.0,"key":"Ancient Potion"},{"floor":19.0,"key":"GamblersBrew"},{"floor":23.0,"key":"AttackPotion"},{"floor":27.0,"key":"PowerPotion"},{"floor":36,"key":"GamblersBrew"},{"floor":44,"key":"Swift Potion"},{"floor":48,"key":"DuplicationPotion"}],"is_trial":false,"path_per_floor":["M","M","$","M","M","E","?","T","T","E","M","R","M","E","R","B",null,"M","M","?","?","T","E","R","E","T","E","R","$","R","M","R","B",null,"M","?","$","M","M","R","E","R","T","M","M","M","R","M","R","B",null],"character_chosen":"WATCHER","items_purchased":["ClearTheMind","Wireheading"],"campfire_rested":3,"item_purchase_floors":[3,37],"current_hp_per_floor":[72,72,72,72,72,48,30,30,30,27,22,43,32,31,31,31,72,71,60,60,44,44,44,44,43,43,36,36,36,72,59,59,58,72,60,46,46,44,44,44,44,44,44,44,44,44,44,40,72,64],"gold":73,"neow_bonus":"RANDOM_COMMON_RELIC","is_daily":false,"chose_seed":false,"campfire_upgraded":4,"win_rate":0.0,"timestamp":1608188357,"path_taken":["M","M","$","M","?","E","?","?","T","E","M","R","M","E","R","BOSS","M","M","?","?","?","E","R","E","T","E","R","?","R","M","R","BOSS","M","?","$","M","M","R","E","R","T","M","M","M","R","M","R","BOSS"],"items_purchased_type":["Card","Card"],"build_version":"2020-12-13","purchased_purges":3,"victory":true,"max_hp_per_floor":[72,72,72,72,72,72,72,72,72,72,72,72,72,72,72,72,72,72,72,72,72,72,72,72,72,72,72,72,72,72,72,72,72,72,72,72,72,72,72,72,72,72,72,72,72,72,72,72,72,72],"card_choices":[{"not_picked":["EmptyMind","FlyingSleeves"],"picked":"SashWhip","floor":1.0},{"not_picked":["Crescendo","Evaluate"],"picked":"EmptyBody","floor":2.0},{"not_picked":["CrushJoints","PathToVictory"],"picked":"ForeignInfluence","floor":4.0},{"not_picked":["Pray","Protect"],"picked":"FlurryOfBlows","floor":5.0},{"not_picked":["CutThroughFate","Collect"],"picked":"MasterReality","floor":6.0},{"not_picked":["MentalFortress","CrushJoints"],"picked":"ThirdEye","floor":10.0},{"not_picked":["FlurryOfBlows","Protect"],"picked":"TalkToTheHand","floor":11.0},{"not_picked":["FlyingSleeves","FlurryOfBlows"],"picked":"Protect","floor":13.0},{"not_picked":["Protect","EmptyBody"],"picked":"Evaluate","floor":14.0},{"not_picked":["Ragnarok","DeusExMachina"],"picked":"SpiritShield","floor":16.0},{"not_picked":["EmptyBody+1","BowlingBash"],"picked":"Tantrum","floor":18.0},{"not_picked":["CrushJoints+1","Fasting2"],"picked":"Crescendo","floor":19.0},{"not_picked":["FlurryOfBlows","Vengeance+1"],"picked":"FollowUp+1","floor":23.0},{"not_picked":["Evaluate","DeusExMachina"],"picked":"Study+1","floor":25.0},{"not_picked":["Weave+1","PathToVictory"],"picked":"CrushJoints+1","floor":27.0},{"not_picked":["ForeignInfluence","Collect"],"picked":"Indignation","floor":31.0},{"not_picked":["BowlingBash+1","Vengeance+1"],"picked":"SashWhip+1","floor":35},{"not_picked":["Worship","Crescendo"],"picked":"FollowUp+1","floor":36},{"not_picked":["CrushJoints+1","Protect"],"picked":"Sanctity+1","floor":38},{"not_picked":["InnerPeace","DeceiveReality"],"picked":"Halt+1","floor":39},{"not_picked":["JustLucky+1","Halt","BowlingBash"],"picked":"SKIP","floor":41},{"not_picked":["EmptyFist","Nirvana"],"picked":"ClearTheMind+1","floor":44},{"not_picked":["PathToVictory","Indignation"],"picked":"TalkToTheHand+1","floor":45},{"not_picked":["ThirdEye","BowlingBash","WaveOfTheHand+1"],"picked":"SKIP","floor":46},{"not_picked":["WreathOfFlame","Crescendo+1"],"picked":"Adaptation+1","floor":48}],"player_experience":170189,"relics_obtained":[{"floor":6.0,"key":"Matryoshka"},{"floor":8.0,"key":"Art of War"},{"floor":8.0,"key":"Smiling Mask"},{"floor":9.0,"key":"Letter Opener"},{"floor":9.0,"key":"Pocketwatch"},{"floor":10.0,"key":"Peace Pipe"},{"floor":14.0,"key":"Regal Pillow"},{"floor":21.0,"key":"Nilry\u0027s Codex"},{"floor":22.0,"key":"Meat on the Bone"},{"floor":23.0,"key":"Unceasing Top"},{"floor":25.0,"key":"Happy Flower"},{"floor":26.0,"key":"Mummified Hand"},{"floor":27.0,"key":"Girya"},{"floor":36,"key":"CaptainsWheel"},{"floor":41,"key":"Damaru"},{"floor":43,"key":"Old Coin"}],"event_choices":[{"damage_healed":0.0,"max_hp_gain":0.0,"max_hp_loss":0.0,"gold_gain":0.0,"event_name":"Scrap Ooze","player_choice":"Success","floor":7.0,"gold_loss":0.0,"damage_taken":18.0,"relics_obtained":["Tiny Chest"]},{"damage_healed":0.0,"max_hp_gain":0.0,"max_hp_loss":0.0,"gold_gain":0.0,"event_name":"Beggar","player_choice":"Ignored","floor":20.0,"gold_loss":0.0,"damage_taken":0.0},{"damage_healed":0.0,"max_hp_gain":0.0,"max_hp_loss":0.0,"gold_gain":0.0,"event_name":"Cursed Tome","player_choice":"Obtained Book","floor":21.0,"gold_loss":0.0,"damage_taken":16.0},{"damage_healed":0,"gold_gain":0,"player_choice":"Fight","damage_taken":0,"max_hp_gain":0,"max_hp_loss":0,"event_name":"Mysterious Sphere","floor":36,"gold_loss":0}],"is_beta":false,"boss_relics":[{"not_picked":["Cursed Key","Tiny House"],"picked":"Ectoplasm"},{"not_picked":["Snecko Eye","Philosopher\u0027s Stone"],"picked":"VioletLotus"}],"items_purged_floors":[3,29,37],"is_endless":false,"potions_floor_spawned":[1,6,13,16,19,23,27,31,36,39,44,48],"ascension_level":3}}