{"host":"is2s59edl8twrhoj","time":1608248894,"event":{"mods":["BaseMod","Colored Map","Colored Powertips","DeckTracker","Downfall","Minty Spire (QoL Compilation)","StSLib"],"gold_per_floor":[99,99,99,99,99,99,122,134,147,180,194,33,78,78,94,189,189,189,221,236,185,62,90,139,152,152,187,187,187,187,187,187],"floor_reached":31,"playtime":4231,"items_purged":["sneckomod:Strike","sneckomod:Defend"],"score":294,"play_id":"660f88cf-bb79-42e0-9eb3-50c4903bd49b","local_time":"20201217234814","is_ascension_mode":false,"campfire_choices":[{"data":"sneckomod:SnekBite","floor":1.0,"key":"SMITH"},{"data":"sneckomod:UnknownUncommonSkill","floor":3,"key":"SMITH"},{"data":"sneckomod:UnknownRareAttack","floor":18,"key":"SMITH"},{"data":"sneckomod:MasterEye","floor":26,"key":"SMITH"}],"circlet_count":0,"master_deck":["sneckomod:Defend+1","sneckomod:TailWhip+1","sneckomod:SnekBite+1","sneckomod:Unknown+1","sneckomod:Unknown","sneckomod:UnknownUncommonSkill+1","sneckomod:CheapStock","sneckomod:QuickBite","sneckomod:SlitherStrike","sneckomod:SerpentIdol","sneckomod:UnknownClassHEXA_GHOST_PURPLE","sneckomod:UnknownExhaust","sneckomod:UnknownUncommonPower","sneckomod:DiceBlock","sneckomod:UnknownRareAttack+1","sneckomod:UnknownRareSkill","sneckomod:DiceCrush+1","sneckomod:TrashToTreasure+1","sneckomod:DefensiveFlair+1","sneckomod:Unknown1Cost","sneckomod:RainOfDice","sneckomod:UnknownClassPURPLE","sneckomod:MasterEye+1","sneckomod:UnknownUncommonPower+1","sneckomod:UnknownUncommonPower","sneckomod:Unknown0Cost","sneckomod:WideSting","sneckomod:UnknownUncommonPower","sneckomod:UnknownRareAttack","sneckomod:Unknown1Cost+1","sneckomod:WideSting","sneckomod:Mudshield"],"relics":["sneckomod:SneckoSoul","downfall:HeartsMalice","sneckomod:LoadedDie","Potion Belt","Odd Mushroom","Question Card","Astrolabe","Akabeko","Smiling Mask"],"acts_visited":["Exordium","TheCity"],"potions_floor_usage":[10,16,16,25,27,30],"damage_taken":[{"damage":0.0,"enemies":"Cultist","floor":2.0,"turns":1.0},{"damage":0,"enemies":"Jaw Worm","floor":5,"turns":1},{"damage":0,"enemies":"Small Slimes","floor":6,"turns":1},{"damage":5,"enemies":"3 Louse","floor":8,"turns":4},{"damage":3,"enemies":"Gremlin Gang","floor":9,"turns":3},{"damage":22,"enemies":"3 Sentries","floor":10,"turns":6},{"damage":9,"enemies":"2 Fungi Beasts","floor":11,"turns":2},{"damage":1,"enemies":"downfall:FleeingMerchant","floor":12,"turns":4},{"damage":23,"enemies":"The Mushroom Lair","floor":13,"turns":3},{"damage":10,"enemies":"Lots of Slimes","floor":15,"turns":3},{"damage":26,"enemies":"downfall:Watcher","floor":16,"turns":6},{"damage":8,"enemies":"Gremlin Leader","floor":19,"turns":6},{"damage":0,"enemies":"Chosen","floor":20,"turns":3},{"damage":1,"enemies":"downfall:FleeingMerchant","floor":21,"turns":4},{"damage":22,"enemies":"downfall:FleeingMerchant","floor":22,"turns":4},{"damage":29,"enemies":"downfall:FleeingMerchant","floor":23,"turns":4},{"damage":10,"enemies":"Chosen and Byrds","floor":25,"turns":5},{"damage":37,"enemies":"Slavers","floor":27,"turns":4},{"damage":5,"enemies":"Cultist and Chosen","floor":30,"turns":3},{"damage":10,"enemies":"Centurion and Healer","floor":31,"turns":2}],"seed_played":"-1181747024603844625","potions_obtained":[{"floor":8,"key":"sneckomod:DiceRollPotion"},{"floor":9,"key":"Energy Potion"},{"floor":13,"key":"PowerPotion"},{"floor":15,"key":"SmokeBomb"},{"floor":16,"key":"sneckomod:DiceRollPotion"},{"floor":25,"key":"Dexterity Potion"},{"floor":25,"key":"Energy Potion"},{"floor":27,"key":"Energy Potion"}],"is_trial":false,"path_per_floor":["R","M","R","?","M","M","T","M","M","E","M","$","?","T","M","B",null,"R","E","M","$","$","$","T","M","R","E","?","?","M","M"],"character_chosen":"THE_SNECKO","items_purchased":["sneckomod:UnknownUncommonPower","sneckomod:MasterEye","sneckomod:UnknownUncommonPower","sneckomod:Unknown0Cost","sneckomod:UnknownUncommonPower","sneckomod:UnknownRareAttack"],"campfire_rested":0,"item_purchase_floors":[12,21,22,22,23,23],"current_hp_per_floor":[90,91,91,91,91,91,91,86,83,61,53,61,38,38,29,4,96,96,89,89,89,80,53,53,51,51,14,14,14,9,0,0],"gold":187,"neow_bonus":"THREE_ENEMY_KILL","is_daily":false,"chose_seed":false,"campfire_upgraded":4,"win_rate":0.0,"timestamp":1608248894,"path_taken":["R","M","R","?","M","?","T","M","?","E","M","$","?","?","M","BOSS","R","E","M","$","$","$","T","M","R","E","?","?","M","?"],"items_purchased_type":["Card","Card","Card","Card","Card","Card"],"build_version":"2020-12-13","purchased_purges":2,"victory":false,"max_hp_per_floor":[90,91,91,91,91,91,91,91,91,91,92,94,94,94,95,96,96,96,97,97,98,101,103,103,104,104,104,104,104,104,104,104],"card_choices":[{"not_picked":["sneckomod:SnakeSap","sneckomod:UnknownCommonSkill"],"picked":"sneckomod:UnknownUncommonSkill","floor":2},{"not_picked":["sneckomod:UnknownCommonAttack","sneckomod:QuickMove"],"picked":"sneckomod:CheapStock","floor":5},{"not_picked":["sneckomod:IronFang","sneckomod:UnknownExhaust"],"picked":"sneckomod:QuickBite","floor":6},{"not_picked":["sneckomod:SoulDraw","sneckomod:Nope","sneckomod:TrashToTreasure"],"picked":"SKIP","floor":8},{"not_picked":["sneckomod:UnknownStrike","sneckomod:DiceCrush"],"picked":"sneckomod:SlitherStrike","floor":9},{"not_picked":["sneckomod:UnknownClassPURPLE","sneckomod:SoulCleanse"],"picked":"sneckomod:SerpentIdol","floor":10},{"not_picked":["sneckomod:DefensiveFlair","sneckomod:QuickBite"],"picked":"sneckomod:UnknownClassHEXA_GHOST_PURPLE","floor":11},{"not_picked":["sneckomod:SoulRoll","sneckomod:SnekBeam"],"picked":"sneckomod:UnknownExhaust","floor":12},{"not_picked":["sneckomod:UnknownWeak","sneckomod:ImprovisedAttack"],"picked":"sneckomod:DiceBlock","floor":13},{"not_picked":["sneckomod:SnakeSap","sneckomod:SnekBeam","sneckomod:WideSting"],"picked":"sneckomod:UnknownRareAttack","floor":15},{"not_picked":["sneckomod:Restock","sneckomod:Unknown3Cost","sneckomod:DangerNoodle"],"picked":"sneckomod:UnknownRareSkill","floor":16},{"not_picked":["sneckomod:DiceBlock","sneckomod:QuickBite","sneckomod:UnknownStrike"],"picked":"sneckomod:Unknown1Cost","floor":19},{"not_picked":["sneckomod:UnknownCommonAttack","sneckomod:IronFang","sneckomod:Mudshield"],"picked":"sneckomod:RainOfDice","floor":20},{"not_picked":["sneckomod:SoulRoll+1","sneckomod:UnknownClassTHE_CHAMP_GRAY","sneckomod:IronFang"],"picked":"sneckomod:UnknownClassPURPLE","floor":21},{"not_picked":["sneckomod:UnknownCommonAttack","sneckomod:SoulCleanse","sneckomod:Unknown1Cost+1"],"picked":"sneckomod:UnknownUncommonPower+1","floor":22},{"not_picked":["sneckomod:DiceCrush","sneckomod:SoulDraw","sneckomod:SoulCleanse"],"picked":"sneckomod:WideSting","floor":23},{"not_picked":["sneckomod:UnknownVulnerable","sneckomod:UnknownClassRED","sneckomod:DiceCrush"],"picked":"sneckomod:Unknown1Cost+1","floor":25},{"not_picked":["sneckomod:UnknownRareAttack","sneckomod:Unknown1Cost+1","sneckomod:UnknownClassPURPLE"],"picked":"sneckomod:WideSting","floor":27}],"player_experience":638863,"relics_obtained":[{"floor":7,"key":"sneckomod:LoadedDie"},{"floor":10,"key":"Potion Belt"},{"floor":13,"key":"Odd Mushroom"},{"floor":14,"key":"Question Card"},{"floor":19,"key":"Akabeko"},{"floor":24,"key":"MealTicket"},{"floor":27,"key":"Smiling Mask"}],"event_choices":[{"damage_healed":0,"gold_gain":0,"player_choice":"Upgraded","damage_taken":0,"max_hp_gain":0,"max_hp_loss":0,"event_name":"Upgrade Shrine","floor":4,"gold_loss":0,"cards_upgraded":["sneckomod:TailWhip"]},{"damage_healed":0,"gold_gain":0,"player_choice":"Fought Mushrooms","damage_taken":0,"max_hp_gain":0,"max_hp_loss":0,"event_name":"Mushrooms","floor":13,"gold_loss":0},{"damage_healed":0,"gold_gain":0,"player_choice":"Ignored","damage_taken":0,"max_hp_gain":0,"max_hp_loss":0,"event_name":"Ghosts","floor":28,"gold_loss":0}],"is_beta":false,"boss_relics":[{"not_picked":["Runic Dome","SlaversCollar"],"picked":"Astrolabe"}],"items_purged_floors":[12,23],"is_endless":false,"potions_floor_spawned":[8,9,13,16,25,27,30],"killed_by":"Centurion and Healer","ascension_level":0}}