{"host":"qgwlv9366poilr0p","time":1608238186,"event":{"mods":["BaseMod","Colored Powertips","Conspire","Dota2Spire","Friendly Minions","Halation","Hubris","Infinite Spire","Minty Spire (QoL Compilation)","Relic Stats","Replay The Spire","Shop Mod","StSLib","The Blue Laboratory","Wandering Minibosses","vexMod"],"gold_per_floor":[364,364,364,385,432,432,163,204,204,229,229,314,133,148,148,148,148],"floor_reached":16,"playtime":609,"items_purged":["Strike_B"],"score":189,"play_id":"748851de-0983-44cf-b3e2-056f133fe50c","local_time":"20201217214946","is_ascension_mode":true,"campfire_choices":[{"data":"Zap","floor":6,"key":"SMITH"},{"floor":11,"key":"REST"},{"floor":15,"key":"REST"}],"circlet_count":0,"master_deck":["AscendersBane","Strike_B","Strike_B","Defend_B","Defend_B","Defend_B","Defend_B","Zap+1","Dualcast","Heatsinks","Cold Snap","Loop","Genetic Algorithm","Secret Technique","hubris:EnhanceAbility","Metamorphosis","Core Surge","Coolheaded","hubris:Ukulele","Chaos+1","Electrodynamics","Coolheaded"],"relics":["Cracked Core","Golden Idol","Geode","ReplayTheSpireMod:ShopPack","hubris:MobiusCoin","Blue Doll","Dota2Spire:LotusOrb"],"acts_visited":["Exordium"],"potions_floor_usage":[8],"damage_taken":[{"damage":0,"enemies":"Small Slimes","floor":1,"turns":3},{"damage":4,"enemies":"Jaw Worm","floor":4,"turns":5},{"damage":21,"enemies":"Gremlin Nob","floor":8,"turns":5},{"damage":8,"enemies":"Cultist","floor":10,"turns":4},{"damage":17,"enemies":"Lagavulin","floor":12,"turns":6},{"damage":4,"enemies":"2 Fungi Beasts","floor":14,"turns":3},{"damage":31,"enemies":"The Guardian","floor":16,"turns":2}],"seed_played":"2259200468868946124","potions_obtained":[{"floor":1,"key":"Block Potion"},{"floor":12,"key":"SneckoOil"},{"floor":14,"key":"Block Potion"}],"is_trial":false,"path_per_floor":["M","?","?","M","T","R","$","E","T","M","R","E","$","M","R","B"],"character_chosen":"DEFECT","items_purchased":["Loop","Genetic Algorithm","ReplayTheSpireMod:ShopPack","Chaos+1","Electrodynamics"],"campfire_rested":2,"item_purchase_floors":[7,7,7,13,13],"current_hp_per_floor":[46,46,46,42,42,42,42,21,21,13,32,15,15,11,30,0,0],"gold":148,"neow_bonus":"TWO_FIFTY_GOLD","is_daily":false,"chose_seed":false,"campfire_upgraded":1,"win_rate":0.0,"timestamp":1608238186,"path_taken":["M","?","?","M","?","R","$","E","T","M","R","E","$","M","R","BOSS"],"items_purchased_type":["Card","Card","Relic","Card","Card"],"build_version":"2020-12-13","purchased_purges":1,"victory":false,"max_hp_per_floor":[71,71,64,64,64,64,64,64,64,64,64,64,64,64,64,64,64],"relic_stats":{"counters":[7,28],"Golden Idol":27,"obtain_stats":[{"hubris:MobiusCoin":8,"Golden Idol":3,"Blue Doll":9,"Geode":5,"Cracked Core":0,"Dota2Spire:LotusOrb":12,"ReplayTheSpireMod:ShopPack":7},{"hubris:MobiusCoin":3,"Golden Idol":1,"Blue Doll":3,"Geode":2,"Cracked Core":0,"Dota2Spire:LotusOrb":5,"ReplayTheSpireMod:ShopPack":2},{"hubris:MobiusCoin":13,"Golden Idol":3,"Blue Doll":13,"Geode":8,"Cracked Core":0,"Dota2Spire:LotusOrb":23,"ReplayTheSpireMod:ShopPack":8}]},"card_choices":[{"not_picked":["hubris:PowerSurge","Streamline"],"picked":"Heatsinks","floor":1},{"not_picked":["Compile Driver","Melter"],"picked":"Cold Snap","floor":4},{"not_picked":["ReplayUltimateDefense","Sadistic Nature"],"picked":"Secret Technique","floor":7},{"not_picked":["Replay:Bootleg Shield Generator","Bandage Up"],"picked":"hubris:EnhanceAbility","floor":7},{"not_picked":["Secret Technique","vexMod:EmailVexCard"],"picked":"Metamorphosis","floor":7},{"not_picked":["Hologram","Beam Cell"],"picked":"Core Surge","floor":8},{"not_picked":["Leap","hubris:PowerSurge"],"picked":"Coolheaded","floor":10},{"not_picked":["Turbo","Barrage"],"picked":"hubris:Ukulele","floor":12},{"not_picked":["Sweeping Beam","conspire:Rain"],"picked":"Coolheaded","floor":14}],"player_experience":1063328,"relics_obtained":[{"floor":5,"key":"Geode"},{"floor":8,"key":"hubris:MobiusCoin"},{"floor":9,"key":"Blue Doll"},{"floor":12,"key":"Dota2Spire:LotusOrb"}],"event_choices":[{"damage_healed":0,"gold_gain":0,"player_choice":"Lose Max HP","damage_taken":0,"relics_obtained":["Golden Idol"],"max_hp_gain":0,"max_hp_loss":7,"event_name":"Golden Idol","floor":3,"gold_loss":0}],"is_beta":false,"boss_relics":[],"items_purged_floors":[13],"is_endless":false,"potions_floor_spawned":[1,12,14],"killed_by":"The Guardian","ascension_level":15}}