{"host":"l06yqrb1yohq5z72","time":1608229022,"event":{"mods":["2.2 Compatiblity","AchievementEnabler","Act Like it!","Always Whale","Ascension Reborn","Aspiration","BaseMod","Beaked The Cultist","Bestiary","Better Altar","Better Match","Better Note","Better Sensory Stone","Better Skull","Better Third Choice","BetterRewards","Card Forge","Challenge The Spire","Colored Map","Colored Powertips","Conspire","Curses Come First","Downfall","Duelist Mod","Friendly Minions","GifTheSpireLib","Googly Eyes","Halation","Highlight Path","Hubris","Infinite Spire","Jedi Mod","Jorbs\u0027s Wanderer Trilogy","Marisa????????","Mimic Mod","Minty Spire (QoL Compilation)","Practice Mode","Quick Restart","RNG!","Random Character Button","Rare Cards Sparkle","Relic Sorter","Relic Stats","Replay The Spire","Shop Mod","Spire Birthday Party","StSLib","SuperFastMode","The Construct","The Cursed","The Disciple","The Jungle","Uncapped","slay the spire mod where everything is the same but ironclad has a cowboy hat","vexMod"],"gold_per_floor":[145,163,163,178,178,178,189,202,235,235,267,74,74,92,92,92,92],"floor_reached":16,"playtime":1032,"items_purged":[],"score":102,"play_id":"eac13ed4-3e24-46ee-af17-9165a22a0264","local_time":"20201217131702","is_ascension_mode":true,"campfire_choices":[{"floor":6,"key":"REST"},{"data":"theDuelist:HeartUnderdog","floor":10,"key":"SMITH"},{"data":"theDuelist:NatureReflection","floor":13,"key":"SMITH"},{"data":"theDuelist:NaturiaHorneedle","floor":15,"key":"SMITH"}],"circlet_count":0,"master_deck":["theDuelist:CastleWalls","theDuelist:CastleWalls+1","theDuelist:CastleWalls","theDuelist:NaturiaBeast","theDuelist:NaturiaCliff","theDuelist:NaturiaRock+1","theDuelist:NaturiaTulip","theDuelist:Sparks","theDuelist:Sparks","theDuelist:Sparks+1","theDuelist:NatureReflection+1","theDuelist:NaturiaPineapple","theDuelist:NaturiaHorneedle+1","theDuelist:HeartUnderdog+1","LessonLearned","theDuelist:NaturiaMarron","theDuelist:NaturiaCliff","theDuelist:MultiplicationOfAnts","theDuelist:NaturiaSunflower","theDuelist:CastleWalls","theDuelist:NaturiaBambooShoot"],"relics":["BlueBox","Counterbalance","jedi:equalizer","Nitrogen?","hexamod:SpiritBrand","Slimebound:AbsorbEndCombat","hubris:VirtuousBlindfold","vexMod:GhostlyGear","aspiration:Nostalgia","Replay:Lucky Slots","Sundial","hubris:Teleporter","TwistedFunnel","halation:BottledHappiness","theDuelist:CardRewardRelicB","theDuelist:CardRewardRelicI","infinitespire:Chaos","Iron Core"],"acts_visited":["Exordium"],"potions_floor_usage":[11],"damage_taken":[{"damage":0,"enemies":"conspire:RoseBush","floor":1,"turns":3},{"damage":2,"enemies":"Cultist","floor":2,"turns":5},{"damage":0,"enemies":"Jaw Worm","floor":4,"turns":3},{"damage":0,"enemies":"conspire:2 RoseBushes","floor":7,"turns":3},{"damage":0,"enemies":"Large Slime","floor":8,"turns":5},{"damage":4,"enemies":"Looter","floor":9,"turns":6},{"damage":17,"enemies":"Gremlin Nob","floor":11,"turns":5},{"damage":3,"enemies":"Looter","floor":14,"turns":3},{"damage":0,"enemies":"Hexaghost","floor":16,"turns":3}],"seed_played":"-2182932904207462296","potions_obtained":[{"floor":2,"key":"Ancient Potion"},{"floor":11,"key":"theDuelist:LavaBottle"}],"is_trial":false,"path_per_floor":["M","M","?","M","?","R","M","M","MIM","R","E","$","R","M","R","B"],"character_chosen":"THE_DUELIST","items_purchased":["infinitespire:Chaos","theDuelist:NaturiaMarron"],"campfire_rested":1,"item_purchase_floors":[12,12],"current_hp_per_floor":[80,78,3,3,3,27,27,27,23,23,6,6,6,3,3,3,3],"gold":92,"neow_bonus":"RANDOM_EVENT","is_daily":false,"chose_seed":false,"campfire_upgraded":3,"win_rate":0.0,"timestamp":1608229022,"path_taken":["M","M","?","?","?","R","?","M","MIM","R","E","$","R","M","R","BOSS"],"items_purchased_type":["Relic","Card"],"build_version":"2020-12-13","purchased_purges":0,"victory":false,"max_hp_per_floor":[80,80,80,80,80,80,80,80,80,80,80,80,80,80,80,80,80],"relic_stats":{"counters":[9,36],"Sundial":[2],"obtain_stats":[{"TwistedFunnel":12,"theDuelist:CardRewardRelicI":12,"Iron Core":12,"hubris:VirtuousBlindfold":12,"Hammer of Thor":0,"theDuelist:CardRewardRelicB":12,"hubris:SlimyHat":9,"theDuelist:MillenniumPuzzle":0,"theDuelist:BoosterPackPoolRelic":0,"Sundial":12,"hubris:DeckOfHolding":11,"theDuelist:CardPoolAddRelic":0,"Replay:Lucky Slots":12,"theDuelist:CardPoolOptionsRelic":0,"halation:KoshaPiece":3,"infinitespire:Chaos":12,"hexamod:SpiritBrand":12,"theDuelist:CardPoolRelic":0,"hubris:Teleporter":12,"Happy Flower":3,"aspiration:Nostalgia":12,"Counterbalance":12,"infinitespire:EmptyRelic":12,"halation:BottledHappiness":12,"theDuelist:CardPoolSaveRelic":0,"Seething Fire":0,"aspiration:HiddenCompartment":3,"vexMod:GhostlyGear":12,"theDuelist:CardPoolMinusRelic":0,"Anvil of the Gods":0,"theDuelist:CardPoolBasicRelic":0,"BlueBox":12,"Nitrogen?":12,"Slimebound:AbsorbEndCombat":12,"jedi:equalizer":12},{"TwistedFunnel":7,"theDuelist:CardRewardRelicI":7,"Iron Core":7,"hubris:VirtuousBlindfold":7,"Hammer of Thor":0,"theDuelist:CardRewardRelicB":7,"hubris:SlimyHat":6,"theDuelist:MillenniumPuzzle":0,"theDuelist:BoosterPackPoolRelic":0,"Sundial":7,"hubris:DeckOfHolding":7,"theDuelist:CardPoolAddRelic":0,"Replay:Lucky Slots":7,"theDuelist:CardPoolOptionsRelic":0,"halation:KoshaPiece":2,"infinitespire:Chaos":7,"hexamod:SpiritBrand":7,"theDuelist:CardPoolRelic":0,"hubris:Teleporter":7,"Happy Flower":2,"aspiration:Nostalgia":7,"Counterbalance":7,"infinitespire:EmptyRelic":7,"halation:BottledHappiness":7,"theDuelist:CardPoolSaveRelic":0,"Seething Fire":0,"aspiration:HiddenCompartment":2,"vexMod:GhostlyGear":7,"theDuelist:CardPoolMinusRelic":0,"Anvil of the Gods":0,"theDuelist:CardPoolBasicRelic":0,"BlueBox":7,"Nitrogen?":7,"Slimebound:AbsorbEndCombat":7,"jedi:equalizer":7},{"TwistedFunnel":30,"theDuelist:CardRewardRelicI":30,"Iron Core":30,"hubris:VirtuousBlindfold":30,"Hammer of Thor":0,"theDuelist:CardRewardRelicB":30,"hubris:SlimyHat":25,"theDuelist:MillenniumPuzzle":0,"theDuelist:BoosterPackPoolRelic":0,"Sundial":30,"hubris:DeckOfHolding":30,"theDuelist:CardPoolAddRelic":0,"Replay:Lucky Slots":30,"theDuelist:CardPoolOptionsRelic":0,"halation:KoshaPiece":8,"infinitespire:Chaos":30,"hexamod:SpiritBrand":30,"theDuelist:CardPoolRelic":0,"hubris:Teleporter":30,"Happy Flower":8,"aspiration:Nostalgia":30,"Counterbalance":30,"infinitespire:EmptyRelic":30,"halation:BottledHappiness":30,"theDuelist:CardPoolSaveRelic":0,"Seething Fire":0,"aspiration:HiddenCompartment":8,"vexMod:GhostlyGear":30,"theDuelist:CardPoolMinusRelic":0,"Anvil of the Gods":0,"theDuelist:CardPoolBasicRelic":0,"BlueBox":30,"Nitrogen?":30,"Slimebound:AbsorbEndCombat":30,"jedi:equalizer":30}]},"card_choices":[{"not_picked":["theDuelist:NaturiaHydrangea","theDuelist:NaturiaDragonfly","theDuelist:NaturiaTulip","theDuelist:NaturiaSunflower"],"picked":"theDuelist:NatureReflection","floor":1},{"not_picked":["theDuelist:NaturiaSpiderfang","theDuelist:FossilExcavation","theDuelist:NaturiaWhiteOak","theDuelist:LuminousMoss"],"picked":"theDuelist:NaturiaPineapple","floor":2},{"not_picked":["theDuelist:NaturiaBambooShoot","theDuelist:MultiplicationOfAnts","theDuelist:NaturiaLandoise","theDuelist:DigitalBug"],"picked":"theDuelist:NaturiaHorneedle","floor":4},{"not_picked":["theDuelist:NaturiaVein","theDuelist:MultiplicationOfAnts"],"picked":"theDuelist:HeartUnderdog","floor":7},{"not_picked":["theDuelist:NaturiaEggplant","theDuelist:NaturiaCliff","theDuelist:FuryFire","theDuelist:NaturiaMosquito","theDuelist:BrainCrusher"],"picked":"SKIP","floor":8},{"not_picked":["theDuelist:NaturiaHydrangea","theDuelist:NaturiaEggplant","theDuelist:NaturiaDragonfly","theDuelist:NaturiaCliff","theDuelist:SurvivalInstinct"],"picked":"SKIP","floor":11},{"not_picked":["theDuelist:NaturiaAntjaw","theDuelist:NaturiaEggplant","theDuelist:NaturiaHydrangea","theDuelist:NaturiaPumpkin"],"picked":"theDuelist:NaturiaCliff","floor":14},{"not_picked":["theDuelist:NaturiaVein","theDuelist:Wildfire"],"picked":"theDuelist:MultiplicationOfAnts","floor":14},{"not_picked":["theDuelist:NaturiaEggplant","theDuelist:NaturiaRagweed","theDuelist:NaturiaHydrangea","theDuelist:NaturiaBambooShoot"],"picked":"theDuelist:NaturiaSunflower","floor":14}],"player_experience":474994,"relics_obtained":[{"floor":9,"key":"hubris:SlimyHat"},{"floor":11,"key":"hubris:DeckOfHolding"}],"event_choices":[{"damage_healed":0,"gold_gain":0,"player_choice":"Grow","damage_taken":0,"max_hp_gain":0,"max_hp_loss":0,"event_name":"Living Wall","floor":0,"gold_loss":0,"cards_upgraded":["theDuelist:NaturiaRock"]},{"damage_healed":0,"gold_gain":0,"player_choice":"RE RE RE UP ","damage_taken":83,"relics_obtained":["Happy Flower","aspiration:HiddenCompartment","halation:KoshaPiece"],"max_hp_gain":0,"max_hp_loss":0,"event_name":"betterSkull:BetterSkull","floor":3,"gold_loss":0,"cards_upgraded":["theDuelist:CastleWalls"]},{"damage_healed":0,"gold_gain":0,"player_choice":"Leave","duelist":true,"damage_taken":0,"max_hp_gain":0,"max_hp_loss":0,"event_name":"Relic Duplicator","floor":5,"gold_loss":0}],"is_beta":false,"boss_relics":[],"items_purged_floors":[],"is_endless":false,"potions_floor_spawned":[2,11],"killed_by":"Hexaghost","ascension_level":0}}