{"host":"7pe9xwx78c6nlay8","time":1608183718,"event":{"mods":["BaseMod","Minty Spire (QoL Compilation)"],"gold_per_floor":[112,126,126,126,140,140,174,174,174,207,207,217,230,230,230,329,329,342,342,359,371,382,382,382],"floor_reached":23,"playtime":872,"items_purged":[],"score":353,"play_id":"e23559b2-24e5-406f-8835-12aee35dac65","local_time":"20201217134158","is_ascension_mode":true,"campfire_choices":[{"data":"Eruption","floor":6,"key":"SMITH"},{"data":"TalkToTheHand","floor":8,"key":"SMITH"},{"data":"CutThroughFate","floor":15,"key":"SMITH"}],"circlet_count":0,"master_deck":["AscendersBane","Strike_P","Strike_P","Strike_P","Defend_P","Defend_P","Eruption+1","Vigilance","TalkToTheHand+1","FollowUp","CutThroughFate+1","ThirdEye","Judgement","Wireheading+1"],"relics":["PureWater","NeowsBlessing","Pantograph","StrikeDummy","Toy Ornithopter","Black Star"],"acts_visited":["Exordium","TheCity"],"potions_floor_usage":[12,13,13,16,20,23,23],"damage_taken":[{"damage":0,"enemies":"Cultist","floor":1,"turns":1},{"damage":0,"enemies":"2 Louse","floor":2,"turns":1},{"damage":0,"enemies":"Jaw Worm","floor":5,"turns":1},{"damage":37,"enemies":"Lagavulin","floor":7,"turns":5},{"damage":0,"enemies":"Gremlin Nob","floor":10,"turns":2},{"damage":2,"enemies":"Red Slaver","floor":12,"turns":2},{"damage":5,"enemies":"Looter","floor":13,"turns":3},{"damage":15,"enemies":"The Guardian","floor":16,"turns":11},{"damage":0,"enemies":"Chosen","floor":18,"turns":3},{"damage":5,"enemies":"Shell Parasite","floor":20,"turns":6},{"damage":8,"enemies":"Centurion and Healer","floor":21,"turns":5},{"damage":37,"enemies":"Snake Plant","floor":22,"turns":5},{"damage":26,"enemies":"Book of Stabbing","floor":23,"turns":5}],"seed_played":"-3684221084298959662","potions_obtained":[{"floor":7,"key":"ColorlessPotion"},{"floor":10,"key":"EntropicBrew"},{"floor":12,"key":"BottledMiracle"},{"floor":18,"key":"Block Potion"},{"floor":22,"key":"BlessingOfTheForge"}],"is_trial":false,"path_per_floor":["M","M","?","?","M","R","E","R","T","E","?","M","M","?","R","B",null,"M","?","M","M","M","E"],"character_chosen":"WATCHER","items_purchased":[],"campfire_rested":0,"item_purchase_floors":[],"current_hp_per_floor":[65,65,65,65,65,65,28,28,28,28,28,31,36,41,41,56,72,72,72,72,64,27,11,11],"gold":382,"neow_bonus":"THREE_ENEMY_KILL","is_daily":false,"chose_seed":false,"campfire_upgraded":3,"win_rate":0.0,"timestamp":1608183718,"path_taken":["M","?","?","?","?","R","E","R","T","E","?","?","M","?","R","BOSS","M","?","M","M","M","E"],"items_purchased_type":[],"build_version":"2020-12-13","purchased_purges":0,"victory":false,"max_hp_per_floor":[72,72,72,72,72,72,72,72,72,72,72,72,72,77,77,77,77,77,77,77,77,77,77,77],"card_choices":[{"not_picked":["PathToVictory","CutThroughFate"],"picked":"TalkToTheHand","floor":1},{"not_picked":["ClearTheMind","MentalFortress"],"picked":"FollowUp","floor":2},{"not_picked":["Vengeance","InnerPeace","Study"],"picked":"SKIP","floor":5},{"not_picked":["WindmillStrike","MentalFortress"],"picked":"ThirdEye","floor":7},{"not_picked":["Conclude","Halt","Crescendo"],"picked":"SKIP","floor":10},{"not_picked":["Vengeance","Fasting2","Worship"],"picked":"SKIP","floor":12},{"not_picked":["EmptyBody","Study","ClearTheMind"],"picked":"SKIP","floor":13},{"not_picked":["Alpha","Establishment"],"picked":"Judgement","floor":16},{"not_picked":["Wallop+1","Study"],"picked":"Wireheading+1","floor":18},{"not_picked":["FlurryOfBlows","Fasting2","CrushJoints+1"],"picked":"SKIP","floor":20},{"not_picked":["SashWhip","BowlingBash","Prostrate"],"picked":"SKIP","floor":21},{"not_picked":["EmptyMind","FlyingSleeves","Crescendo"],"picked":"SKIP","floor":22}],"player_experience":1532307,"relics_obtained":[{"floor":7,"key":"Pantograph"},{"floor":9,"key":"StrikeDummy"},{"floor":10,"key":"Toy Ornithopter"}],"event_choices":[{"cards_removed":["Defend_P"],"damage_healed":0,"gold_gain":0,"player_choice":"Forget","damage_taken":0,"max_hp_gain":0,"max_hp_loss":0,"event_name":"Living Wall","floor":3,"gold_loss":0},{"damage_healed":0,"gold_gain":0,"cards_transformed":["Strike_P"],"player_choice":"Transformed","damage_taken":0,"max_hp_gain":0,"max_hp_loss":0,"event_name":"Transmorgrifier","floor":4,"gold_loss":0,"cards_obtained":["CutThroughFate"]},{"damage_healed":0,"gold_gain":0,"player_choice":"Got Potions","damage_taken":0,"max_hp_gain":0,"max_hp_loss":0,"event_name":"Lab","floor":11,"gold_loss":0},{"damage_healed":0,"gold_gain":0,"player_choice":"Donut","damage_taken":0,"max_hp_gain":5,"max_hp_loss":0,"event_name":"Big Fish","floor":14,"gold_loss":0},{"cards_removed":["Defend_P"],"damage_healed":0,"gold_gain":0,"player_choice":"Elegance","damage_taken":0,"max_hp_gain":0,"max_hp_loss":0,"event_name":"Back to Basics","floor":19,"gold_loss":0}],"is_beta":false,"boss_relics":[{"not_picked":["Astrolabe","Tiny House"],"picked":"Black Star"}],"items_purged_floors":[],"is_endless":false,"potions_floor_spawned":[7,10,12,18,22],"killed_by":"Book of Stabbing","ascension_level":11}}