{"host":"lpze9ywvzk5bsxql","time":1608213448,"event":{"mods":["2.2 Compatiblity","BaseMod","Bestiary","Better Third Choice","Colored Map","Downfall","Ironclad Rager","Minty Spire (QoL Compilation)","Replay The Spire","StSLib"],"gold_per_floor":[99,110,120,148,73,93,93,127,52,86,86,102,121,145,164,269,269,194,194,194,208,224,243,293,327,327,357,396,409,428,428,446,551,601,601,268,318,348,348,375,402,402,416,416,429,455,467,482,502,502],"floor_reached":51,"playtime":6623,"items_purged":[],"score":944,"play_id":"daf5d65c-3528-4d57-ad4c-ea9c61b47bc9","local_time":"20201217145728","is_ascension_mode":false,"campfire_choices":[{"floor":1,"key":"RECALL"},{"floor":5,"key":"REST"},{"floor":9,"key":"REST"},{"data":"champ:DefensiveStyle","floor":18,"key":"SMITH"},{"data":"champ:HoldFirm","floor":20,"key":"SMITH"},{"data":"champ:Improvising","floor":35,"key":"SMITH"},{"data":"champ:EndlessRage","floor":42,"key":"SMITH"},{"data":"champ:ViciousMockery","floor":44,"key":"SMITH"}],"circlet_count":0,"master_deck":["champ:Strike","champ:Strike","champ:Strike","champ:Defend","champ:Defend","champ:Defend+1","champ:Defend","champ:Execute","champ:Taunt","champ:BringItOn","champ:ViciousMockery+1","champ:DefensiveStyle+1","champ:FlashCut","champ:Haymaker","champ:TornadoPunch","champ:CrownThrow","champ:HoldFirm+1","champ:EndlessRage+1","champ:DefensiveShout","champ:ShieldThrow","champ:TornadoPunch+1","champ:SkillfulDodge","champ:SkillfulDodge+1","champ:Circumvent+1","champ:AdrenalArmor+1","champ:StanceDance","champ:Encircle","Shame","champ:Improvising+1","champ:GutPunch","champ:AdrenalArmor+1","champ:BringItOn+1","champ:StanceDance","champ:FocusedBerserking+1","champ:ArenaPreparation+1","champ:CrookedStrike+1"],"relics":["champ:ChampionCrown","TungstenRod","downfall:HeartBlessingRed","Darkstone Periapt","downfall:HeartBlessingGreen","ReplayTheSpireMod:TigerMarble","Bag of Marbles","champ:ChampionCrownUpgraded","downfall:HeartBlessingBlue","Oddly Smooth Stone","Ancient Tea Set","Strawberry","Peace Pipe","Replay:Mystery Machine","Tiny House","Torii","Toy Ornithopter","Du-Vu Doll","Nunchaku","Replay:Wax Seal"],"acts_visited":["Exordium","TheCity","TheBeyond"],"potions_floor_usage":[8,15,16,25,27,33,33,33,37,50],"damage_taken":[{"damage":19,"enemies":"Cultist","floor":2,"turns":4},{"damage":7,"enemies":"Small Slimes","floor":3,"turns":6},{"damage":55,"enemies":"Gremlin Nob","floor":4,"turns":6},{"damage":4,"enemies":"Jaw Worm","floor":6,"turns":3},{"damage":17,"enemies":"Lagavulin","floor":8,"turns":8},{"damage":20,"enemies":"3 Sentries","floor":10,"turns":6},{"damage":2,"enemies":"Blue Slaver","floor":12,"turns":2},{"damage":0,"enemies":"Exordium Wildlife","floor":13,"turns":2},{"damage":4,"enemies":"Large Slime","floor":15,"turns":5},{"damage":29,"enemies":"downfall:Silent","floor":16,"turns":12},{"damage":2,"enemies":"Chosen","floor":21,"turns":3},{"damage":4,"enemies":"Shell Parasite","floor":22,"turns":3},{"damage":4,"enemies":"Snake Plant","floor":23,"turns":2},{"damage":4,"enemies":"Gremlin Leader","floor":25,"turns":7},{"damage":6,"enemies":"Replay:Snechameleon","floor":27,"turns":2},{"damage":15,"enemies":"Shelled Parasite and Fungi","floor":29,"turns":4},{"damage":6,"enemies":"Snecko","floor":30,"turns":5},{"damage":16,"enemies":"3 Cultists","floor":32,"turns":4},{"damage":75,"enemies":"downfall:Ironclad","floor":33,"turns":11},{"damage":34,"enemies":"Mind Bloom Boss Battle","floor":37,"turns":9},{"damage":110,"enemies":"Reptomancer","floor":38,"turns":6},{"damage":38,"enemies":"R_Hoarder","floor":40,"turns":10},{"damage":14,"enemies":"3 Darklings","floor":43,"turns":3},{"damage":30,"enemies":"3 Shapes","floor":45,"turns":2},{"damage":10,"enemies":"3 Darklings","floor":47,"turns":4},{"damage":11,"enemies":"Sphere and 2 Shapes","floor":48,"turns":4},{"damage":20,"enemies":"4 Shapes","floor":49,"turns":3},{"damage":28,"enemies":"downfall:Watcher","floor":50,"turns":7}],"seed_played":"1409254697414706786","potions_obtained":[{"floor":4,"key":"Guardian:BlockOnCardUsePotion"},{"floor":10,"key":"Swift Potion"},{"floor":13,"key":"sneckomod:MuddlingPotion"},{"floor":16,"key":"PowerPotion"},{"floor":19,"key":"CultistPotion"},{"floor":25,"key":"Energy Potion"},{"floor":27,"key":"champ:CounterPotion"},{"floor":30,"key":"Swift Potion"},{"floor":34,"key":"Toxic Potion"},{"floor":40,"key":"Weak Potion"},{"floor":45,"key":"Languid Potion"},{"floor":47,"key":"Swift Potion"},{"floor":49,"key":"Explosive Potion"}],"is_trial":false,"path_per_floor":["R_BF","M","M","E","R","M","T","E","R","E","?","M","M","T","M","B",null,"R","?","R","M","M","M","T","E","?","E","?","M","M","?","M","B",null,"R","?","?","E","?","E","T","R","M","R","M","?","M","M","M","B",null],"character_chosen":"THE_CHAMP","items_purchased":[],"campfire_rested":2,"item_purchase_floors":[],"current_hp_per_floor":[99,90,86,41,70,71,71,59,88,78,78,88,88,88,89,80,99,109,109,109,109,109,109,109,109,109,116,116,116,116,122,119,65,127,127,143,143,90,90,122,122,122,138,138,143,143,143,143,143,143],"gold":502,"neow_bonus":"TEN_PERCENT_HP_BONUS","is_daily":false,"chose_seed":false,"campfire_upgraded":5,"win_rate":0.0,"timestamp":1608213448,"path_taken":["R_BF","?","M","E","R","M","T","E","R","E","?","M","M","?","M","BOSS","R","?","R","M","M","M","T","E","?","E","?","?","M","?","M","BOSS","R","?","?","E","?","E","T","R","M","R","?","?","M","M","M","BOSS"],"items_purchased_type":[],"build_version":"2020-12-13","purchased_purges":0,"victory":true,"max_hp_per_floor":[99,99,99,99,99,99,99,99,99,99,99,99,99,99,99,99,99,109,109,109,109,109,109,109,109,109,116,116,116,116,122,122,122,127,127,143,143,143,143,143,143,143,143,143,143,143,143,143,143,143],"card_choices":[{"not_picked":["champ:TornadoPunch","champ:Haymaker"],"picked":"champ:BringItOn","floor":2},{"not_picked":["champ:Haymaker","champ:BerserkersShout"],"picked":"champ:ViciousMockery","floor":3},{"not_picked":["champ:GladiatorsShout","champ:Haymaker"],"picked":"champ:DefensiveStyle","floor":4},{"not_picked":["champ:BringItOn","champ:Backstep"],"picked":"champ:FlashCut","floor":6},{"not_picked":["champ:BerserkerStyle","champ:PerfectedStrike"],"picked":"champ:Haymaker","floor":8},{"not_picked":["champ:FightOn","champ:Duel"],"picked":"champ:TornadoPunch","floor":10},{"not_picked":["champ:Lariat","champ:RisingSlash"],"picked":"champ:HoldFirm","floor":12},{"not_picked":["champ:BerserkersShout","champ:GladiatorsShout"],"picked":"champ:EndlessRage","floor":13},{"not_picked":["champ:FocusedBerserking","champ:GladiatorsShout"],"picked":"champ:DefensiveShout","floor":15},{"not_picked":["champ:SwordThrow","champ:IgnorePain"],"picked":"champ:ShieldThrow","floor":16},{"not_picked":["champ:FlashCut","champ:Duel"],"picked":"champ:TornadoPunch+1","floor":21},{"not_picked":["champ:Haymaker","champ:Lariat","champ:GladiatorsShout+1"],"picked":"SKIP","floor":22},{"not_picked":["champ:FanOfKnives","champ:Encircle+1"],"picked":"champ:SkillfulDodge","floor":23},{"not_picked":["champ:IgnorePain","champ:PerfectedStrike"],"picked":"champ:SkillfulDodge+1","floor":25},{"not_picked":["champ:CalledShot","champ:Backstep"],"picked":"champ:Circumvent+1","floor":27},{"not_picked":["champ:BerserkerStyle+1","champ:Riposte"],"picked":"champ:AdrenalArmor+1","floor":28},{"not_picked":["champ:BladeFlurry","champ:TornadoPunch"],"picked":"champ:StanceDance","floor":29},{"not_picked":["champ:Backstep","champ:FocusedBerserking"],"picked":"champ:Encircle","floor":30},{"not_picked":["champ:FlashCut","champ:TornadoPunch","champ:FanOfKnives"],"picked":"SKIP","floor":32},{"not_picked":["champ:SteelEdge","champ:MurderStrike"],"picked":"champ:Improvising","floor":33},{"not_picked":["champ:FlashCut","champ:CalledShot"],"picked":"champ:GutPunch","floor":34},{"not_picked":["champ:Haymaker+1","champ:RecklessLeap+1"],"picked":"champ:AdrenalArmor+1","floor":37},{"not_picked":["champ:RecklessLeap+1","champ:LastStand"],"picked":"champ:BringItOn+1","floor":38},{"not_picked":["champ:BerserkersShout","champ:DefensiveShout+1"],"picked":"champ:StanceDance","floor":40},{"not_picked":["champ:Backstep","champ:DefensiveShout+1"],"picked":"champ:FocusedBerserking+1","floor":43},{"not_picked":["champ:Backstep+1","champ:TornadoPunch+1","champ:FanOfKnives"],"picked":"SKIP","floor":45},{"not_picked":["champ:GutPunch","champ:AdrenalArmor+1"],"picked":"champ:ArenaPreparation+1","floor":47},{"not_picked":["champ:Duel+1","champ:GutPunch","champ:FlashCut"],"picked":"SKIP","floor":48},{"not_picked":["champ:BladeFlurry","champ:GladiatorsShout+1"],"picked":"champ:CrookedStrike+1","floor":49}],"player_experience":237707,"relics_obtained":[{"floor":4,"key":"TungstenRod"},{"floor":8,"key":"Darkstone Periapt"},{"floor":10,"key":"ReplayTheSpireMod:TigerMarble"},{"floor":14,"key":"Bag of Marbles"},{"floor":24,"key":"Oddly Smooth Stone"},{"floor":25,"key":"Ancient Tea Set"},{"floor":27,"key":"Strawberry"},{"floor":28,"key":"Peace Pipe"},{"floor":37,"key":"Torii"},{"floor":38,"key":"Toy Ornithopter"},{"floor":40,"key":"Du-Vu Doll"},{"floor":41,"key":"Nunchaku"},{"floor":46,"key":"Replay:Wax Seal"}],"event_choices":[{"damage_healed":0,"gold_gain":0,"cards_transformed":["champ:Strike"],"player_choice":"Change","damage_taken":0,"max_hp_gain":0,"max_hp_loss":0,"event_name":"Living Wall","floor":11,"gold_loss":0,"cards_obtained":["champ:CrownThrow"]},{"damage_healed":0,"gold_gain":0,"player_choice":"Stole Relic","damage_taken":0,"relics_obtained":["Replay:Mystery Machine"],"max_hp_gain":0,"max_hp_loss":0,"event_name":"Addict","floor":31,"gold_loss":0,"cards_obtained":["Shame"]}],"is_beta":false,"boss_relics":[{"not_picked":["Busted Crown","Runic Pyramid"],"picked":"champ:ChampionCrownUpgraded"},{"not_picked":["Runic Dome","Kintsugi"],"picked":"Tiny House"}],"items_purged_floors":[],"is_endless":false,"potions_floor_spawned":[4,10,13,16,25,27,30,32,40,45,47,49],"ascension_level":0}}