{"host":"4fh9yvpwiit32sut","time":1608215993,"event":{"mods":["BaseMod","Better Note","Better Sensory Stone","Better Vampires","Block Reminder","Colored Map","Colored Powertips","Highlight Path","Minty Spire (QoL Compilation)","Quick Restart","Relic Sorter","StSLib"],"gold_per_floor":[109,10,29,43,43,43,57,87,87,87,87,145,179,179,179,278,278,278,6,6,6,6,6,6,6,6,6,6,6,6,6,6,6,6,6,6,6,6,6,6,6,6,6,6,6,6,6,6,6,6],"floor_reached":51,"playtime":8648,"items_purged":["Defend_R","Strike_R"],"score":955,"play_id":"65ab4d2c-2de6-4e80-8a7d-ca96555f67b2","local_time":"20201217093953","is_ascension_mode":true,"campfire_choices":[{"data":"Shrug It Off","floor":6,"key":"SMITH"},{"data":"Twin Strike","floor":10,"key":"SMITH"},{"data":"Bash","floor":15,"key":"SMITH"},{"data":"Demon Form","floor":24,"key":"SMITH"},{"data":"Shrug It Off","floor":29,"key":"SMITH"},{"data":"Dropkick","floor":32,"key":"SMITH"},{"data":"Seeing Red","floor":40,"key":"SMITH"},{"data":"Dropkick","floor":42,"key":"SMITH"},{"data":"Strike_R","floor":47,"key":"SMITH"},{"data":"Strike_R","floor":49,"key":"SMITH"}],"circlet_count":0,"master_deck":["Strike_R+1","Strike_R+1","Defend_R+1","Defend_R+1","Defend_R+1","Bash+1","Twin Strike+1","Shrug It Off+1","Battle Trance+1","Cleave+1","Dropkick+1","Demon Form+1","Shrug It Off+1","RitualDagger","Seeing Red+1","Dropkick+1","Pommel Strike+1","Regret"],"relics":["Burning Blood","Meat on the Bone","Kunai","Blood Vial","White Beast Statue","Ectoplasm","Toolbox","Bag of Marbles","War Paint","Thread and Needle","Prayer Wheel","Akabeko","Cursed Key","Pear","Mummified Hand"],"acts_visited":["Exordium","TheCity","TheBeyond"],"potions_floor_usage":[4,8,8,13,23,23,25,27,30,31,33,33,36,41,41,41,48,50,50],"damage_taken":[{"damage":6,"enemies":"Cultist","floor":1,"turns":3},{"damage":7,"enemies":"Jaw Worm","floor":3,"turns":3},{"damage":1,"enemies":"2 Louse","floor":4,"turns":3},{"damage":1,"enemies":"2 Fungi Beasts","floor":7,"turns":5},{"damage":29,"enemies":"Lagavulin","floor":8,"turns":8},{"damage":29,"enemies":"Lagavulin Event","floor":12,"turns":5},{"damage":10,"enemies":"3 Sentries","floor":13,"turns":4},{"damage":29,"enemies":"The Guardian","floor":16,"turns":12},{"damage":1,"enemies":"Chosen","floor":18,"turns":4},{"damage":2,"enemies":"Shell Parasite","floor":22,"turns":4},{"damage":20,"enemies":"Gremlin Leader","floor":23,"turns":4},{"damage":24,"enemies":"Slavers","floor":25,"turns":3},{"damage":10,"enemies":"Book of Stabbing","floor":27,"turns":4},{"damage":5,"enemies":"Snecko","floor":28,"turns":3},{"damage":3,"enemies":"3 Cultists","floor":30,"turns":4},{"damage":12,"enemies":"Slavers","floor":31,"turns":5},{"damage":40,"enemies":"Collector","floor":33,"turns":5},{"damage":12,"enemies":"3 Shapes","floor":35,"turns":2},{"damage":10,"enemies":"3 Darklings","floor":36,"turns":3},{"damage":0,"enemies":"Jaw Worm Horde","floor":37,"turns":3},{"damage":12,"enemies":"Writhing Mass","floor":39,"turns":3},{"damage":4,"enemies":"Reptomancer","floor":41,"turns":4},{"damage":2,"enemies":"3 Darklings","floor":44,"turns":2},{"damage":17,"enemies":"4 Shapes","floor":45,"turns":2},{"damage":20,"enemies":"Sphere and 2 Shapes","floor":48,"turns":3},{"damage":34,"enemies":"Awakened One","floor":50,"turns":11}],"seed_played":"7393309804640366058","potions_obtained":[{"floor":1,"key":"ColorlessPotion"},{"floor":7,"key":"ElixirPotion"},{"floor":8,"key":"Fruit Juice"},{"floor":12,"key":"SteroidPotion"},{"floor":16,"key":"Block Potion"},{"floor":18,"key":"Block Potion"},{"floor":22,"key":"Dexterity Potion"},{"floor":23,"key":"Fire Potion"},{"floor":25,"key":"Block Potion"},{"floor":27,"key":"Explosive Potion"},{"floor":28,"key":"Fire Potion"},{"floor":30,"key":"GamblersBrew"},{"floor":31,"key":"Swift Potion"},{"floor":33,"key":"LiquidBronze"},{"floor":35,"key":"SpeedPotion"},{"floor":36,"key":"SteroidPotion"},{"floor":37,"key":"EssenceOfSteel"},{"floor":39,"key":"ColorlessPotion"},{"floor":41,"key":"SteroidPotion"},{"floor":44,"key":"PowerPotion"},{"floor":45,"key":"LiquidMemories"},{"floor":48,"key":"Energy Potion"}],"is_trial":false,"path_per_floor":["M","$","M","M","$","R","M","E","T","R","?","?","E","?","R","B",null,"M","$","?","?","M","E","R","E","T","E","M","R","M","E","R","B",null,"M","M","M","?","M","R","E","R","T","M","M","?","R","M","R","B",null],"character_chosen":"IRONCLAD","items_purchased":["Shrug It Off","Shrug It Off","Toolbox"],"campfire_rested":0,"item_purchase_floors":[2,19,19],"current_hp_per_floor":[72,72,71,76,76,76,80,62,62,62,55,44,54,37,37,28,71,78,78,72,56,62,62,62,58,58,56,59,59,64,60,60,40,78,74,72,80,80,76,76,90,90,90,96,87,87,87,75,75,61],"gold":6,"neow_bonus":"REMOVE_CARD","is_daily":false,"chose_seed":false,"campfire_upgraded":10,"win_rate":0.0,"timestamp":1608215993,"path_taken":["M","$","?","M","?","R","M","E","T","R","?","?","E","?","R","BOSS","M","$","?","?","M","E","R","E","T","E","?","R","M","E","R","BOSS","M","?","M","?","M","R","E","R","T","M","M","?","R","?","R","BOSS"],"items_purchased_type":["Card","Card","Relic"],"build_version":"2020-12-13","purchased_purges":2,"victory":true,"max_hp_per_floor":[80,80,80,80,80,80,80,85,85,85,85,85,85,85,85,85,85,85,85,85,90,90,90,90,90,90,90,90,90,90,90,90,90,90,90,90,90,90,90,90,100,100,100,100,100,100,100,100,100,100],"card_choices":[{"not_picked":["Burning Pact","Pummel"],"picked":"Twin Strike","floor":1},{"not_picked":["Havoc","Iron Wave","Uppercut"],"picked":"SKIP","floor":3},{"not_picked":["Heavy Blade","Headbutt","Rage"],"picked":"SKIP","floor":4},{"not_picked":["Iron Wave","Warcry"],"picked":"Battle Trance","floor":7},{"not_picked":["Pommel Strike","Clash"],"picked":"Cleave","floor":8},{"not_picked":["Feel No Pain","Ghostly Armor"],"picked":"Dropkick","floor":13},{"not_picked":["Fiend Fire","Juggernaut"],"picked":"Demon Form","floor":16},{"not_picked":["Fire Breathing+1","Thunderclap","Hemokinesis"],"picked":"SKIP","floor":18},{"not_picked":["Feel No Pain","Perfected Strike"],"picked":"Bloodletting","floor":22},{"not_picked":["Twin Strike","Heavy Blade","Cleave"],"picked":"SKIP","floor":23},{"not_picked":["Metallicize","Pummel","Fiend Fire"],"picked":"SKIP","floor":25},{"not_picked":["Havoc","Armaments"],"picked":"Seeing Red","floor":27},{"not_picked":["Wild Strike+1","Disarm","Anger"],"picked":"SKIP","floor":28},{"not_picked":["Iron Wave","Evolve+1","Heavy Blade"],"picked":"SKIP","floor":28},{"not_picked":["Shrug It Off","Perfected Strike+1","Burning Pact"],"picked":"SKIP","floor":30},{"not_picked":["Havoc","Headbutt","Perfected Strike"],"picked":"SKIP","floor":30},{"not_picked":["Flame Barrier","Blood for Blood","Power Through"],"picked":"SKIP","floor":31},{"not_picked":["Clash+1","Sentinel+1"],"picked":"Dropkick","floor":35},{"not_picked":["Dual Wield+1","Anger+1"],"picked":"Pommel Strike+1","floor":35},{"not_picked":["Twin Strike","Entrench+1","Sentinel"],"picked":"SKIP","floor":36},{"not_picked":["Flex","Clash","Iron Wave+1"],"picked":"SKIP","floor":36},{"not_picked":["Rampage+1","Havoc","Flame Barrier+1"],"picked":"SKIP","floor":37},{"not_picked":["Clash","Headbutt","Armaments+1"],"picked":"SKIP","floor":37},{"not_picked":["Clash","Headbutt","Heavy Blade+1"],"picked":"SKIP","floor":39},{"not_picked":["Infernal Blade+1","Sentinel+1","Uppercut"],"picked":"SKIP","floor":39},{"not_picked":["Pommel Strike","Combust","Burning Pact+1"],"picked":"SKIP","floor":41},{"not_picked":["Rage","Armaments+1","Iron Wave"],"picked":"SKIP","floor":44},{"not_picked":["Juggernaut","Wild Strike+1","Sword Boomerang"],"picked":"SKIP","floor":44},{"not_picked":["Anger+1","Perfected Strike+1","Armaments+1"],"picked":"SKIP","floor":45},{"not_picked":["Thunderclap+1","Cleave+1","Body Slam"],"picked":"SKIP","floor":45},{"not_picked":["Perfected Strike","Warcry+1","Entrench"],"picked":"SKIP","floor":48},{"not_picked":["Ghostly Armor+1","Twin Strike","Blood for Blood"],"picked":"SKIP","floor":48}],"player_experience":1158973,"relics_obtained":[{"floor":8,"key":"Meat on the Bone"},{"floor":9,"key":"Kunai"},{"floor":12,"key":"Blood Vial"},{"floor":13,"key":"White Beast Statue"},{"floor":23,"key":"Bag of Marbles"},{"floor":25,"key":"War Paint"},{"floor":26,"key":"Thread and Needle"},{"floor":27,"key":"Prayer Wheel"},{"floor":31,"key":"Akabeko"},{"floor":41,"key":"Pear"},{"floor":43,"key":"Mummified Hand"}],"event_choices":[{"cards_removed":["Strike_R"],"damage_healed":0,"gold_gain":0,"player_choice":"Card Removal","damage_taken":7,"max_hp_gain":0,"max_hp_loss":0,"event_name":"Golden Wing","floor":11,"gold_loss":0},{"damage_healed":0,"gold_gain":0,"player_choice":"Searched \u00271\u0027 times","damage_taken":0,"max_hp_gain":0,"max_hp_loss":0,"event_name":"Dead Adventurer","floor":12,"gold_loss":0},{"damage_healed":0,"gold_gain":0,"player_choice":"Entered Light","damage_taken":17,"max_hp_gain":0,"max_hp_loss":0,"event_name":"Shining Light","floor":14,"gold_loss":0,"cards_upgraded":["Defend_R","Battle Trance"]},{"damage_healed":0,"gold_gain":0,"player_choice":"Joined the Cult","damage_taken":6,"max_hp_gain":0,"max_hp_loss":0,"event_name":"Nest","floor":20,"gold_loss":0,"cards_obtained":["RitualDagger"]},{"damage_healed":0,"gold_gain":0,"player_choice":"Shed Blood","damage_taken":21,"max_hp_gain":5,"max_hp_loss":0,"event_name":"Forgotten Altar","floor":21,"gold_loss":0},{"cards_removed":["Bloodletting"],"damage_healed":0,"gold_gain":0,"player_choice":"Removed Skill","damage_taken":0,"max_hp_gain":0,"max_hp_loss":0,"event_name":"Falling","floor":38,"gold_loss":0},{"damage_healed":0,"gold_gain":0,"player_choice":"Upgraded","damage_taken":0,"max_hp_gain":0,"max_hp_loss":0,"event_name":"Upgrade Shrine","floor":46,"gold_loss":0,"cards_upgraded":["Cleave"]}],"is_beta":false,"boss_relics":[{"not_picked":["SacredBark","Fusion Hammer"],"picked":"Ectoplasm"},{"not_picked":["Black Star","Tiny House"],"picked":"Cursed Key"}],"items_purged_floors":[2,19],"is_endless":false,"potions_floor_spawned":[1,7,8,12,16,18,22,23,25,27,28,30,31,33,35,36,37,39,41,44,45,48],"ascension_level":6}}