{"host":"0tiuc76yumknr6qf","time":1608175228,"event":{"mods":["BaseMod","Highlight Path","Jedi Mod","Minty Spire (QoL Compilation)","StSLib"],"gold_per_floor":[112,130,147,163,163,163,163,204,204,204,244,279,279,302,302,391,391,409,430,115,138,138,169,169,207,207,207,2,45,66,99,99,198,198,223,223,239,252,23,23,58,82,82,113,113,137,172,192,192,192,192,192,192,4,48,48,48],"floor_reached":56,"playtime":3530,"items_purged":["Strike_R+1"],"score":2300,"play_id":"a77b0f21-97a7-4f59-ba66-59086fef2196","local_time":"20201216212028","is_ascension_mode":true,"campfire_choices":[{"data":"Bash","floor":6,"key":"SMITH"},{"data":"Sword Boomerang","floor":10,"key":"SMITH"},{"data":"Flame Barrier","floor":13,"key":"SMITH"},{"data":"Shrug It Off","floor":15,"key":"SMITH"},{"floor":32,"key":"REST"},{"floor":40,"key":"REST"},{"floor":49,"key":"RECALL"},{"floor":53,"key":"DIG"}],"circlet_count":0,"master_deck":["AscendersBane","Strike_R+1","Strike_R+1","Strike_R+1","Strike_R+1","Defend_R+1","Defend_R+1","Defend_R+1","Defend_R+1","Bash+1","Sword Boomerang+1","Armaments+1","Shrug It Off+1","Shrug It Off","Thunderclap","Offering","Flame Barrier+1","Battle Trance","Demon Form","Sword Boomerang","Whirlwind","Limit Break","Impervious","Shockwave","Corruption","CurseOfTheBell","Apotheosis","Dark Shackles","Shrug It Off","Feel No Pain","Sentinel","Offering"],"relics":["Burning Blood","Vajra","Golden Idol","Question Card","jedi:kaleidoscope","StoneCalendar","Odd Mushroom","Fusion Hammer","Torii","Akabeko","jedi:angrymask","Eternal Feather","Membership Card","CaptainsWheel","WingedGreaves","Calling Bell","Regal Pillow","The Courier","FossilizedHelix","Bottled Tornado","jedi:firstaidkit","Dream Catcher","Shovel","Ancient Tea Set","jedi:ironblood","Shuriken","Strawberry"],"acts_visited":["Exordium","TheCity","TheBeyond","TheEnding"],"potions_floor_usage":[14,23,29,33,55,55,55,55],"damage_taken":[{"damage":3,"enemies":"2 Louse","floor":1,"turns":3},{"damage":4,"enemies":"Small Slimes","floor":2,"turns":3},{"damage":1,"enemies":"Cultist","floor":3,"turns":3},{"damage":16,"enemies":"3 Louse","floor":4,"turns":4},{"damage":28,"enemies":"Gremlin Nob","floor":8,"turns":4},{"damage":8,"enemies":"Lagavulin","floor":11,"turns":6},{"damage":11,"enemies":"The Mushroom Lair","floor":12,"turns":3},{"damage":0,"enemies":"Gremlin Gang","floor":14,"turns":1},{"damage":12,"enemies":"The Guardian","floor":16,"turns":9},{"damage":0,"enemies":"2 Thieves","floor":18,"turns":4},{"damage":6,"enemies":"Spheric Guardian","floor":19,"turns":1},{"damage":6,"enemies":"3 Cultists","floor":21,"turns":4},{"damage":32,"enemies":"Slavers","floor":23,"turns":4},{"damage":0,"enemies":"Gremlin Leader","floor":25,"turns":4},{"damage":15,"enemies":"Slavers","floor":29,"turns":4},{"damage":0,"enemies":"Snecko","floor":30,"turns":4},{"damage":20,"enemies":"Book of Stabbing","floor":31,"turns":3},{"damage":46,"enemies":"Automaton","floor":33,"turns":7},{"damage":15,"enemies":"3 Darklings","floor":35,"turns":4},{"damage":0,"enemies":"Orb Walker","floor":37,"turns":3},{"damage":49,"enemies":"Transient","floor":38,"turns":6},{"damage":6,"enemies":"Reptomancer","floor":41,"turns":4},{"damage":0,"enemies":"Jaw Worm Horde","floor":42,"turns":4},{"damage":7,"enemies":"Giant Head","floor":44,"turns":5},{"damage":0,"enemies":"Spire Growth","floor":46,"turns":4},{"damage":7,"enemies":"Nemesis","floor":47,"turns":5},{"damage":52,"enemies":"Sphere and 2 Shapes","floor":48,"turns":11},{"damage":0,"enemies":"Time Eater","floor":50,"turns":7},{"damage":70,"enemies":"Awakened One","floor":51,"turns":11},{"damage":40,"enemies":"Shield and Spear","floor":55,"turns":6},{"damage":112,"enemies":"The Heart","floor":56,"turns":8}],"seed_played":"6939417252111676964","potions_obtained":[{"floor":2,"key":"DuplicationPotion"},{"floor":3,"key":"LiquidBronze"},{"floor":14,"key":"Dexterity Potion"},{"floor":23,"key":"BlessingOfTheForge"},{"floor":25,"key":"EssenceOfSteel"},{"floor":29,"key":"Regen Potion"},{"floor":33,"key":"EssenceOfSteel"},{"floor":38,"key":"EntropicBrew"}],"is_trial":false,"path_per_floor":["M","M","M","M","?","R","?","E","T","R","E","?","R","M","R","B",null,"M","M","$","M","?","E","?","E","T","?","$","E","M","E","R","B",null,"M","?","M","M","$","R","E","M","T","E","?","M","E","M","R","B","B",null,"R","$","E","B"],"character_chosen":"IRONCLAD","items_purchased":["Torii","Membership Card","Apotheosis","Bottled Tornado","Dark Shackles","Shuriken","Feel No Pain","Sentinel","Energy Potion"],"campfire_rested":2,"item_purchase_floors":[20,28,39,39,39,54,54,54,54],"current_hp_per_floor":[71,73,75,65,65,65,65,43,43,43,41,36,36,42,42,36,60,66,66,66,66,66,40,40,46,46,46,46,37,43,29,61,35,60,51,47,53,10,10,60,60,66,66,65,65,68,68,52,67,68,62,67,68,68,75,0,0],"gold":48,"neow_bonus":"RANDOM_COMMON_RELIC","is_daily":false,"chose_seed":false,"campfire_upgraded":4,"win_rate":0.0,"timestamp":1608175228,"path_taken":["M","M","M","M","?","R","?","E","T","R","E","?","R","?","R","BOSS","M","M","$","M","?","E","?","E","T","?","?","E","M","E","R","BOSS","M","?","M","?","$","R","E","M","T","E","?","?","E","M","R","BOSS","BOSS","R","$","E","BOSS"],"items_purchased_type":["Relic","Relic","Card","Relic","Card","Relic","Card","Card","Potion"],"build_version":"2020-12-13","purchased_purges":1,"victory":false,"max_hp_per_floor":[75,75,75,75,75,75,68,68,68,68,68,68,68,68,68,68,68,68,68,68,68,68,68,68,68,68,68,68,68,68,68,68,68,68,68,68,68,68,68,68,68,68,68,68,68,68,68,68,68,68,68,68,68,68,75,75,75],"card_choices":[{"not_picked":["Body Slam","Fire Breathing"],"picked":"Sword Boomerang","floor":1},{"not_picked":["Headbutt","jedi:fear"],"picked":"Armaments","floor":2},{"not_picked":["Entrench","True Grit"],"picked":"Shrug It Off","floor":3},{"not_picked":["Fire Breathing","True Grit"],"picked":"Shrug It Off","floor":4},{"not_picked":["Double Tap","Clash"],"picked":"Thunderclap","floor":8},{"not_picked":["Cleave","jedi:harder","Evolve"],"picked":"Offering","floor":11},{"not_picked":["Anger","Sword Boomerang","jedi:controlledanger"],"picked":"Flame Barrier","floor":12},{"not_picked":["Sentinel","Anger","jedi:MakeshiftSword"],"picked":"Battle Trance","floor":14},{"not_picked":["Fiend Fire","jedi:bloodyhammer","Offering"],"picked":"Demon Form","floor":16},{"not_picked":["Clash","Pommel Strike","Headbutt"],"picked":"Sword Boomerang","floor":18},{"not_picked":["Anger","Cleave","Sword Boomerang"],"picked":"Whirlwind","floor":19},{"not_picked":["Hemokinesis+1","Thunderclap","Dual Wield","Burning Pact"],"picked":"SKIP","floor":21},{"not_picked":["Wild Strike","Feed","Flex"],"picked":"Limit Break","floor":23},{"not_picked":["Double Tap","Thunderclap","Pommel Strike","Searing Blow"],"picked":"SKIP","floor":25},{"not_picked":["Second Wind+1","Anger","Iron Wave","jedi:fear"],"picked":"SKIP","floor":29},{"not_picked":["Warcry","Thunderclap","Havoc"],"picked":"Impervious","floor":30},{"not_picked":["Infernal Blade","Headbutt","Uppercut"],"picked":"Shockwave","floor":31},{"not_picked":["Impervious","jedi:strikingstrike","Demon Form"],"picked":"Corruption","floor":33},{"not_picked":["Body Slam+1","jedi:fear","Headbutt+1","Combust"],"picked":"SKIP","floor":35},{"not_picked":["Cleave","Clash","Rampage","Flex"],"picked":"SKIP","floor":37},{"not_picked":["Rage","jedi:MakeshiftSword","Perfected Strike","Heavy Blade+1"],"picked":"SKIP","floor":38},{"not_picked":["Pommel Strike+1","True Grit","Fiend Fire","Warcry"],"picked":"SKIP","floor":41},{"not_picked":["Combust","Wild Strike+1","Iron Wave","Havoc+1"],"picked":"SKIP","floor":42},{"not_picked":["Perfected Strike","Sword Boomerang","jedi:collectorstrike","Flex"],"picked":"SKIP","floor":44},{"not_picked":["jedi:strikingstrike","Headbutt","Cleave+1"],"picked":"Shrug It Off","floor":46},{"not_picked":["Searing Blow+1","Armaments","Rage","Havoc+1"],"picked":"SKIP","floor":47},{"not_picked":["Armaments+1","Inflame+1","Thunderclap+1","Heavy Blade"],"picked":"SKIP","floor":48},{"not_picked":["Anger","Perfected Strike","Wild Strike"],"picked":"Offering","floor":55}],"player_experience":1811512,"relics_obtained":[{"floor":8,"key":"Question Card"},{"floor":9,"key":"jedi:kaleidoscope"},{"floor":11,"key":"StoneCalendar"},{"floor":12,"key":"Odd Mushroom"},{"floor":23,"key":"Akabeko"},{"floor":25,"key":"jedi:angrymask"},{"floor":26,"key":"Eternal Feather"},{"floor":29,"key":"CaptainsWheel"},{"floor":31,"key":"WingedGreaves"},{"floor":34,"key":"Regal Pillow"},{"floor":34,"key":"The Courier"},{"floor":34,"key":"FossilizedHelix"},{"floor":41,"key":"jedi:firstaidkit"},{"floor":44,"key":"Dream Catcher"},{"floor":47,"key":"Ancient Tea Set"},{"floor":53,"key":"jedi:ironblood"},{"floor":55,"key":"Strawberry"}],"event_choices":[{"damage_healed":0,"gold_gain":0,"player_choice":"Grow","damage_taken":0,"max_hp_gain":0,"max_hp_loss":0,"event_name":"Living Wall","floor":5,"gold_loss":0,"cards_upgraded":["Armaments"]},{"damage_healed":0,"gold_gain":0,"player_choice":"Lose Max HP","damage_taken":0,"relics_obtained":["Golden Idol"],"max_hp_gain":0,"max_hp_loss":7,"event_name":"Golden Idol","floor":7,"gold_loss":0},{"damage_healed":0,"gold_gain":0,"player_choice":"Fought Mushrooms","damage_taken":0,"max_hp_gain":0,"max_hp_loss":0,"event_name":"Mushrooms","floor":12,"gold_loss":0},{"damage_healed":0,"gold_gain":0,"player_choice":"Ignored","damage_taken":0,"max_hp_gain":0,"max_hp_loss":0,"event_name":"Vampires","floor":22,"gold_loss":0},{"damage_healed":0,"gold_gain":0,"player_choice":"Simplicity","damage_taken":0,"max_hp_gain":0,"max_hp_loss":0,"event_name":"Back to Basics","floor":24,"gold_loss":0,"cards_upgraded":["Strike_R","Strike_R","Strike_R","Strike_R","Strike_R","Defend_R","Defend_R","Defend_R","Defend_R"]},{"damage_healed":0,"gold_gain":0,"player_choice":"Ignored","damage_taken":0,"max_hp_gain":0,"max_hp_loss":0,"event_name":"Ghosts","floor":27,"gold_loss":0},{"damage_healed":0,"gold_gain":0,"player_choice":"Bought 0 Potions","damage_taken":0,"max_hp_gain":0,"max_hp_loss":0,"event_name":"The Woman in Blue","floor":36,"gold_loss":0},{"damage_healed":0,"gold_gain":0,"player_choice":"Gave Potion","damage_taken":0,"relics_obtained":["Shovel"],"max_hp_gain":0,"max_hp_loss":0,"event_name":"WeMeetAgain","floor":45,"gold_loss":0}],"is_beta":false,"boss_relics":[{"not_picked":["Mark of Pain","jedi:battlestandard"],"picked":"Fusion Hammer"},{"not_picked":["SlaversCollar","Philosopher\u0027s Stone"],"picked":"Calling Bell"}],"items_purged_floors":[28],"is_endless":false,"potions_floor_spawned":[2,3,11,14,23,25,29,33,35,38,41,44],"killed_by":"The Heart","ascension_level":20}}