{"host":"sst22apzgpn07t8v","time":1608204374,"event":{"mods":["Act Like it!","BaseMod","Downfall","Hallownest","HololiveMod","Lobotomy","LobotomyExtend","Minty Spire (QoL Compilation)","Replay The Spire","Shop Mod","StSLib"],"gold_per_floor":[100,100,100,375,375,375,375,375,375,375,375,439,128,303,317,317,317],"floor_reached":16,"playtime":603,"items_purged":[],"score":82,"play_id":"465dee64-4962-48da-8d34-86d3ae03e256","local_time":"20201217192614","is_ascension_mode":false,"campfire_choices":[],"circlet_count":0,"master_deck":["SpecialBullet","SpecialBullet","SpecialBullet","SpecialBullet","SpecialBullet","SpecialBullet","SpecialBullet","SpecialBullet","ExtractionCode","RecordCode","InformationCode","FourthMatchFlame","Regret","Woodsman","Heaven","ParadiseLost+1","BearPaw+1","OSAHOGD","MagicBullet+1","Diffraction+1","DespairKnight","Lamp+1","Doubt","PunishingBird","Wingbeat+1"],"relics":["CogitoBucket","downfall:HeartsMalice","LetterFromLob","Pen Nib","Girya"],"acts_visited":["Exordium"],"potions_floor_usage":[],"damage_taken":[{"damage":0,"enemies":"Small Slimes","floor":3,"turns":1},{"damage":0,"enemies":"Cultist","floor":6,"turns":1},{"damage":0,"enemies":"2 Louse","floor":11,"turns":1},{"damage":48,"enemies":"3 Sentries","floor":12,"turns":7},{"damage":12,"enemies":"downfall:FleeingMerchant","floor":13,"turns":4},{"damage":0,"enemies":"3 Louse","floor":15,"turns":1},{"damage":54,"enemies":"downfall:Watcher","floor":16,"turns":5}],"seed_played":"5494945809360406648","potions_obtained":[{"floor":15,"key":"LiquidMemories"}],"is_trial":false,"path_per_floor":["R","?","M","?","R","M","T","R","$","R","M","?","$","?","M","B"],"character_chosen":"Angela","items_purchased":["Girya"],"campfire_rested":0,"item_purchase_floors":[13],"current_hp_per_floor":[70,70,70,70,70,70,70,70,70,70,70,40,28,28,46,0,0],"gold":317,"neow_bonus":"THREE_ENEMY_KILL","is_daily":false,"chose_seed":false,"campfire_upgraded":0,"win_rate":0.0,"timestamp":1608204374,"path_taken":["R","?","?","?","R","?","T","R","?","R","M","?","$","?","M","BOSS"],"items_purchased_type":["Relic"],"build_version":"2020-12-13","purchased_purges":0,"victory":false,"max_hp_per_floor":[70,70,70,70,70,70,70,70,70,70,70,70,70,70,70,70,70],"card_choices":[{"not_picked":["SomewhereSpear","InTheNameOfLoveAndHate"],"picked":"FourthMatchFlame","floor":3},{"not_picked":["WallGazer","Wellcheers"],"picked":"Woodsman","floor":6},{"not_picked":["BlueScar","Loneliness"],"picked":"Heaven","floor":6},{"not_picked":["Regret_ego+1","BlueScar+1"],"picked":"ParadiseLost+1","floor":11},{"not_picked":["UniverseFragment","FieryBird","HappyTeddy"],"picked":"Singing Bowl","floor":11},{"not_picked":["Wingbeat+1","SoundOfStar+1"],"picked":"BearPaw+1","floor":12},{"not_picked":["CherryBlossoms","GalaxyChild","MeltingLove"],"picked":"Singing Bowl","floor":12},{"not_picked":["Wellcheers","Bloodbath"],"picked":"OSAHOGD","floor":12},{"not_picked":["Reverberation+1","Noise+1"],"picked":"MagicBullet+1","floor":12},{"not_picked":["Beak+1","SoundOfStar+1"],"picked":"Diffraction+1","floor":13},{"not_picked":["MeatLantern","Variant"],"picked":"DespairKnight","floor":13},{"not_picked":["BearPaw+1","WristCuter+1"],"picked":"Lamp+1","floor":13},{"not_picked":["MHz","Bloodbath"],"picked":"PunishingBird","floor":15},{"not_picked":["Mimicry+1","Lantern+1"],"picked":"Wingbeat+1","floor":15}],"player_experience":161761,"relics_obtained":[{"floor":3,"key":"LetterFromLob"},{"floor":12,"key":"Pen Nib"}],"event_choices":[{"damage_healed":0,"gold_gain":0,"player_choice":"Ignored","damage_taken":0,"max_hp_gain":0,"max_hp_loss":0,"event_name":"Purifier","floor":2,"gold_loss":0}],"is_beta":false,"boss_relics":[],"items_purged_floors":[],"is_endless":false,"potions_floor_spawned":[15],"killed_by":"downfall:Watcher","ascension_level":0}}