{"host":"sav7uxregyirlf69","time":1608171406,"event":{"mods":["AchievementEnabler","BaseMod","Colored Map","DeckTracker","Keyboard Shortcuts","Minty Spire (QoL Compilation)","READ ME - Guardian Mod","StSLib","SuperFastMode"],"gold_per_floor":[116,132,207,98,98,98,126,126,126,126,137,137,154,166,166,265,265,282,91,110,110,122,122,151,163,163,163,163,163,163,175,175,270,270,280,60,74,74,129,129,146,146,171,181,210,225,256,266,266,266,266],"floor_reached":50,"playtime":1341,"items_purged":["Strike_B","Strike_B"],"score":672,"play_id":"33b11720-1dbc-4978-a421-cc3f83e0519f","local_time":"20201217111646","is_ascension_mode":false,"campfire_choices":[{"data":"Zap","floor":6,"key":"SMITH"},{"data":"Go for the Eyes","floor":8,"key":"SMITH"},{"data":"Dualcast","floor":10,"key":"SMITH"},{"data":"Chaos","floor":15,"key":"SMITH"},{"data":"Coolheaded","floor":23,"key":"SMITH"},{"floor":27,"key":"REST"},{"data":"White Noise","floor":28,"key":"SMITH"},{"data":"Skim","floor":30,"key":"SMITH"},{"data":"Turbo","floor":32,"key":"SMITH"},{"floor":40,"key":"RECALL"},{"data":"Flash of Steel","floor":42,"key":"SMITH"},{"data":"Cold Snap","floor":49,"key":"SMITH"}],"circlet_count":0,"master_deck":["Defend_B","Defend_B","Defend_B","Defend_B","Zap+1","Dualcast+1","Compile Driver","Go for the Eyes+1","FTL+1","Buffer+1","Chaos+1","Coolheaded+1","White Noise+1","Turbo+1","Flash of Steel+1","Skim+1","Hologram+1","Cold Snap+1","Creative AI+1","Heatsinks+1","Defragment+1","Storm+1","Self Repair+1","Undo+1","Coolheaded+1","Defragment+1","Defragment+1"],"relics":["Cracked Core","Frozen Egg 2","Cables","Sozu","Bag of Marbles","WingedGreaves","Coffee Dripper","Orrery","Du-Vu Doll","Centennial Puzzle","Potion Belt"],"acts_visited":["TheCity","TheBeyond"],"potions_floor_usage":[16,22,24],"damage_taken":[{"damage":0,"enemies":"Cultist","floor":1,"turns":2},{"damage":1,"enemies":"Jaw Worm","floor":2,"turns":3},{"damage":11,"enemies":"Lagavulin","floor":7,"turns":6},{"damage":0,"enemies":"Small Slimes","floor":11,"turns":2},{"damage":0,"enemies":"3 Louse","floor":13,"turns":1},{"damage":0,"enemies":"Exordium Wildlife","floor":14,"turns":2},{"damage":0,"enemies":"Slime Boss","floor":16,"turns":7},{"damage":5,"enemies":"2 Thieves","floor":18,"turns":4},{"damage":0,"enemies":"Chosen","floor":20,"turns":4},{"damage":13,"enemies":"Sentry and Sphere","floor":22,"turns":6},{"damage":20,"enemies":"Slavers","floor":24,"turns":8},{"damage":18,"enemies":"Cultist and Chosen","floor":25,"turns":7},{"damage":10,"enemies":"Centurion and Healer","floor":31,"turns":4},{"damage":0,"enemies":"Collector","floor":33,"turns":8},{"damage":8,"enemies":"3 Darklings","floor":35,"turns":4},{"damage":0,"enemies":"Orb Walker","floor":37,"turns":3},{"damage":19,"enemies":"2 Orb Walkers","floor":39,"turns":4},{"damage":0,"enemies":"Transient","floor":41,"turns":5},{"damage":16,"enemies":"Spire Growth","floor":44,"turns":3},{"damage":0,"enemies":"Reptomancer","floor":45,"turns":5},{"damage":0,"enemies":"3 Darklings","floor":46,"turns":2},{"damage":0,"enemies":"Giant Head","floor":47,"turns":6},{"damage":0,"enemies":"Maw","floor":48,"turns":5},{"damage":75,"enemies":"Awakened One","floor":50,"turns":5}],"seed_played":"-4110625639436778430","potions_obtained":[{"floor":2,"key":"SkillPotion"},{"floor":11,"key":"FearPotion"},{"floor":13,"key":"EntropicBrew"}],"is_trial":false,"path_per_floor":["M","M","?","$","?","R","E","R","T","R","M","?","M","M","R","B",null,"M","$","M","?","M","R","E","M","T","R","R","?","R","M","R","B",null,"M","$","M","?","?","R","M","R","T","M","E","M","E","M","R","B"],"character_chosen":"DEFECT","items_purchased":["FTL","Flash of Steel","Heatsinks+1","Orrery"],"campfire_rested":1,"item_purchase_floors":[4,19,36,36],"current_hp_per_floor":[75,74,63,63,63,63,52,52,52,52,52,52,52,52,52,52,75,70,70,70,70,57,57,37,19,19,41,41,41,41,31,31,31,75,67,67,67,67,48,48,58,58,58,52,62,71,71,71,71,0,0],"gold":266,"neow_bonus":"TRANSFORM_CARD","is_daily":false,"chose_seed":false,"campfire_upgraded":10,"win_rate":0.0,"timestamp":1608171406,"path_taken":["M","?","?","$","?","R","E","R","T","R","?","?","?","M","R","BOSS","M","$","M","?","M","R","E","M","T","R","R","?","?","R","M","R","BOSS","M","$","M","?","?","R","M","R","T","M","E","M","E","M","R","BOSS"],"items_purchased_type":["Card","Card","Card","Relic"],"build_version":"2020-12-13","purchased_purges":2,"victory":false,"max_hp_per_floor":[75,75,75,75,75,75,75,75,75,75,75,75,75,75,75,75,75,75,75,75,75,75,75,75,75,75,75,75,75,75,75,75,75,75,75,75,75,71,71,71,71,71,71,71,71,71,71,71,71,71,71],"card_choices":[{"not_picked":["Barrage","Steam"],"picked":"Compile Driver","floor":1},{"not_picked":["Steam","Barrage"],"picked":"Go for the Eyes","floor":2},{"not_picked":["Coolheaded","Redo","Stack"],"picked":"SKIP","floor":7},{"not_picked":["Redo","FTL"],"picked":"Buffer+1","floor":11},{"not_picked":["Rebound","Stack"],"picked":"Coolheaded","floor":13},{"not_picked":["Sweeping Beam","Skim"],"picked":"White Noise","floor":14},{"not_picked":["Redo","Leap"],"picked":"Turbo","floor":18},{"not_picked":["Turbo","Compile Driver+1","Leap"],"picked":"SKIP","floor":20},{"not_picked":["Darkness","Sunder+1"],"picked":"Skim","floor":22},{"not_picked":["Streamline","Compile Driver+1"],"picked":"Hologram+1","floor":24},{"not_picked":["Hologram","Hyperbeam"],"picked":"Cold Snap","floor":25},{"not_picked":["Sweeping Beam+1","Reprogram","Consume"],"picked":"SKIP","floor":31},{"not_picked":["Fission","All For One"],"picked":"Creative AI+1","floor":33},{"not_picked":["Darkness+1","Sweeping Beam","Leap"],"picked":"SKIP","floor":35},{"not_picked":["Gash","Turbo"],"picked":"Defragment+1","floor":36},{"not_picked":["Coolheaded+1","Consume"],"picked":"Storm+1","floor":37},{"not_picked":["All For One","Cold Snap"],"picked":"Self Repair+1","floor":39},{"not_picked":["Aggregate+1","Stack","Cold Snap"],"picked":"SKIP","floor":41},{"not_picked":["Steam+1","Go for the Eyes+1","Undo+1"],"picked":"SKIP","floor":44},{"not_picked":["Steam+1","Go for the Eyes+1"],"picked":"Undo+1","floor":44},{"not_picked":["Rebound+1","Rip and Tear+1"],"picked":"Coolheaded+1","floor":45},{"not_picked":["Loop+1","Steam+1"],"picked":"Defragment+1","floor":46},{"not_picked":["Double Energy+1","BootSequence","Rip and Tear"],"picked":"SKIP","floor":47},{"not_picked":["Hello World+1","Rebound+1"],"picked":"Defragment+1","floor":48}],"player_experience":931322,"relics_obtained":[{"floor":7,"key":"Frozen Egg 2"},{"floor":9,"key":"Cables"},{"floor":24,"key":"Bag of Marbles"},{"floor":26,"key":"WingedGreaves"},{"floor":39,"key":"Du-Vu Doll"},{"floor":45,"key":"Centennial Puzzle"},{"floor":47,"key":"Potion Belt"}],"event_choices":[{"damage_healed":0,"gold_gain":75,"player_choice":"Gather Gold","damage_taken":11,"max_hp_gain":0,"max_hp_loss":0,"event_name":"World of Goop","floor":3,"gold_loss":0},{"damage_healed":0,"gold_gain":0,"player_choice":"Grow","damage_taken":0,"max_hp_gain":0,"max_hp_loss":0,"event_name":"Living Wall","floor":5,"gold_loss":0,"cards_upgraded":["FTL"]},{"damage_healed":0,"gold_gain":0,"cards_transformed":["Strike_B"],"player_choice":"Transformed","damage_taken":0,"max_hp_gain":0,"max_hp_loss":0,"event_name":"Transmorgrifier","floor":12,"gold_loss":0,"cards_obtained":["Chaos"]},{"cards_removed":["Hyperbeam"],"damage_healed":0,"gold_gain":0,"player_choice":"Elegance","damage_taken":0,"max_hp_gain":0,"max_hp_loss":0,"event_name":"Back to Basics","floor":21,"gold_loss":0},{"damage_healed":0,"gold_gain":0,"player_choice":"Ignored","damage_taken":0,"max_hp_gain":0,"max_hp_loss":0,"event_name":"Vampires","floor":29,"gold_loss":0},{"damage_healed":0,"gold_gain":0,"player_choice":"Max HP","damage_taken":0,"max_hp_gain":0,"max_hp_loss":4,"event_name":"Winding Halls","floor":38,"gold_loss":0},{"damage_healed":0,"gold_gain":0,"player_choice":"Fight","damage_taken":0,"max_hp_gain":0,"max_hp_loss":0,"event_name":"Mysterious Sphere","floor":39,"gold_loss":0}],"is_beta":false,"boss_relics":[{"not_picked":["Tiny House","Pandora\u0027s Box"],"picked":"Sozu"},{"not_picked":["Runic Dome","FrozenCore"],"picked":"Coffee Dripper"}],"items_purged_floors":[4,19],"is_endless":false,"potions_floor_spawned":[2,11,13,22,24,25,35,44,46,47],"killed_by":"Awakened One","ascension_level":0}}