{"host":"t9zjxed0utvsfjwc","time":1608213087,"event":{"mods":["2.2 Compatiblity","Aspiration","BaseMod","Block Reminder","Colored Map","Colored Powertips","Highlight Path","Hubris","Infinite Spire","Minty Spire (QoL Compilation)","Quick Restart","Replay The Spire","StSLib","Unceasing Turn Reminder","everything is the same but u backflip on backflip"],"gold_per_floor":[115,143,143,143,143,143,174,174,174,27,53,153,153,182,182,279,279,279],"floor_reached":17,"playtime":1265,"items_purged":[],"score":209,"play_id":"98fc63ba-c84b-46d6-ab1f-77bee971705d","local_time":"20201217135127","is_ascension_mode":true,"campfire_choices":[{"data":"Mayhem","floor":6,"key":"SMITH"},{"data":"Flame Barrier","floor":8,"key":"SMITH"},{"data":"Bane","floor":15,"key":"SMITH"}],"circlet_count":0,"master_deck":["Strike_R","Strike_R","Strike_R","Defend_R","Defend_R","Defend_R+1","Mayhem+1","ReplayReversal+1","Flame Barrier+1","Survivor","Neutralize","Bane+1","Flechettes","hubris:SlightOfHand","Feed"],"relics":["Burning Blood","Another Sword","hubris:CrystalStatue","Pocketwatch","Garlic","Juzu Bracelet","InkBottle","Blue Candle","SlaversCollar"],"acts_visited":["Exordium","TheCity"],"potions_floor_usage":[16,16],"damage_taken":[{"damage":6,"enemies":"Cultist","floor":1,"turns":4},{"damage":5,"enemies":"3 Sentries","floor":7,"turns":6},{"damage":5,"enemies":"Lagavulin","floor":11,"turns":7},{"damage":5,"enemies":"3 Sentries","floor":14,"turns":7},{"damage":34,"enemies":"Fading Forest","floor":16,"turns":11}],"seed_played":"-1698909634777828056","potions_obtained":[{"floor":1,"key":"Ancient Potion"},{"floor":7,"key":"Ancient Potion"}],"is_trial":false,"path_per_floor":["M","?","?","?","?","R","E","R","T","$","E","?","?","E","R","B",null],"character_chosen":"IRONCLAD","items_purchased":["Juzu Bracelet"],"campfire_rested":0,"item_purchase_floors":[10],"current_hp_per_floor":[56,36,20,20,20,20,21,21,21,21,22,22,22,23,23,19,65,65],"gold":279,"neow_bonus":"RANDOM_COLORLESS_2","is_daily":false,"chose_seed":false,"campfire_upgraded":3,"win_rate":0.0,"timestamp":1608213087,"path_taken":["M","?","?","?","?","R","E","R","T","$","E","?","?","E","R","BOSS"],"items_purchased_type":["Relic"],"build_version":"2020-12-13","purchased_purges":0,"victory":false,"max_hp_per_floor":[80,80,80,80,80,80,80,80,80,80,80,80,80,80,80,80,80,80],"card_choices":[{"not_picked":["Panache","ReplayTheSpireMod:Necrogeddon"],"picked":"Mayhem","floor":0},{"not_picked":["Headbutt","Massacre"],"picked":"ReplayReversal","floor":1},{"not_picked":["ReplayTheSpireMod:Corrosion Curse","Twin Strike"],"picked":"Flame Barrier","floor":2},{"not_picked":["Evolve","Sever Soul","ReplayTheSpireMod:Corrosion Curse"],"picked":"SKIP","floor":7},{"not_picked":["Feed","Dual Wield","Twin Strike"],"picked":"SKIP","floor":11},{"not_picked":["Havoc","Defy Death","Pommel Strike"],"picked":"SKIP","floor":14},{"not_picked":["Hemogenesis","Juggernaut"],"picked":"Feed","floor":16}],"player_experience":216956,"relics_obtained":[{"floor":2,"key":"Another Sword"},{"floor":4,"key":"hubris:CrystalStatue"},{"floor":7,"key":"Pocketwatch"},{"floor":9,"key":"Garlic"},{"floor":11,"key":"InkBottle"},{"floor":14,"key":"Blue Candle"}],"event_choices":[{"damage_healed":0,"gold_gain":0,"player_choice":"Entered Light","damage_taken":16,"max_hp_gain":0,"max_hp_loss":0,"event_name":"Shining Light","floor":3,"gold_loss":0,"cards_upgraded":["Defend_R","ReplayReversal"]},{"damage_healed":0,"gold_gain":100,"player_choice":"Pray","damage_taken":0,"max_hp_gain":0,"max_hp_loss":0,"event_name":"Golden Shrine","floor":12,"gold_loss":0}],"is_beta":false,"boss_relics":[{"not_picked":["Runic Cube","infinitespire:Cupcake"],"picked":"SlaversCollar"}],"items_purged_floors":[],"is_endless":false,"potions_floor_spawned":[1,7],"ascension_level":5}}