{"host":"q2l6xtlpu05lrop8","time":1608174187,"event":{"mods":["AchievementEnabler","BaseMod","BetterRewards","Colored Map","Googly Eyes","Hubris","Infinite Spire","Minty Spire (QoL Compilation)","Replay The Spire","StSLib","The IronCluck","slay the spire mod where everything is the same but ironclad has a cowboy hat"],"gold_per_floor":[109,129,145,220,245,245,280,280,307,307,334,334,354,366,366,438,438,450,470,470,490,508,540,540,540,540,573,586,613,625,638,638,717,717,728,665,690,399,399,428,440,471,483,511,523,568,590,620,632,644,656,668,153,217,245],"floor_reached":56,"playtime":4565,"items_purged":["Strike_B","Strike_B","Strike_B","Defend_B","Defend_B","Strike_B+1"],"score":2922,"play_id":"63c13229-5f82-49df-8d78-fab0833825c5","local_time":"20201216190307","is_ascension_mode":true,"campfire_choices":[{"data":"Zap","floor":6,"key":"SMITH"},{"data":"Dualcast","floor":10,"key":"SMITH"},{"data":"Conserve Battery","floor":12,"key":"SMITH"},{"data":"Conserve Battery","floor":15,"key":"SMITH"},{"data":"Zap","floor":32,"key":"PURGE"},{"floor":41,"key":"RECALL"},{"data":"Double Energy","floor":45,"key":"SMITH"},{"data":"Defragment","floor":45,"key":"SMITH"},{"data":"ReplayTheSpireMod:Calculation Training","floor":49,"key":"SMITH"},{"data":"infinitespire:Gouge","floor":49,"key":"SMITH"},{"data":"Chill","floor":52,"key":"SMITH"},{"data":"Hologram","floor":52,"key":"SMITH"}],"circlet_count":0,"master_deck":["AscendersBane","Defend_B","Defend_B","Zap+1","Dualcast+1","Coolheaded+1","Compile Driver+1","Doom and Gloom","Gash","Gash","Conserve Battery+1","Blizzard","Conserve Battery+1","Gash","Seek","Chill+1","Streamline+1","Defragment+1","ReplayGash","Gash","infinitespire:Gouge+1","All For One","Capacitor+1","Double Energy+1","Panache","Hologram+1","Capacitor","ReplayTheSpireMod:Calculation Training+1","Loop","Cold Snap"],"relics":["Cracked Core","Lizard Tail","White Beast Statue","Ice Cream","Pocketwatch","Pantograph","Durian","Carrot","Membership Card","hubris:DisguiseKit","Whetstone","ReplayTheSpireMod:Lightbulb","ReplayTheSpireMod:TigerMarble","hubris:MysteriousPyramids","Replay:Bronze Core","Replay:Wax Seal","Coffee Dripper","ReplayTheSpireMod:Ninjato","infinitespire:BottledMercury","infinitespire:FocusingShard","Runic Pyramid","Replay:Arrowhead","Bronze Scales","hubris:Icosahedron","MawBank","MealTicket","Bottled Tornado","PrismaticShard","Replay:Bandana","Toy Ornithopter"],"acts_visited":["Exordium","TheCity","TheBeyond","TheEnding"],"potions_floor_usage":[13,27,50,50,50,55,55],"damage_taken":[{"damage":0.0,"enemies":"2 Louse","floor":1.0,"turns":3.0},{"damage":1,"enemies":"Cultist","floor":2,"turns":3},{"damage":0,"enemies":"Jaw Worm","floor":3,"turns":3},{"damage":6,"enemies":"3 Sentries","floor":7,"turns":6},{"damage":23,"enemies":"Gremlin Nob","floor":11,"turns":4},{"damage":0,"enemies":"Lots of Slimes","floor":13,"turns":2},{"damage":1,"enemies":"Blue Slaver","floor":14,"turns":2},{"damage":0,"enemies":"The Guardian","floor":16,"turns":6},{"damage":2,"enemies":"Shell Parasite","floor":18,"turns":3},{"damage":0,"enemies":"Chosen","floor":19,"turns":4},{"damage":0,"enemies":"Snecko","floor":21,"turns":4},{"damage":4,"enemies":"Snake Plant","floor":22,"turns":5},{"damage":0,"enemies":"Gremlin Leader","floor":23,"turns":4},{"damage":0,"enemies":"Slavers","floor":27,"turns":2},{"damage":0,"enemies":"Chosen and Byrds","floor":28,"turns":3},{"damage":6,"enemies":"Gremlin Leader","floor":29,"turns":3},{"damage":0,"enemies":"Centurion and Healer","floor":30,"turns":3},{"damage":0,"enemies":"Snake Plant","floor":31,"turns":3},{"damage":6,"enemies":"hubris:MusketHawk","floor":33,"turns":4},{"damage":0,"enemies":"3 Darklings","floor":35,"turns":3},{"damage":0,"enemies":"Mind Bloom Boss Battle","floor":37,"turns":4},{"damage":8,"enemies":"R_Hoarder","floor":40,"turns":5},{"damage":0,"enemies":"3 Shapes","floor":42,"turns":2},{"damage":0,"enemies":"Sphere and 2 Shapes","floor":44,"turns":2},{"damage":15,"enemies":"Nemesis","floor":46,"turns":3},{"damage":0,"enemies":"Maw","floor":47,"turns":3},{"damage":0,"enemies":"Spire Growth","floor":48,"turns":3},{"damage":54,"enemies":"LordOfAnnihilation","floor":50,"turns":8},{"damage":0,"enemies":"Shield and Spear","floor":54,"turns":4},{"damage":9,"enemies":"The Heart","floor":55,"turns":6}],"seed_played":"4991209144191985594","potions_obtained":[{"floor":1.0,"key":"FairyPotion"},{"floor":11,"key":"CultistPotion"},{"floor":13,"key":"Fruit Juice"},{"floor":14,"key":"EssenceOfDarkness"},{"floor":16,"key":"EntropicBrew"},{"floor":19,"key":"infinitespire:BlackPotion"},{"floor":27,"key":"Weak Potion"},{"floor":29,"key":"Regen Potion"},{"floor":37,"key":"FocusPotion"}],"is_trial":false,"path_per_floor":["M","M","M","?","T","R","E","AVR","T","R","E","R","M","M","R","B",null,"M","M","?","M","M","E","?","AVR","T","E","M","E","M","M","R_BF","B",null,"M","$","?","$","?","E","R","M","T","M","R","E","M","M","R","B",null,"R","$","E","B",null],"character_chosen":"DEFECT","items_purchased":["White Beast Statue","Coolheaded+1","Compile Driver","Ice Cream","Pantograph","Doom and Gloom","Gash","Carrot","Membership Card","hubris:DisguiseKit","Conserve Battery","Blizzard","GamblersBrew","SteroidPotion","Panache","Bronze Scales","Hologram","Bottled Tornado","Loop","Cold Snap","Energy Potion","Dexterity Potion","PrismaticShard","Replay:Bandana"],"campfire_rested":0,"item_purchase_floors":[0,0,0,0,0,0,0,0,0,0,0,0,0,0,38,38,38,53,53,53,53,53,53,53],"current_hp_per_floor":[27,26,26,15,15,15,9,9,9,9,10,10,15,14,14,39,71,69,69,69,69,65,65,65,65,65,65,65,59,59,59,59,79,81,81,81,81,81,81,73,73,73,73,73,73,58,58,58,58,27,68,68,81,81,75],"gold":245,"neow_bonus":"","is_daily":false,"chose_seed":false,"campfire_upgraded":10,"win_rate":0.0,"timestamp":1608174187,"path_taken":["M","M","M","?","?","R","E","AVR","T","R","E","R","M","M","R","BOSS","M","M","?","M","M","E","?","AVR","T","E","?","E","M","M","R_BF","BOSS","M","$","?","$","?","E","R","M","T","M","R","E","M","M","R","BOSS","R","$","E","BOSS"],"items_purchased_type":["Relic","Card","Card","Relic","Relic","Card","Card","Relic","Relic","Relic","Card","Card","Potion","Potion","Card","Relic","Card","Relic","Card","Card","Potion","Potion","Relic","Relic"],"build_version":"2020-12-13","purchased_purges":6,"victory":true,"max_hp_per_floor":[76,76,76,76,76,76,76,76,76,76,76,76,81,81,81,81,81,81,81,81,81,81,81,81,81,81,81,81,81,81,81,81,81,81,81,81,81,81,81,81,81,81,81,81,81,81,81,81,81,81,81,81,81,81,81],"card_choices":[{"not_picked":["ReplayTheSpireMod:Repulse","ReplaySolidLightProjector","Uppercut"],"picked":"Conserve Battery","floor":2},{"not_picked":["Undo","Leap","BootSequence","Shockwave"],"picked":"SKIP","floor":3},{"not_picked":["Redo","Hologram","ReplayTheSpireMod:GoodbyeWorld","Feel No Pain"],"picked":"SKIP","floor":7},{"not_picked":["Rip and Tear","Go for the Eyes","Hyperbeam","Clothesline"],"picked":"SKIP","floor":11},{"not_picked":["Storm","Redo","White Noise","Intimidate"],"picked":"SKIP","floor":13},{"not_picked":["Barrage","Recycle","Rupture"],"picked":"Gash","floor":14},{"not_picked":["Mirror Shield","Multi-Cast","Brutality"],"picked":"Seek","floor":16},{"not_picked":["Conserve Battery","Skim","Doom and Gloom","Warcry"],"picked":"SKIP","floor":18},{"not_picked":["Conserve Battery","Skim","Doom and Gloom","Warcry"],"picked":"SKIP","floor":18},{"not_picked":["Leap","Steam","Crystallizer","Shrug It Off"],"picked":"SKIP","floor":19},{"not_picked":["Chaos","Go for the Eyes","Rupture"],"picked":"Chill","floor":21},{"not_picked":["Rebound+1","Conserve Battery","Feel No Pain"],"picked":"Streamline+1","floor":22},{"not_picked":["Conserve Battery+1","ReplayRNGCard","Disarm"],"picked":"Defragment","floor":23},{"not_picked":["Go for the Eyes","Conserve Battery","Rebound","Pummel"],"picked":"SKIP","floor":27},{"not_picked":["Beam Cell+1","Rebound","BasicCrystalCard","Twin Strike"],"picked":"SKIP","floor":28},{"not_picked":["Beam Cell","Force Field","Redo","Pummel"],"picked":"SKIP","floor":29},{"not_picked":["Hologram","Rip and Tear","Go for the Eyes","Inflame"],"picked":"SKIP","floor":30},{"not_picked":["Hologram","Leap","Rip and Tear+1","ReplayTheSpireMod:Stacked"],"picked":"SKIP","floor":31},{"not_picked":["Hologram","Leap","Rip and Tear+1","ReplayTheSpireMod:Stacked"],"picked":"SKIP","floor":31},{"not_picked":["Multi-Cast","Fission","Feed"],"picked":"All For One","floor":33},{"not_picked":["Barrage+1","Coolheaded","Battle Trance"],"picked":"Capacitor+1","floor":35},{"not_picked":["Streamline","Rebound","Flex"],"picked":"Double Energy","floor":37},{"not_picked":["Turbo","Beam Cell+1","ReplayTheSpireMod:Reroute Power","Replay:Many Hands"],"picked":"SKIP","floor":40},{"not_picked":["Steam","Rebound","Leap","Clash"],"picked":"SKIP","floor":42},{"not_picked":["Hologram","Thunder Strike","Shrug It Off"],"picked":"Capacitor","floor":44},{"not_picked":["Undo+1","Gash","Hologram","Wild Strike"],"picked":"SKIP","floor":46},{"not_picked":["Stack","Sweeping Beam","Clothesline"],"picked":"ReplayTheSpireMod:Calculation Training","floor":47},{"not_picked":["ReplayTheSpireMod:GoodbyeWorld","Steam+1","Undo","Headbutt"],"picked":"SKIP","floor":48},{"not_picked":["Reckless Charge","Ghostly Armor","Pommel Strike","Thunderclap"],"picked":"SKIP","floor":54}],"player_experience":778857,"relics_obtained":[{"floor":5,"key":"Whetstone"},{"floor":7,"key":"ReplayTheSpireMod:Lightbulb"},{"floor":9,"key":"ReplayTheSpireMod:TigerMarble"},{"floor":11,"key":"hubris:MysteriousPyramids"},{"floor":23,"key":"Replay:Wax Seal"},{"floor":26,"key":"ReplayTheSpireMod:Ninjato"},{"floor":27,"key":"infinitespire:BottledMercury"},{"floor":29,"key":"infinitespire:FocusingShard"},{"floor":37,"key":"Replay:Arrowhead"},{"floor":40,"key":"MawBank"},{"floor":46,"key":"MealTicket"},{"floor":54,"key":"Toy Ornithopter"}],"event_choices":[{"damage_healed":0,"gold_gain":75,"player_choice":"Gather Gold","damage_taken":11,"max_hp_gain":0,"max_hp_loss":0,"event_name":"World of Goop","floor":4,"gold_loss":0},{"damage_healed":0,"gold_gain":0,"player_choice":"3 cards matched","damage_taken":0,"max_hp_gain":0,"max_hp_loss":0,"event_name":"Match and Keep!","floor":24,"gold_loss":0,"cards_obtained":["Zap","ReplayGash","Gash"]},{"damage_healed":0,"gold_gain":0,"player_choice":"Fight","damage_taken":0,"max_hp_gain":0,"max_hp_loss":0,"event_name":"MindBloom","floor":37,"gold_loss":0}],"is_beta":false,"boss_relics":[{"not_picked":["Abe\u0027s Treasure","Velvet Choker"],"picked":"Replay:Bronze Core"},{"not_picked":["hubris:RunicObelisk","SacredBark"],"picked":"Runic Pyramid"}],"items_purged_floors":[0,0,25,36,38,53],"is_endless":false,"potions_floor_spawned":[1,2,3,7,11,13,14,16,18,19,21,22,23,27,28,29,30,31,33,35,37,40,42,44,46,47,48,54],"ascension_level":16}}