{"host":"jqa9y4qkalbx8qgz","time":1608231467,"event":{"mods":["2.2 Compatiblity","BaseMod","Bestiary","BetterRewards","CCEM","Downfall","Infinite Spire","Minty Spire (QoL Compilation)","Permanent Neow","Relic Stats","Replay The Spire","StSLib","Wandering Minibosses"],"gold_per_floor":[99,109,109,19,38,23,23,48,48,78,96,115,19,37,58,58,58],"floor_reached":16,"playtime":1265,"items_purged":["Pain"],"score":137,"play_id":"6718f162-8fda-48eb-9952-138ba5202b95","local_time":"20201217215747","is_ascension_mode":false,"campfire_choices":[{"data":"hexamod:EmpoweringStance","floor":1.0,"key":"SMITH"},{"data":"hexamod:Float","floor":9,"key":"SMITH"}],"circlet_count":0,"master_deck":["hexamod:Strike","hexamod:Strike","hexamod:Strike","hexamod:Strike","hexamod:Defend","hexamod:Defend","hexamod:Defend","hexamod:Defend","hexamod:Sear","hexamod:Float+1","hexamod:EmpoweringStance+1","hexamod:StepThrough","hexamod:ThirdSeal","hexamod:RainOfEmbers","hexamod:StepThrough","hexamod:ExtraCrispy","hexamod:GhostflameBarrier","hexamod:WildfireWeapon","hexamod:NightmareGuise","hexamod:GhostShield","hexamod:HauntingEcho","hexamod:Incineration","hexamod:NightmareGuise","hexamod:SecondSeal","hexamod:AdvancingGuard","hexamod:WildfireWeapon","hexamod:FastForward"],"relics":["hexamod:SpiritBrand","WarpedTongs","infinitespire:WardingShard","CCEMRelics:Francisca"],"acts_visited":["Exordium"],"potions_floor_usage":[16,16,16],"damage_taken":[{"damage":0.0,"enemies":"Small Slimes","floor":2.0,"turns":3.0},{"damage":6.0,"enemies":"downfall:FleeingMerchant","floor":4.0,"turns":4.0},{"damage":0.0,"enemies":"Cultist","floor":5.0,"turns":3.0},{"damage":15.0,"enemies":"downfall:FleeingMerchant","floor":6.0,"turns":4.0},{"damage":8,"enemies":"Lagavulin","floor":8,"turns":5},{"damage":0,"enemies":"Replay:BlueRogue","floor":10,"turns":5},{"damage":0,"enemies":"2 Louse","floor":11,"turns":3},{"damage":16,"enemies":"Gremlin Gang","floor":12,"turns":3},{"damage":10,"enemies":"downfall:FleeingMerchant","floor":13,"turns":4},{"damage":0,"enemies":"Large Slime","floor":14,"turns":5},{"damage":0,"enemies":"Exordium Wildlife","floor":15,"turns":3},{"damage":16,"enemies":"downfall:Silent","floor":16,"turns":4}],"seed_played":"-2344956522653877118","potions_obtained":[{"floor":2.0,"key":"SpeedPotion"},{"floor":8,"key":"Milkshake"},{"floor":12,"key":"Adrenaline Potion"},{"floor":15,"key":"SkillPotion"}],"is_trial":false,"path_per_floor":["R","M","?","$","M","$","T","E","R","E","M","M","$","M","M","B"],"character_chosen":"THE_SPIRIT","items_purchased":["hexamod:SecondSeal"],"campfire_rested":0,"item_purchase_floors":[13],"current_hp_per_floor":[70,70,70,64,64,49,49,41,41,41,41,25,15,15,15,0,0],"gold":58,"neow_bonus":"ONE_RANDOM_RARE_CARD","is_daily":false,"chose_seed":false,"campfire_upgraded":2,"win_rate":0.0,"timestamp":1608231467,"path_taken":["R","M","?","$","?","$","T","E","R","E","M","M","$","M","M","BOSS"],"items_purchased_type":["Card"],"build_version":"2020-12-13","purchased_purges":1,"victory":false,"max_hp_per_floor":[70,70,70,70,70,70,70,70,70,70,70,70,70,70,70,70,70],"relic_stats":{"counters":[12,46],"obtain_stats":[{"infinitespire:WardingShard":8,"CCEMRelics:Francisca":10,"hexamod:SpiritBrand":0,"WarpedTongs":3},{"infinitespire:WardingShard":5,"CCEMRelics:Francisca":6,"hexamod:SpiritBrand":0,"WarpedTongs":1},{"infinitespire:WardingShard":19,"CCEMRelics:Francisca":24,"hexamod:SpiritBrand":0,"WarpedTongs":3}],"WarpedTongs":[43]},"card_choices":[{"not_picked":["hexamod:AdvancingGuard","hexamod:BurningTouch"],"picked":"hexamod:StepThrough","floor":2.0},{"not_picked":["hexamod:Hexaguard","hexamod:BurningTouch"],"picked":"hexamod:ThirdSeal","floor":4.0},{"not_picked":["hexamod:BacktrackSmack","hexamod:NecessarySacrifice"],"picked":"hexamod:RainOfEmbers","floor":5.0},{"not_picked":["hexamod:Hexaguard","hexamod:GhostflameBarrier"],"picked":"hexamod:StepThrough","floor":5.0},{"not_picked":["hexamod:HeatShield","hexamod:AdvancingGuard"],"picked":"hexamod:ExtraCrispy","floor":6.0},{"not_picked":["hexamod:StepThrough","hexamod:NecessarySacrifice"],"picked":"hexamod:GhostflameBarrier","floor":6.0},{"not_picked":["hexamod:RainOfEmbers","hexamod:NightmareStrike"],"picked":"hexamod:WildfireWeapon","floor":8},{"not_picked":["hexamod:Firestarter","hexamod:ThermalTransfer","hexamod:SkipABeat"],"picked":"SKIP","floor":8},{"not_picked":["hexamod:ParanormalForm","hexamod:SwordOfDarkness"],"picked":"hexamod:NightmareGuise","floor":10},{"not_picked":["hexamod:RecurringNightmare","hexamod:SwordOfDarkness"],"picked":"hexamod:GhostShield","floor":10},{"not_picked":["hexamod:SoulSteal","hexamod:GhostLash"],"picked":"hexamod:HauntingEcho","floor":11},{"not_picked":["hexamod:SwordOfDarkness","hexamod:AdvancingGuard","hexamod:GhostflameBarrier"],"picked":"SKIP","floor":11},{"not_picked":["hexamod:Hexaguard","hexamod:GhostShield"],"picked":"hexamod:Incineration","floor":12},{"not_picked":["hexamod:GhostOfSpireFuture","hexamod:BacktrackSmack","hexamod:GhostflameBarrier"],"picked":"SKIP","floor":12},{"not_picked":["hexamod:RadiantFlame","hexamod:EtherealExpedition"],"picked":"hexamod:NightmareGuise","floor":13},{"not_picked":["hexamod:HeatCrush","hexamod:EmpoweredFlame","hexamod:ThermalTransfer"],"picked":"SKIP","floor":13},{"not_picked":["hexamod:SwordOfDarkness","hexamod:ChargedBarrage"],"picked":"hexamod:AdvancingGuard","floor":14},{"not_picked":["hexamod:NightmareStrike","hexamod:BurningTouch"],"picked":"hexamod:WildfireWeapon","floor":14},{"not_picked":["hexamod:GhostShield","hexamod:GhostOfSpirePast"],"picked":"hexamod:FastForward","floor":15}],"player_experience":195047,"relics_obtained":[{"floor":8,"key":"infinitespire:WardingShard"},{"floor":10,"key":"CCEMRelics:Francisca"}],"event_choices":[{"damage_healed":0.0,"max_hp_gain":0.0,"max_hp_loss":0.0,"gold_gain":0.0,"event_name":"Accursed Blacksmith","player_choice":"Rummage","floor":3.0,"gold_loss":0.0,"damage_taken":0.0,"relics_obtained":["WarpedTongs"],"cards_obtained":["Pain"]}],"is_beta":false,"boss_relics":[],"items_purged_floors":[4],"is_endless":false,"potions_floor_spawned":[2,8,12,14,15],"killed_by":"downfall:Silent","ascension_level":0}}