{"host":"mqhvlr3kpxebko0t","time":1608171969,"event":{"mods":["AchievementEnabler","BaseMod","Colored Map","Colored Powertips","Keyboard Shortcuts","Minty Spire (QoL Compilation)","StSLib","SuperFastMode"],"gold_per_floor":[116,127,6,6,6,34,52,52,52,64,64,139,174,184,184,184,184],"floor_reached":16,"playtime":211,"items_purged":[],"score":182,"play_id":"b82ac582-24eb-4735-b8a9-3fe0298cea5c","local_time":"20201217112609","is_ascension_mode":true,"campfire_choices":[{"data":"Dagger Spray","floor":8,"key":"SMITH"},{"data":"Terror","floor":11,"key":"SMITH"},{"floor":15,"key":"DIG"}],"circlet_count":0,"master_deck":["AscendersBane","Strike_G","Strike_G","Strike_G","Strike_G","Defend_G","Defend_G","Defend_G","Defend_G","Defend_G","Survivor","Neutralize","Backstab","PiercingWail","Dagger Spray+1","Dagger Throw","Backflip","After Image","Terror+1","Crippling Poison"],"relics":["SlaversCollar","Shovel","Mummified Hand","Unceasing Top","Question Card"],"acts_visited":["Exordium"],"potions_floor_usage":[13],"damage_taken":[{"damage":1,"enemies":"Small Slimes","floor":1,"turns":4},{"damage":1,"enemies":"Cultist","floor":2,"turns":4},{"damage":25,"enemies":"3 Sentries","floor":6,"turns":11},{"damage":0,"enemies":"2 Louse","floor":7,"turns":3},{"damage":0,"enemies":"2 Fungi Beasts","floor":10,"turns":3},{"damage":8,"enemies":"Gremlin Nob","floor":13,"turns":4},{"damage":0,"enemies":"Blue Slaver","floor":14,"turns":3},{"damage":0,"enemies":"Slime Boss","floor":16,"turns":2}],"seed_played":"-5652167311029871836","potions_obtained":[{"floor":1,"key":"Block Potion"},{"floor":2,"key":"Weak Potion"}],"is_trial":false,"path_per_floor":["M","M","$","?","$","E","M","R","T","M","R","?","E","M","R","B"],"character_chosen":"THE_SILENT","items_purchased":["Dagger Spray","Dagger Throw","Backflip"],"campfire_rested":0,"item_purchase_floors":[3,3,3],"current_hp_per_floor":[62,61,61,61,61,36,36,36,36,36,36,25,17,17,17,17,17],"gold":184,"neow_bonus":"BOSS_RELIC","is_daily":false,"chose_seed":false,"campfire_upgraded":2,"win_rate":0.0,"timestamp":1608171969,"path_taken":["M","M","$","?","?","E","M","R","T","?","R","?","E","M","R","BOSS"],"items_purchased_type":["Card","Card","Card"],"build_version":"2020-12-13","purchased_purges":0,"victory":false,"max_hp_per_floor":[70,70,70,70,70,70,70,70,70,70,70,70,70,70,70,70,70],"card_choices":[{"not_picked":["PiercingWail","Masterful Stab"],"picked":"Backstab","floor":1},{"not_picked":["Poisoned Stab","Outmaneuver"],"picked":"PiercingWail","floor":2},{"not_picked":["Deflect","Backflip"],"picked":"After Image","floor":6},{"not_picked":["Well Laid Plans","Leg Sweep","Deflect"],"picked":"SKIP","floor":7},{"not_picked":["PiercingWail","Outmaneuver"],"picked":"Terror","floor":10},{"not_picked":["Slice","Dagger Spray","Sucker Punch"],"picked":"SKIP","floor":13},{"not_picked":["Sucker Punch","Slice"],"picked":"Crippling Poison","floor":14}],"player_experience":645047,"relics_obtained":[{"floor":6,"key":"Shovel"},{"floor":9,"key":"Mummified Hand"},{"floor":13,"key":"Unceasing Top"},{"floor":15,"key":"Question Card"}],"event_choices":[{"cards_removed":["Strike_G"],"damage_healed":0,"gold_gain":0,"player_choice":"Purged","damage_taken":0,"max_hp_gain":0,"max_hp_loss":0,"event_name":"Purifier","floor":4,"gold_loss":0},{"damage_healed":0,"gold_gain":75,"player_choice":"Gather Gold","damage_taken":11,"max_hp_gain":0,"max_hp_loss":0,"event_name":"World of Goop","floor":12,"gold_loss":0}],"is_beta":false,"boss_relics":[],"items_purged_floors":[],"is_endless":false,"potions_floor_spawned":[1,2,7],"killed_by":"Slime Boss","ascension_level":13}}