{"host":"ok3pmhc1fiz31noj","time":1608168853,"event":{"mods":["AchievementEnabler","BaseMod","Colored Map","Colored Powertips","Minty Spire (QoL Compilation)","Quick Restart","Relic Stats","Replay The Spire","StSLib"],"gold_per_floor":[110,110,60,135,135,167,183,30,30,30,45,56,132,57,57,152,152,168,168,201,212,231,231,231],"floor_reached":23,"playtime":748,"items_purged":["Decay"],"score":214,"play_id":"f63fe1d2-c7a1-4286-a2ae-b63ca7d23537","local_time":"20201217093413","is_ascension_mode":false,"campfire_choices":[{"data":"Feed","floor":10,"key":"SMITH"},{"data":"Seeing Red","floor":15,"key":"SMITH"}],"circlet_count":0,"master_deck":["Strike_R","Strike_R","Strike_R","Strike_R","Defend_R","Defend_R","Defend_R","Defend_R","Bash","ReplayTheSpireMod:Limb From Limb","Feed+1","Seeing Red+1"],"relics":["Black Blood","NeowsBlessing","Replay:Bottled Flurry","Tiny Chest","Replay:Bottled Snecko","Singing Bowl","Replay:Grab Bag","Philosopher\u0027s Stone","ChewingGum","Black Star","Girya","Red Mask"],"acts_visited":["Exordium","TheCity"],"potions_floor_usage":[16,20,23,23],"damage_taken":[{"damage":0,"enemies":"2 Louse","floor":1,"turns":1},{"damage":2,"enemies":"3 Sentries","floor":6,"turns":2},{"damage":0,"enemies":"Small Slimes","floor":7,"turns":1},{"damage":11,"enemies":"Cultist","floor":11,"turns":5},{"damage":10,"enemies":"Exordium Wildlife","floor":12,"turns":4},{"damage":32,"enemies":"Slime Boss","floor":16,"turns":11},{"damage":34,"enemies":"Shell Parasite","floor":18,"turns":7},{"damage":19,"enemies":"Masked Bandits","floor":20,"turns":4},{"damage":0,"enemies":"Chosen","floor":21,"turns":4},{"damage":55,"enemies":"3 Cultists","floor":22,"turns":7},{"damage":20,"enemies":"Gremlin Leader","floor":23,"turns":3}],"seed_played":"-552745879705806182","potions_obtained":[{"floor":1,"key":"Dexterity Potion"},{"floor":12,"key":"ColorlessPotion"},{"floor":16,"key":"Ancient Potion"},{"floor":20,"key":"Adrenaline Potion"}],"is_trial":false,"path_per_floor":["M","?","?","?","?","E","M","$","T","R","M","M","T","$","R","B",null,"M","T","?","M","M","E"],"character_chosen":"IRONCLAD","items_purchased":["Feed"],"campfire_rested":0,"item_purchase_floors":[8],"current_hp_per_floor":[80,77,77,66,66,70,76,76,76,76,71,71,71,71,71,51,90,70,70,69,83,46,26,26],"gold":231,"neow_bonus":"THREE_ENEMY_KILL","is_daily":false,"chose_seed":false,"campfire_upgraded":2,"win_rate":0.0,"timestamp":1608168853,"path_taken":["M","?","?","?","?","E","?","$","T","R","M","M","?","?","R","BOSS","M","?","?","M","M","E"],"items_purchased_type":["Card"],"build_version":"2020-12-13","purchased_purges":1,"victory":false,"max_hp_per_floor":[80,80,80,80,80,80,80,80,80,80,80,84,84,84,84,90,90,92,92,98,100,106,106,106],"relic_stats":{"Singing Bowl":10,"counters":[11,49],"Black Blood":78,"Tiny Chest":1,"Black Star":0,"obtain_stats":[{"Girya":19,"NeowsBlessing":0,"Singing Bowl":13,"Replay:Grab Bag":17,"Black Blood":17,"Burning Blood":0,"Tiny Chest":6,"Philosopher\u0027s Stone":17,"ChewingGum":17,"Replay:Bottled Flurry":2,"Black Star":17,"Red Mask":20,"Replay:Bottled Snecko":9},{"Girya":7,"NeowsBlessing":0,"Singing Bowl":5,"Replay:Grab Bag":6,"Black Blood":6,"Burning Blood":0,"Tiny Chest":2,"Philosopher\u0027s Stone":6,"ChewingGum":6,"Replay:Bottled Flurry":1,"Black Star":6,"Red Mask":8,"Replay:Bottled Snecko":3},{"Girya":31,"NeowsBlessing":0,"Singing Bowl":13,"Replay:Grab Bag":24,"Black Blood":24,"Burning Blood":0,"Tiny Chest":3,"Philosopher\u0027s Stone":24,"ChewingGum":24,"Replay:Bottled Flurry":1,"Black Star":24,"Red Mask":35,"Replay:Bottled Snecko":4}]},"card_choices":[{"not_picked":["Whirlwind","Iron Wave"],"picked":"ReplayTheSpireMod:Limb From Limb","floor":1},{"not_picked":["Sword Boomerang","Wild Strike","Burning Pact"],"picked":"SKIP","floor":6},{"not_picked":["Armaments","Shrug It Off","Twin Strike"],"picked":"SKIP","floor":7},{"not_picked":["Feel No Pain","Wild Strike","Iron Wave"],"picked":"SKIP","floor":11},{"not_picked":["ReplayTheSpireMod:Stacked","Berserk"],"picked":"Seeing Red","floor":12},{"not_picked":["Limit Break","Fiend Fire","Corruption"],"picked":"Singing Bowl","floor":16},{"not_picked":["Flex","Body Slam+1","True Grit"],"picked":"Singing Bowl","floor":18},{"not_picked":["Clash","Perfected Strike","Shrug It Off"],"picked":"Singing Bowl","floor":20},{"not_picked":["Entrench","ReplayTheSpireMod:Stacked","Anger"],"picked":"Singing Bowl","floor":21},{"not_picked":["Flex","Heavy Blade+1","ReplayTheSpireMod:Muscle Training+1"],"picked":"Singing Bowl","floor":22}],"player_experience":130857,"relics_obtained":[{"floor":6,"key":"Tiny Chest"},{"floor":9,"key":"Replay:Bottled Snecko"},{"floor":13,"key":"Singing Bowl"},{"floor":19,"key":"Girya"},{"floor":20,"key":"Red Mask"}],"event_choices":[{"damage_healed":0,"gold_gain":0,"player_choice":"Success","damage_taken":3,"relics_obtained":["Replay:Bottled Flurry"],"max_hp_gain":0,"max_hp_loss":0,"event_name":"Scrap Ooze","floor":2,"gold_loss":0},{"cards_removed":["Strike_R"],"damage_healed":0,"gold_gain":0,"player_choice":"Card Removal","damage_taken":0,"max_hp_gain":0,"max_hp_loss":0,"event_name":"The Cleric","floor":3,"gold_loss":50},{"damage_healed":0,"gold_gain":75,"player_choice":"Gather Gold","damage_taken":11,"max_hp_gain":0,"max_hp_loss":0,"event_name":"World of Goop","floor":4,"gold_loss":0},{"damage_healed":0,"gold_gain":0,"player_choice":"Cursed","damage_taken":0,"max_hp_gain":0,"max_hp_loss":0,"event_name":"Wheel of Change","floor":5,"gold_loss":0,"cards_obtained":["Decay"]},{"damage_healed":0,"gold_gain":0,"player_choice":"Fought Bandits","damage_taken":0,"max_hp_gain":0,"max_hp_loss":0,"event_name":"Masked Bandits","floor":20,"gold_loss":0}],"is_beta":false,"boss_relics":[{"not_picked":["SlaversCollar","Astrolabe"],"picked":"Replay:Grab Bag"},{"not_picked":["Velvet Choker","Ooze Armor"],"picked":"Philosopher\u0027s Stone"},{"not_picked":["Fusion Hammer","Runic Dome"],"picked":"ChewingGum"},{"not_picked":["SacredBark","Tiny House"],"picked":"Black Blood"},{"not_picked":["Honey Jar","Mark of Pain"],"picked":"Black Star"}],"items_purged_floors":[14],"is_endless":false,"potions_floor_spawned":[1,12,16,20],"killed_by":"Gremlin Leader","ascension_level":0}}