{"host":"s16kfpesqt7yg83z","time":1608218653,"event":{"mods":["Act Like it!","BaseMod","Colored Map","DeckTracker","Downfall","Minty Spire (QoL Compilation)","Permanent Neow","Quick Restart","StSLib"],"gold_per_floor":[0,18,49,34,134,147,173,201,201,247,247,268,294,303,332,332,332],"floor_reached":16,"playtime":622,"items_purged":[],"score":114,"play_id":"de2d5ee1-8e6a-40a5-912f-c9d762e4d2b9","local_time":"20201218002413","is_ascension_mode":false,"campfire_choices":[{"floor":1.0,"key":"RECALL"},{"data":"hexamod:SuperheatedStrike","floor":9,"key":"SMITH"}],"circlet_count":0,"master_deck":["hexamod:Strike","hexamod:Strike","hexamod:Strike+1","hexamod:Defend","hexamod:Defend","hexamod:Defend+1","hexamod:Defend","hexamod:Sear+1","hexamod:Float","hexamod:FourthSeal","hexamod:ThirdSeal","hexamod:SwordOfDarkness","hexamod:SuperheatedStrike+1","hexamod:Again","hexamod:SixthSeal","hexamod:FirstSeal","hexamod:AdvancingGuard","hexamod:VolcanoVisage","hexamod:Hexaguard"],"relics":["hexamod:SpiritBrand","CaptainsWheel","Nunchaku","CeramicFish","Girya"],"acts_visited":["Exordium"],"potions_floor_usage":[10,11,13,16,16],"damage_taken":[{"damage":0.0,"enemies":"Cultist","floor":2.0,"turns":3.0},{"damage":18.0,"enemies":"Gremlin Nob","floor":3.0,"turns":5.0},{"damage":0.0,"enemies":"downfall:FleeingMerchant","floor":4.0,"turns":4.0},{"damage":0.0,"enemies":"2 Louse","floor":6.0,"turns":2.0},{"damage":0.0,"enemies":"Small Slimes","floor":8.0,"turns":3.0},{"damage":7,"enemies":"Lagavulin","floor":10,"turns":6},{"damage":0,"enemies":"Lots of Slimes","floor":11,"turns":1},{"damage":0,"enemies":"Large Slime","floor":12,"turns":6},{"damage":6,"enemies":"3 Louse","floor":13,"turns":4},{"damage":2,"enemies":"Blue Slaver","floor":15,"turns":4},{"damage":61,"enemies":"downfall:Defect","floor":16,"turns":6}],"seed_played":"-4136320937312970765","potions_obtained":[{"floor":3.0,"key":"SmokeBomb"},{"floor":3.0,"key":"Fire Potion"},{"floor":4.0,"key":"SneckoOil"},{"floor":6.0,"key":"Strength Potion"},{"floor":8,"key":"AttackPotion"},{"floor":10,"key":"LiquidMemories"},{"floor":12,"key":"Energy Potion"},{"floor":13,"key":"Regen Potion"},{"floor":13,"key":"DuplicationPotion"}],"is_trial":false,"path_per_floor":["R","M","E","$","?","M","T","M","R","E","M","M","M","?","M","B"],"character_chosen":"THE_SPIRIT","items_purchased":[],"campfire_rested":0,"item_purchase_floors":[],"current_hp_per_floor":[70,70,52,52,52,52,52,52,52,45,45,45,46,46,44,0,0],"gold":332,"neow_bonus":"ONE_RARE_RELIC","is_daily":false,"chose_seed":false,"campfire_upgraded":1,"win_rate":0.0,"timestamp":1608218653,"path_taken":["R","?","E","$","?","M","T","M","R","E","M","M","M","?","M","BOSS"],"items_purchased_type":[],"build_version":"2020-12-13","purchased_purges":0,"victory":false,"max_hp_per_floor":[70,70,70,70,70,70,70,70,70,70,70,70,70,70,70,70,70],"card_choices":[{"not_picked":["hexamod:RainOfEmbers","hexamod:GhostShield"],"picked":"hexamod:FourthSeal","floor":2.0},{"not_picked":["hexamod:ThermalTransfer","hexamod:SpectralAdrenaline"],"picked":"hexamod:ThirdSeal","floor":3.0},{"not_picked":["hexamod:CatchUp","hexamod:Firestarter"],"picked":"hexamod:SwordOfDarkness","floor":4.0},{"not_picked":["hexamod:RadiantFlame","hexamod:Firestarter","hexamod:EtherealExpedition"],"picked":"SKIP","floor":4.0},{"not_picked":["hexamod:BurningTouch","hexamod:Firestarter","hexamod:HauntingEcho"],"picked":"SKIP","floor":6.0},{"not_picked":["hexamod:ThermalTransfer","hexamod:EmpoweredFlame"],"picked":"hexamod:SuperheatedStrike","floor":8},{"not_picked":["hexamod:EtherealExpedition","hexamod:SwordOfDarkness"],"picked":"hexamod:Again","floor":10},{"not_picked":["hexamod:BurningTouch","hexamod:NightmareStrike"],"picked":"hexamod:SixthSeal","floor":10},{"not_picked":["hexamod:GhostLash","hexamod:FastForward"],"picked":"hexamod:FirstSeal","floor":12},{"not_picked":["hexamod:RainOfEmbers","hexamod:GhostShield"],"picked":"hexamod:AdvancingGuard","floor":13},{"not_picked":["hexamod:SwordOfDarkness","hexamod:GhostOfSpireFuture","hexamod:Firestarter"],"picked":"SKIP","floor":13},{"not_picked":["hexamod:AdvancingGuard","hexamod:ShieldOfDarkness"],"picked":"hexamod:Hexaguard","floor":15},{"not_picked":["hexamod:Hexaguard","hexamod:FastForward","hexamod:ThirdSeal"],"picked":"SKIP","floor":15}],"player_experience":1409824,"relics_obtained":[{"floor":3.0,"key":"Nunchaku"},{"floor":7.0,"key":"CeramicFish"},{"floor":10,"key":"Girya"}],"event_choices":[{"damage_healed":0,"gold_gain":0,"cards_transformed":["hexamod:Strike"],"player_choice":"Change","damage_taken":0,"max_hp_gain":0,"max_hp_loss":0,"event_name":"Living Wall","floor":14,"gold_loss":0,"cards_obtained":["hexamod:VolcanoVisage"]}],"is_beta":false,"boss_relics":[],"items_purged_floors":[],"is_endless":false,"potions_floor_spawned":[3,6,8,13,15],"killed_by":"downfall:Defect","ascension_level":0}}