{"host":"bux1pdxjwq4dkad9","time":1608189379,"event":{"mods":["BaseMod","Colored Map","Minty Spire (QoL Compilation)","Quick Restart","Robot Space Explorer","StSLib","SuperFastMode","°æ“≈ŒÔMod°øºÚµ•”Œœ∑"],"gold_per_floor":[112,92,102,27,27,61,61,90,90,90,90,123,200,221,221,312,312,333,333,351,366,379,422,422,435,462,462,483,483,533,566,566,655,655,675,689,705,728,786,786,826,851,901,941,965,977,1029,1056,1068,1080,1092,1104,1116,206,244,244],"floor_reached":57,"playtime":1988,"items_purged":["Strike_G+1"],"score":3750,"play_id":"5b7c856b-b961-4451-8be5-7cedea403b0a","local_time":"20201217151619","is_ascension_mode":true,"campfire_choices":[{"data":"Choke","floor":7.0,"key":"SMITH"},{"data":"Neutralize","floor":10.0,"key":"SMITH"},{"data":"Crippling Poison","floor":15.0,"key":"SMITH"},{"data":"Grand Finale","floor":24.0,"key":"SMITH"},{"floor":32.0,"key":"RECALL"},{"data":"Backstab","floor":40.0,"key":"SMITH"},{"data":"Defend_G","floor":46.0,"key":"SMITH"},{"data":"Defend_G","floor":49.0,"key":"SMITH"},{"floor":53.0,"key":"REST"}],"circlet_count":0,"master_deck":["AscendersBane","Strike_G+1","Defend_G+1","Defend_G","Defend_G+1","Defend_G+1","Survivor+1","Neutralize+1","Crippling Poison+1","Choke+1","Calculated Gamble+1","Grand Finale+1","Backstab+1","Adrenaline+1","Concentrate+1","Prepared+1","Tactician+1","Purity+1","Grand Finale+1","Malaise+1","Calculated Gamble+1"],"relics":["Ring of the Snake","ImprovedEquipment","Darkstone Periapt","Toxic Egg 2","Golden Idol","Tingsha","Shuriken","Runic Dome","War Paint","Pen Nib","Enchiridion","Ancient Tea Set","SlaversCollar","Prayer Wheel","PreservedInsect","Anchor","Bag of Marbles","MawBank","Whetstone","Nunchaku","Centennial Puzzle","DollysMirror","Happy Flower"],"acts_visited":["Exordium","TheCity","TheBeyond","TheEnding"],"potions_floor_usage":[56],"damage_taken":[{"damage":0.0,"enemies":"Jaw Worm","floor":1.0,"turns":3.0},{"damage":0.0,"enemies":"Cultist","floor":3.0,"turns":3.0},{"damage":0.0,"enemies":"3 Sentries","floor":6.0,"turns":9.0},{"damage":0.0,"enemies":"Lagavulin","floor":8.0,"turns":4.0},{"damage":0.0,"enemies":"3 Sentries","floor":12.0,"turns":5.0},{"damage":0.0,"enemies":"Small Slimes","floor":14.0,"turns":1.0},{"damage":0.0,"enemies":"Slime Boss","floor":16.0,"turns":4.0},{"damage":0.0,"enemies":"Shell Parasite","floor":18.0,"turns":1.0},{"damage":0.0,"enemies":"Chosen","floor":20.0,"turns":1.0},{"damage":0.0,"enemies":"3 Cultists","floor":21.0,"turns":1.0},{"damage":0.0,"enemies":"Snake Plant","floor":22.0,"turns":1.0},{"damage":0.0,"enemies":"Slavers","floor":23.0,"turns":1.0},{"damage":0.0,"enemies":"Snecko","floor":25.0,"turns":1.0},{"damage":0.0,"enemies":"Shelled Parasite and Fungi","floor":28.0,"turns":1.0},{"damage":0.0,"enemies":"Book of Stabbing","floor":31.0,"turns":1.0},{"damage":0.0,"enemies":"Automaton","floor":33.0,"turns":1.0},{"damage":0.0,"enemies":"Orb Walker","floor":35.0,"turns":1.0},{"damage":0.0,"enemies":"3 Darklings","floor":36.0,"turns":1.0},{"damage":0.0,"enemies":"4 Shapes","floor":37.0,"turns":1.0},{"damage":0.0,"enemies":"Transient","floor":38.0,"turns":3.0},{"damage":0.0,"enemies":"2 Orb Walkers","floor":39.0,"turns":1.0},{"damage":0.0,"enemies":"Nemesis","floor":41.0,"turns":1.0},{"damage":0.0,"enemies":"Maw","floor":42.0,"turns":1.0},{"damage":0.0,"enemies":"Reptomancer","floor":44.0,"turns":1.0},{"damage":0.0,"enemies":"Giant Head","floor":47.0,"turns":1.0},{"damage":0.0,"enemies":"Spire Growth","floor":48.0,"turns":1.0},{"damage":0.0,"enemies":"Time Eater","floor":50.0,"turns":2.0},{"damage":0.0,"enemies":"Awakened One","floor":51.0,"turns":2.0},{"damage":0.0,"enemies":"Shield and Spear","floor":55.0,"turns":1.0},{"damage":0,"enemies":"The Heart","floor":56,"turns":4}],"seed_played":"2452902644305427879","potions_obtained":[{"floor":2.0,"key":"Poison Potion"},{"floor":3.0,"key":"SteroidPotion"},{"floor":14.0,"key":"Fire Potion"},{"floor":23.0,"key":"PowerPotion"}],"is_trial":false,"path_per_floor":["M","?","M","?","?","E","R","E","T","R","?","E","T","M","R","B",null,"M","?","M","M","M","E","R","M","T","?","M","?","?","E","R","B",null,"M","M","M","M","?","R","E","M","T","E","T","R","E","M","R","B","B",null,"R","$","E","B",null],"character_chosen":"THE_SILENT","items_purchased":["Purity+1","Nunchaku","Centennial Puzzle","DollysMirror","Malaise+1","LiquidMemories"],"campfire_rested":1,"item_purchase_floors":[54,54,54,54,54,54],"current_hp_per_floor":[44,44,44,44,49,49,49,49,49,49,25,25,25,25,25,25,60,60,60,60,60,60,60,60,60,60,39,39,39,32,32,32,32,61,61,61,61,61,61,61,61,61,61,61,61,61,61,61,61,61,61,69,71,71,71,71],"gold":244,"neow_bonus":"REMOVE_TWO","is_daily":false,"chose_seed":false,"campfire_upgraded":7,"win_rate":0.0,"timestamp":1608189379,"path_taken":["M","?","?","?","?","E","R","E","T","R","?","E","?","?","R","BOSS","M","?","?","M","M","E","R","M","T","?","M","?","?","E","R","BOSS","M","?","M","M","?","R","E","M","T","E","?","R","E","M","R","BOSS","BOSS","R","$","E","BOSS"],"items_purchased_type":["Card","Relic","Relic","Relic","Card","Potion"],"build_version":"2020-12-13","purchased_purges":1,"victory":true,"max_hp_per_floor":[66,66,66,66,71,71,71,71,71,71,71,71,71,71,71,71,71,71,71,71,71,71,71,71,71,71,71,71,71,71,71,71,71,71,71,71,71,71,71,71,71,71,71,71,71,71,71,71,71,71,71,71,71,71,71,71],"card_choices":[{"not_picked":["Slice","Deadly Poison"],"picked":"Crippling Poison","floor":1.0},{"not_picked":["Reflex","Crippling Poison","Accuracy"],"picked":"SKIP","floor":3.0},{"not_picked":["Eviscerate","Backflip"],"picked":"Choke","floor":6.0},{"not_picked":["Well Laid Plans","Accuracy"],"picked":"Calculated Gamble+1","floor":8.0},{"not_picked":["Blade Dance+1","Dagger Throw","Quick Slash"],"picked":"SKIP","floor":12.0},{"not_picked":["Underhanded Strike","Footwork","Deadly Poison+1"],"picked":"SKIP","floor":14.0},{"not_picked":["Envenom","Storm of Steel+1"],"picked":"Grand Finale","floor":16.0},{"not_picked":["Backstab+1","Dodge and Roll+1","Flechettes"],"picked":"SKIP","floor":18.0},{"not_picked":["Prepared+1","Flechettes","Leg Sweep+1"],"picked":"SKIP","floor":20.0},{"not_picked":["Heel Hook","Infinite Blades","Dodge and Roll+1"],"picked":"SKIP","floor":21.0},{"not_picked":["Concentrate+1","Finisher"],"picked":"Adrenaline+1","floor":22.0},{"not_picked":["Masterful Stab","Quick Slash","Backflip+1"],"picked":"SKIP","floor":23.0},{"not_picked":["Acrobatics+1","Deflect+1","Concentrate+1"],"picked":"SKIP","floor":25.0},{"not_picked":["Calculated Gamble+1","Underhanded Strike"],"picked":"Concentrate+1","floor":28.0},{"not_picked":["Quick Slash","Blade Dance+1","Catalyst+1"],"picked":"SKIP","floor":31.0},{"not_picked":["Blade Dance+1","Underhanded Strike","Calculated Gamble+1"],"picked":"SKIP","floor":35.0},{"not_picked":["Blade Dance+1","Dagger Throw","Underhanded Strike+1"],"picked":"SKIP","floor":36.0},{"not_picked":["Distraction+1","Reflex+1","Masterful Stab+1"],"picked":"SKIP","floor":37.0},{"not_picked":["Prepared+1","Accuracy","Underhanded Strike+1"],"picked":"SKIP","floor":38.0},{"not_picked":["Accuracy","Underhanded Strike+1"],"picked":"Prepared+1","floor":38.0},{"not_picked":["Sucker Punch","Choke","Finisher"],"picked":"SKIP","floor":41.0},{"not_picked":["Poisoned Stab","Wraith Form v2","Endless Agony"],"picked":"SKIP","floor":42.0},{"not_picked":["Crippling Poison+1","Quick Slash+1","Prepared+1"],"picked":"SKIP","floor":42.0},{"not_picked":["Eviscerate","Crippling Poison+1","Bouncing Flask+1"],"picked":"SKIP","floor":44.0},{"not_picked":["Grand Finale","Slice","Backflip+1"],"picked":"SKIP","floor":47.0},{"not_picked":["Bane","Underhanded Strike"],"picked":"Tactician+1","floor":48.0},{"not_picked":["Outmaneuver+1","Dagger Spray","Underhanded Strike"],"picked":"SKIP","floor":48.0},{"not_picked":["Tools of the Trade","Blur+1"],"picked":"Calculated Gamble+1","floor":55.0}],"player_experience":2331195,"relics_obtained":[{"floor":6.0,"key":"Darkstone Periapt"},{"floor":8.0,"key":"Toxic Egg 2"},{"floor":12.0,"key":"Tingsha"},{"floor":13.0,"key":"Shuriken"},{"floor":23.0,"key":"War Paint"},{"floor":26.0,"key":"Pen Nib"},{"floor":27.0,"key":"Enchiridion"},{"floor":31.0,"key":"Ancient Tea Set"},{"floor":39.0,"key":"Prayer Wheel"},{"floor":41.0,"key":"PreservedInsect"},{"floor":43.0,"key":"Anchor"},{"floor":44.0,"key":"Bag of Marbles"},{"floor":45.0,"key":"MawBank"},{"floor":47.0,"key":"Whetstone"},{"floor":55.0,"key":"Happy Flower"}],"event_choices":[{"damage_healed":0.0,"max_hp_gain":0.0,"max_hp_loss":0.0,"gold_gain":0.0,"event_name":"The Woman in Blue","player_choice":"Bought 1 Potion","floor":2.0,"gold_loss":0.0,"damage_taken":0.0},{"cards_removed":["Strike_G"],"damage_healed":0.0,"max_hp_gain":0.0,"max_hp_loss":0.0,"gold_gain":0.0,"event_name":"The Cleric","player_choice":"Card Removal","floor":4.0,"gold_loss":75.0,"damage_taken":0.0},{"damage_healed":0.0,"max_hp_gain":5.0,"max_hp_loss":0.0,"gold_gain":0.0,"event_name":"Big Fish","player_choice":"Donut","floor":5.0,"gold_loss":0.0,"damage_taken":0.0},{"damage_healed":0.0,"max_hp_gain":0.0,"max_hp_loss":0.0,"gold_gain":0.0,"event_name":"Golden Idol","player_choice":"Take Damage","floor":11.0,"gold_loss":0.0,"damage_taken":24.0,"relics_obtained":["Golden Idol"]},{"damage_healed":0.0,"max_hp_gain":0.0,"max_hp_loss":0.0,"gold_gain":0.0,"cards_transformed":["Strike_G"],"event_name":"Transmorgrifier","player_choice":"Transformed","floor":19.0,"gold_loss":0.0,"damage_taken":0.0,"cards_obtained":["Backstab"]},{"damage_healed":0.0,"max_hp_gain":0.0,"max_hp_loss":0.0,"gold_gain":0.0,"event_name":"Cursed Tome","player_choice":"Obtained Book","floor":27.0,"gold_loss":0.0,"damage_taken":21.0},{"damage_healed":0.0,"max_hp_gain":0.0,"max_hp_loss":0.0,"gold_gain":0.0,"event_name":"Ghosts","player_choice":"Ignored","floor":29.0,"gold_loss":0.0,"damage_taken":0.0},{"damage_healed":0.0,"max_hp_gain":0.0,"max_hp_loss":0.0,"gold_gain":50.0,"event_name":"FaceTrader","player_choice":"Touch","floor":30.0,"gold_loss":0.0,"damage_taken":7.0},{"damage_healed":0.0,"max_hp_gain":0.0,"max_hp_loss":0.0,"gold_gain":0.0,"event_name":"Mysterious Sphere","player_choice":"Fight","floor":39.0,"gold_loss":0.0,"damage_taken":0.0}],"is_beta":false,"boss_relics":[{"not_picked":["Snecko Eye","Ring of the Serpent"],"picked":"Runic Dome"},{"not_picked":["Cursed Key","Fusion Hammer"],"picked":"SlaversCollar"}],"items_purged_floors":[54],"is_endless":false,"potions_floor_spawned":[3,14,16,18,23,25,28,39,42,44,47,55],"ascension_level":20}}