{"host":"sav7uxregyirlf69","time":1608174957,"event":{"mods":["AchievementEnabler","BaseMod","Colored Map","DeckTracker","Keyboard Shortcuts","Minty Spire (QoL Compilation)","READ ME - Guardian Mod","StSLib","SuperFastMode"],"gold_per_floor":[117,117,117,134,134,134,165,165,165,165,180,255,32,43,43,43,43],"floor_reached":16,"playtime":279,"items_purged":["Strike_G"],"score":196,"play_id":"548c03cd-7cbe-4aa9-9b98-c7a13d9aa227","local_time":"20201217121557","is_ascension_mode":true,"campfire_choices":[{"data":"Footwork","floor":6,"key":"SMITH"},{"data":"A Thousand Cuts","floor":8,"key":"SMITH"},{"floor":10,"key":"REST"},{"data":"Neutralize","floor":15,"key":"SMITH"}],"circlet_count":0,"master_deck":["AscendersBane","Strike_G","Strike_G","Strike_G","Defend_G","Defend_G","Defend_G","Defend_G","Defend_G","Survivor","Neutralize+1","Storm of Steel+1","Dagger Spray","Footwork+1","A Thousand Cuts+1","PiercingWail","Dagger Throw"],"relics":["Ring of the Snake","FaceOfCleric","Blue Candle","Smiling Mask","Potion Belt"],"acts_visited":["Exordium"],"potions_floor_usage":[16],"damage_taken":[{"damage":1,"enemies":"2 Louse","floor":1,"turns":3},{"damage":0,"enemies":"Cultist","floor":4,"turns":4},{"damage":26,"enemies":"3 Sentries","floor":7,"turns":15},{"damage":4,"enemies":"Small Slimes","floor":11,"turns":3},{"damage":11,"enemies":"Exordium Wildlife","floor":14,"turns":4},{"damage":26,"enemies":"Hexaghost","floor":16,"turns":14}],"seed_played":"7102644809618926138","potions_obtained":[{"floor":1,"key":"LiquidMemories"}],"is_trial":false,"path_per_floor":["M","?","?","M","?","R","E","R","T","R","M","?","$","M","R","B"],"character_chosen":"THE_SILENT","items_purchased":["Potion Belt"],"campfire_rested":1,"item_purchase_floors":[13],"current_hp_per_floor":[58,58,58,59,52,52,27,27,27,47,44,33,33,23,23,0,0],"gold":43,"neow_bonus":"ONE_RANDOM_RARE_CARD","is_daily":false,"chose_seed":false,"campfire_upgraded":3,"win_rate":0.0,"timestamp":1608174957,"path_taken":["M","?","?","?","?","R","E","R","T","R","M","?","$","M","R","BOSS"],"items_purchased_type":["Relic"],"build_version":"2020-12-13","purchased_purges":1,"victory":false,"max_hp_per_floor":[66,66,66,67,67,67,68,68,68,68,69,69,69,70,70,70,70],"card_choices":[{"not_picked":["Prepared","Heel Hook"],"picked":"Dagger Spray","floor":1},{"not_picked":["Poisoned Stab","Outmaneuver"],"picked":"Footwork","floor":4},{"not_picked":["Outmaneuver","Finisher"],"picked":"A Thousand Cuts","floor":7},{"not_picked":["Leg Sweep","Prepared"],"picked":"PiercingWail","floor":11},{"not_picked":["Flying Knee","Slice"],"picked":"Dagger Throw","floor":14}],"player_experience":934403,"relics_obtained":[{"floor":7,"key":"Blue Candle"},{"floor":9,"key":"Smiling Mask"}],"event_choices":[{"damage_healed":0,"gold_gain":0,"player_choice":"Grow","damage_taken":0,"max_hp_gain":0,"max_hp_loss":0,"event_name":"Living Wall","floor":2,"gold_loss":0,"cards_upgraded":["Storm of Steel"]},{"damage_healed":0,"gold_gain":0,"player_choice":"Trade","damage_taken":0,"relics_obtained":["FaceOfCleric"],"max_hp_gain":0,"max_hp_loss":0,"event_name":"FaceTrader","floor":3,"gold_loss":0},{"cards_removed":["Strike_G"],"damage_healed":0,"gold_gain":0,"player_choice":"Card Removal","damage_taken":7,"max_hp_gain":0,"max_hp_loss":0,"event_name":"Golden Wing","floor":5,"gold_loss":0},{"damage_healed":0,"gold_gain":75,"player_choice":"Gather Gold","damage_taken":11,"max_hp_gain":0,"max_hp_loss":0,"event_name":"World of Goop","floor":12,"gold_loss":0}],"is_beta":false,"boss_relics":[],"items_purged_floors":[13],"is_endless":false,"potions_floor_spawned":[1],"killed_by":"Hexaghost","ascension_level":20}}