{"host":"zgdag062zrknap1a","time":1608239018,"event":{"mods":["AchievementEnabler","Act Like it!","Aspiration","Bard","BaseMod","BetterRewards","Colored Map","Colored Powertips","Conspire","Downfall","Gensokyo","Hallownest","Hermit","Highlight Path","Hubris","Infinite Spire","Jorbs\u0027s Wanderer Trilogy","Marisa????????","Minty Spire (QoL Compilation)","Quick Restart","Rare Cards Sparkle","Replay The Spire","Shop Mod","StSLib","The Bug Knight","The Cursed","The Hierophant","The Necromancer","The Runesmith","The Servant 0.9.4"],"gold_per_floor":[111,121,121,137,22,53,53,65,88,120,136,148,148,148,148,246,246,260,278,228,228,188,188,204,204],"floor_reached":24,"playtime":1471,"items_purged":["Bash","Blood for Blood+1"],"score":233,"play_id":"0773b655-fa93-49c8-8180-2f529852a7c9","local_time":"20201217130338","is_ascension_mode":false,"campfire_choices":[{"floor":13,"key":"RECALL"},{"data":"Perfected Strike","floor":15,"key":"SMITH"},{"data":"Strike_R","floor":23,"key":"SMITH"}],"circlet_count":0,"master_deck":["Strike_R","Strike_R+2","Strike_R+1","Strike_R+1","Strike_R","Perfected Strike+1","Pommel Strike","ReplayTheSpireMod:LeadingStrike+1","Demon Form","Bludgeon+1","Ghostly Armor+1","ReplayTheSpireMod:Strike From Hell"],"relics":["Burning Blood","Membership Card","Simple Rune","Vajra","MerchantsRug","FossilizedHelix","Happy Flower","Bottled Flame","Astrolabe"],"acts_visited":["Exordium","Gensokyo:Gensokyo"],"potions_floor_usage":[],"damage_taken":[{"damage":0,"enemies":"Gensokyo:3_Fairies","floor":1,"turns":3},{"damage":3,"enemies":"Gensokyo:2_Kodama","floor":2,"turns":3},{"damage":0,"enemies":"Gensokyo:Python","floor":4,"turns":2},{"damage":39,"enemies":"Gensokyo:Aya","floor":6,"turns":9},{"damage":0,"enemies":"Gensokyo:LivingMonolith","floor":8,"turns":2},{"damage":0,"enemies":"Gensokyo:Mamizou","floor":10,"turns":6},{"damage":3,"enemies":"Gensokyo:CorruptedTreant","floor":11,"turns":3},{"damage":0,"enemies":"Gensokyo:3_Kodama","floor":12,"turns":3},{"damage":35,"enemies":"Gensokyo:Yukari","floor":16,"turns":9},{"damage":0,"enemies":"Gensokyo:CosmicMonolith","floor":18,"turns":2},{"damage":24,"enemies":"Gensokyo:3_Dogs","floor":19,"turns":4},{"damage":15,"enemies":"Gensokyo:Chomper_and_Gloop","floor":24,"turns":4}],"seed_played":"671493910764378111","potions_obtained":[{"floor":2,"key":"Swift Potion"},{"floor":4,"key":"LiquidMemories"},{"floor":16,"key":"Reflective Coating"},{"floor":18,"key":"DistilledChaos"}],"is_trial":false,"path_per_floor":["M","M","?","M","$","E","?","M","T","E","M","M","R","?","R","B",null,"M","M","$","?","?","R","M"],"character_chosen":"IRONCLAD","items_purchased":["Perfected Strike","Membership Card","Simple Rune","Vajra","MerchantsRug","FossilizedHelix"],"campfire_rested":0,"item_purchase_floors":[0,0,0,0,0,5],"current_hp_per_floor":[50,53,53,59,59,26,26,32,32,38,41,47,47,47,47,18,80,80,62,62,62,62,62,53,53],"gold":204,"neow_bonus":"","is_daily":false,"chose_seed":false,"campfire_upgraded":2,"win_rate":0.0,"timestamp":1608239018,"path_taken":["M","M","?","M","$","E","?","M","T","E","M","?","R","?","R","BOSS","M","M","$","?","?","R","M"],"items_purchased_type":["Card","Relic","Relic","Relic","Relic","Relic"],"build_version":"2020-12-13","purchased_purges":2,"victory":false,"max_hp_per_floor":[80,80,80,80,80,80,80,80,80,80,80,80,80,80,80,80,80,80,80,80,80,80,80,80,80],"card_choices":[{"not_picked":["Battle Trance","Flex"],"picked":"Pommel Strike","floor":1},{"not_picked":["Replay:Undeath\u0027s Touch","ReplayReversal","Havoc"],"picked":"SKIP","floor":2},{"not_picked":["Wild Strike","Power Through","Cleave"],"picked":"SKIP","floor":4},{"not_picked":["Abandon","Exhume","Clash"],"picked":"SKIP","floor":6},{"not_picked":["hubris:ReadiedAction","Clothesline","Whirlwind"],"picked":"SKIP","floor":8},{"not_picked":["Pommel Strike","Burning Pact"],"picked":"ReplayTheSpireMod:LeadingStrike","floor":10},{"not_picked":["Headbutt","Defy Death","Fire Breathing"],"picked":"SKIP","floor":11},{"not_picked":["Intimidate","Clothesline","Power Through"],"picked":"SKIP","floor":12},{"not_picked":["Replay:Many Hands","Impervious"],"picked":"Demon Form","floor":16},{"not_picked":["Defy Death+1","Bloodletting","Body Slam"],"picked":"SKIP","floor":18},{"not_picked":["Clash+1","infinitespire:OneForAll+1","Flex"],"picked":"SKIP","floor":19},{"not_picked":["ReplayTheSpireMod:Corrosion Curse","Heavy Blade"],"picked":"ReplayTheSpireMod:Strike From Hell","floor":24}],"player_experience":363578,"relics_obtained":[{"floor":6,"key":"Happy Flower"},{"floor":10,"key":"Bottled Flame"}],"event_choices":[],"is_beta":false,"boss_relics":[{"not_picked":["Runesmith:UraniumAnvil","SacredBark"],"picked":"Astrolabe"}],"items_purged_floors":[0,20],"is_endless":false,"potions_floor_spawned":[2,4,16,18],"killed_by":"Gensokyo:Chomper_and_Gloop","ascension_level":0}}