{"host":"9ndbo4kgsfoemf7y","time":1608211920,"event":{"mods":["AchievementEnabler","BaseMod","Colored Map","DeckTracker","Keyboard Shortcuts","Minty Spire (QoL Compilation)","Permanent Neow","Quick Restart","Relic Stats","StSLib","SuperFastMode"],"gold_per_floor":[118,133,0,0,14,14,42,42,110,125,142,159,190,200,200,275,275,294,294,21,32,32,32,46,46,46,46,46,46,72,84,84,162,212,224,224,224],"floor_reached":36,"playtime":1019,"items_purged":["Strike_R","Pain"],"score":853,"play_id":"88a797a4-a9ac-47ce-84bd-508f7f8fe37f","local_time":"20201217223200","is_ascension_mode":true,"campfire_choices":[{"data":"Uppercut","floor":6.0,"key":"SMITH"},{"data":"Barricade","floor":8.0,"key":"SMITH"},{"data":"Body Slam","floor":15.0,"key":"SMITH"},{"floor":23.0,"key":"REST"},{"floor":27.0,"key":"REST"},{"data":"Berserk","floor":29.0,"key":"SMITH"},{"floor":32.0,"key":"REST"}],"circlet_count":0,"master_deck":["AscendersBane","Bash","Bludgeon","Pommel Strike","Uppercut+1","Flex","Barricade+1","Second Wind","Blood for Blood","Impervious","Body Slam+1","Berserk+1","Cleave","Impervious+1","Heavy Blade","Metallicize","Rage","Armaments","Perfected Strike","Exhume","Dark Embrace","Battle Trance","Double Tap","Feed","Feel No Pain","Flame Barrier"],"relics":["Burning Blood","WarpedTongs","Akabeko","The Courier","Potion Belt","Pandora\u0027s Box","TheAbacus","Unceasing Top","Pen Nib","Tiny House"],"acts_visited":["Exordium","TheCity","TheBeyond"],"potions_floor_usage":[35],"damage_taken":[{"damage":0.0,"enemies":"Small Slimes","floor":1.0,"turns":3.0},{"damage":1.0,"enemies":"Cultist","floor":2.0,"turns":3.0},{"damage":10.0,"enemies":"2 Louse","floor":5.0,"turns":3.0},{"damage":27.0,"enemies":"Lagavulin","floor":7.0,"turns":5.0},{"damage":11.0,"enemies":"2 Fungi Beasts","floor":10.0,"turns":3.0},{"damage":4.0,"enemies":"Looter","floor":11.0,"turns":2.0},{"damage":12.0,"enemies":"Gremlin Gang","floor":12.0,"turns":4.0},{"damage":11.0,"enemies":"Gremlin Nob","floor":13.0,"turns":3.0},{"damage":9.0,"enemies":"Blue Slaver","floor":14.0,"turns":3.0},{"damage":3.0,"enemies":"Slime Boss","floor":16.0,"turns":11.0},{"damage":18.0,"enemies":"3 Byrds","floor":18.0,"turns":3.0},{"damage":42.0,"enemies":"Shell Parasite","floor":21.0,"turns":6.0},{"damage":36.0,"enemies":"Snake Plant","floor":24.0,"turns":4.0},{"damage":26.0,"enemies":"Centurion and Healer","floor":31.0,"turns":4.0},{"damage":25.0,"enemies":"Champ","floor":33.0,"turns":9.0},{"damage":16,"enemies":"Orb Walker","floor":35,"turns":4},{"damage":60,"enemies":"2 Orb Walkers","floor":36,"turns":3}],"seed_played":"-5759968191260206258","potions_obtained":[{"floor":1.0,"key":"ElixirPotion"},{"floor":11.0,"key":"SteroidPotion"},{"floor":13.0,"key":"PowerPotion"},{"floor":14.0,"key":"DistilledChaos"},{"floor":16.0,"key":"Energy Potion"},{"floor":24.0,"key":"EntropicBrew"},{"floor":31.0,"key":"EssenceOfSteel"},{"floor":34.0,"key":"CultistPotion"},{"floor":35,"key":"SteroidPotion"}],"is_trial":false,"path_per_floor":["M","M","$","?","M","R","E","R","T","M","M","M","E","M","R","B",null,"M","?","$","M","?","R","M","?","T","R","$","R","T","M","R","B",null,"M","?"],"character_chosen":"IRONCLAD","items_purchased":["Flex","Dark Embrace","TheAbacus"],"campfire_rested":3,"item_purchase_floors":[3,20,20],"current_hp_per_floor":[74,75,75,75,71,71,50,50,50,45,47,41,36,33,33,36,65,53,53,53,17,17,39,9,24,24,46,46,46,46,26,48,29,69,59,0,0],"gold":224,"neow_bonus":"THREE_RARE_CARDS","is_daily":false,"chose_seed":false,"campfire_upgraded":4,"win_rate":0.0,"timestamp":1608211920,"path_taken":["M","M","$","?","M","R","E","R","T","M","M","M","E","?","R","BOSS","M","?","$","M","?","R","M","?","T","R","$","R","?","?","R","BOSS","M","?"],"items_purchased_type":["Card","Card","Relic"],"build_version":"2020-12-13","purchased_purges":2,"victory":false,"max_hp_per_floor":[75,75,75,75,75,75,75,75,75,75,75,75,75,75,75,75,75,75,75,75,75,75,75,75,75,75,75,75,75,75,75,75,75,80,80,80,80],"relic_stats":{"TheAbacus":[36],"counters":[17,73],"Pandora\u0027s Box":["Cleave","Impervious","Heavy Blade","Metallicize","Rage","Armaments","Perfected Strike","Exhume"],"Pen Nib":[2],"obtain_stats":[{"Potion Belt":13,"TheAbacus":20,"Tiny House":34,"Pandora\u0027s Box":17,"The Courier":9,"Pen Nib":30,"Burning Blood":0,"Akabeko":7,"Unceasing Top":26,"WarpedTongs":4},{"Potion Belt":8,"TheAbacus":11,"Tiny House":15,"Pandora\u0027s Box":10,"The Courier":4,"Pen Nib":13,"Burning Blood":0,"Akabeko":4,"Unceasing Top":13,"WarpedTongs":2},{"Potion Belt":26,"TheAbacus":43,"Tiny House":66,"Pandora\u0027s Box":40,"The Courier":14,"Pen Nib":53,"Burning Blood":0,"Akabeko":14,"Unceasing Top":53,"WarpedTongs":6}],"Burning Blood":92,"Unceasing Top":[0],"WarpedTongs":[65]},"card_choices":[{"not_picked":["Corruption","Double Tap"],"picked":"Bludgeon","floor":0.0},{"not_picked":["Twin Strike","Warcry"],"picked":"Pommel Strike","floor":1.0},{"not_picked":["Armaments","Body Slam"],"picked":"Uppercut","floor":2.0},{"not_picked":["Wild Strike","Twin Strike"],"picked":"Barricade","floor":5.0},{"not_picked":["Body Slam","Shrug It Off"],"picked":"Second Wind","floor":7.0},{"not_picked":["Wild Strike","Clothesline","Pummel"],"picked":"SKIP","floor":10.0},{"not_picked":["True Grit","Heavy Blade"],"picked":"Blood for Blood","floor":11.0},{"not_picked":["Twin Strike","Thunderclap","Clash"],"picked":"SKIP","floor":12.0},{"not_picked":["Rage","Cleave"],"picked":"Impervious","floor":13.0},{"not_picked":["Perfected Strike","Iron Wave"],"picked":"Body Slam","floor":14.0},{"not_picked":["Exhume","Fiend Fire"],"picked":"Berserk","floor":16.0},{"not_picked":["Flex","Sword Boomerang","Warcry"],"picked":"SKIP","floor":18.0},{"not_picked":["Wild Strike","Heavy Blade","Rage"],"picked":"SKIP","floor":21.0},{"not_picked":["Shrug It Off","Clothesline"],"picked":"Battle Trance","floor":24.0},{"not_picked":["Thunderclap","Dropkick"],"picked":"Double Tap","floor":31.0},{"not_picked":["Berserk","Exhume"],"picked":"Feed","floor":33.0},{"not_picked":["Havoc","Searing Blow"],"picked":"Feel No Pain","floor":34.0},{"not_picked":["Headbutt","Rampage+1"],"picked":"Flame Barrier","floor":35}],"player_experience":693740,"relics_obtained":[{"floor":7.0,"key":"Akabeko"},{"floor":9.0,"key":"The Courier"},{"floor":13.0,"key":"Potion Belt"},{"floor":26.0,"key":"Unceasing Top"},{"floor":30.0,"key":"Pen Nib"}],"event_choices":[{"damage_healed":0.0,"max_hp_gain":0.0,"max_hp_loss":0.0,"gold_gain":0.0,"event_name":"Accursed Blacksmith","player_choice":"Rummage","floor":4.0,"gold_loss":0.0,"damage_taken":0.0,"relics_obtained":["WarpedTongs"],"cards_obtained":["Pain"]},{"damage_healed":0.0,"max_hp_gain":0.0,"max_hp_loss":0.0,"gold_gain":0.0,"event_name":"Cursed Tome","player_choice":"Ignored","floor":19.0,"gold_loss":0.0,"damage_taken":0.0},{"cards_removed":["Writhe"],"damage_healed":0.0,"max_hp_gain":0.0,"max_hp_loss":0.0,"gold_gain":0.0,"event_name":"Back to Basics","player_choice":"Elegance","floor":22.0,"gold_loss":0.0,"damage_taken":0.0},{"damage_healed":15.0,"max_hp_gain":0.0,"max_hp_loss":0.0,"gold_gain":0.0,"event_name":"The Library","player_choice":"Heal","floor":25.0,"gold_loss":0.0,"damage_taken":0.0},{"damage_healed":0,"gold_gain":0,"player_choice":"Fight","damage_taken":0,"max_hp_gain":0,"max_hp_loss":0,"event_name":"Mysterious Sphere","floor":36,"gold_loss":0}],"is_beta":false,"boss_relics":[{"not_picked":["Mark of Pain","Busted Crown"],"picked":"Pandora\u0027s Box"},{"not_picked":["Sozu","Runic Dome"],"picked":"Tiny House"}],"items_purged_floors":[3,20],"is_endless":false,"potions_floor_spawned":[1,11,13,14,16,24,31,35],"killed_by":"2 Orb Walkers","ascension_level":18}}