{"host":"lpze9ywvzk5bsxql","time":1608206770,"event":{"mods":["2.2 Compatiblity","BaseMod","Bestiary","Better Third Choice","Colored Map","Downfall","Ironclad Rager","Minty Spire (QoL Compilation)","Replay The Spire","StSLib"],"gold_per_floor":[99,99,112,123,149,149,198,198,225,150,162,174,187,203,220,315,315,315,344,377,377,393,428,451,376,401,326,343,354,294,314,326,423,523,523,573,601,268,268,296,322,322,362,362,396,419,447,487,525,539],"floor_reached":51,"playtime":10459,"items_purged":[],"score":894,"play_id":"bec76619-8164-4e36-9f4b-3b8048d1f950","local_time":"20201217130610","is_ascension_mode":true,"campfire_choices":[{"data":"hexamod:RadiantFlame","floor":1,"key":"SMITH"},{"data":"hexamod:GhostOfSpireFuture","floor":10,"key":"SMITH"},{"data":"Regret","floor":18,"key":"PURGE"},{"floor":21,"key":"REST"},{"floor":25,"key":"RECALL"},{"floor":27,"key":"REST"},{"data":"hexamod:Strike","floor":35,"key":"PURGE"},{"data":"hexamod:Defend","floor":42,"key":"PURGE"},{"floor":44,"key":"REST"}],"circlet_count":0,"master_deck":["hexamod:Strike+1","hexamod:Strike+1","hexamod:Defend","hexamod:Defend","hexamod:Sear+1","hexamod:Float","hexamod:RadiantFlame+1","hexamod:ChargedBarrage","hexamod:GhostOfSpireFuture+1","hexamod:HeatShield","hexamod:DynamicBlow+1","hexamod:InspiringFlames+1","hexamod:FastForward+1","hexamod:ThermalTransfer","hexamod:SpectralAdrenaline","hexamod:Firestarter","hexamod:VolcanoVisage","hexamod:RadiantFlame+1","hexamod:AdvancingGuard+1","hexamod:TimeOfNeed","hexamod:EmpoweredFlame","hexamod:NightmareGuise","hexamod:Firestarter+1","hexamod:NightmareGuise+1","hexamod:PowerFromBeyond+1","hexamod:AdvancingGuard+1","hexamod:HauntingEcho","hexamod:ThermalTransfer+1","hexamod:SixthSeal","hexamod:Incineration+1","hexamod:SpectersWail+1","hexamod:FirstSeal","hexamod:Hexaguard"],"relics":["hexamod:SpiritBrand","ReplayTheSpireMod:TigerMarble","Art of War","Regal Pillow","downfall:HeartBlessingGreen","Fusion Hammer","WingedGreaves","Centennial Puzzle","Letter Opener","downfall:HeartBlessingBlue","Peace Pipe","downfall:HeartBlessingRed","Replay:Wanted Poster","Pocketwatch","hexamod:MatchstickCase","Blood Vial","Replay:Bandana","Ancient Tea Set"],"acts_visited":["Exordium","TheCity","TheBeyond"],"potions_floor_usage":[5,12,16,19,20,20,23,32,37,40,47,48],"damage_taken":[{"damage":3,"enemies":"2 Louse","floor":3,"turns":3},{"damage":3,"enemies":"Small Slimes","floor":4,"turns":4},{"damage":11,"enemies":"Lagavulin","floor":5,"turns":6},{"damage":9,"enemies":"Gremlin Nob","floor":9,"turns":4},{"damage":2,"enemies":"Jaw Worm","floor":11,"turns":3},{"damage":2,"enemies":"Lots of Slimes","floor":12,"turns":5},{"damage":1,"enemies":"Blue Slaver","floor":13,"turns":3},{"damage":5,"enemies":"Exordium Wildlife","floor":14,"turns":4},{"damage":1,"enemies":"Large Slime","floor":15,"turns":3},{"damage":24,"enemies":"downfall:Defect","floor":16,"turns":6},{"damage":16,"enemies":"Slavers","floor":19,"turns":6},{"damage":16,"enemies":"Replay:Snechameleon","floor":20,"turns":6},{"damage":0,"enemies":"3 Byrds","floor":22,"turns":4},{"damage":10,"enemies":"Gremlin Leader","floor":23,"turns":6},{"damage":15,"enemies":"Book of Stabbing","floor":26,"turns":6},{"damage":0,"enemies":"Spheric Guardian","floor":28,"turns":4},{"damage":3,"enemies":"3 Cultists","floor":29,"turns":5},{"damage":0,"enemies":"Snake Plant","floor":31,"turns":4},{"damage":3,"enemies":"Centurion and Healer","floor":32,"turns":5},{"damage":14,"enemies":"downfall:Silent","floor":33,"turns":9},{"damage":26,"enemies":"2 Orb Walkers","floor":36,"turns":5},{"damage":21,"enemies":"Giant Head","floor":37,"turns":9},{"damage":20,"enemies":"R_Hoarder","floor":40,"turns":6},{"damage":17,"enemies":"Giant Head","floor":43,"turns":9},{"damage":6,"enemies":"3 Shapes","floor":45,"turns":4},{"damage":0,"enemies":"3 Darklings","floor":46,"turns":4},{"damage":3,"enemies":"Writhing Mass","floor":47,"turns":5},{"damage":0,"enemies":"Transient","floor":48,"turns":5},{"damage":14,"enemies":"4 Shapes","floor":49,"turns":4},{"damage":7,"enemies":"downfall:Ironclad","floor":50,"turns":7}],"seed_played":"7232963388959923214","potions_obtained":[{"floor":3,"key":"Swift Potion"},{"floor":4,"key":"SkillPotion"},{"floor":9,"key":"Fire Potion"},{"floor":13,"key":"Venom Potion"},{"floor":15,"key":"SkillPotion"},{"floor":16,"key":"Strength Potion"},{"floor":22,"key":"DuplicationPotion"},{"floor":26,"key":"SmokeBomb"},{"floor":29,"key":"SteroidPotion"},{"floor":31,"key":"ColorlessPotion"},{"floor":36,"key":"Dexterity Potion"},{"floor":46,"key":"Energy Potion"},{"floor":47,"key":"Slimebound:ThreeZeroPotion"},{"floor":48,"key":"Swift Potion"},{"floor":49,"key":"sneckomod:MuddlingPotion"}],"is_trial":false,"path_per_floor":["R","?","M","M","E","?","T","?","E","R","M","M","M","M","M","B",null,"R_BF","E","E","R","M","E","T","R","E","R","M","M","?","M","M","B",null,"R","?","E","?","?","E","T","R","E","R","M","M","M","M","M","B",null],"character_chosen":"THE_SPIRIT","items_purchased":[],"campfire_rested":3,"item_purchase_floors":[],"current_hp_per_floor":[70,70,67,64,53,53,53,70,61,61,59,57,56,51,50,26,70,70,54,38,70,70,60,60,70,55,80,80,77,77,77,74,60,80,80,54,33,90,90,70,70,70,55,90,84,86,85,90,83,85],"gold":539,"neow_bonus":"THREE_CARDS","is_daily":false,"chose_seed":false,"campfire_upgraded":2,"win_rate":0.0,"timestamp":1608206770,"path_taken":["R","?","M","M","E","?","T","?","E","R","M","M","M","M","M","BOSS","R_BF","E","E","R","M","E","T","R","E","R","M","M","?","M","M","BOSS","R","?","E","?","?","E","T","R","E","R","M","M","M","?","M","BOSS"],"items_purchased_type":[],"build_version":"2020-12-13","purchased_purges":0,"victory":true,"max_hp_per_floor":[70,70,70,70,70,70,70,70,70,70,70,70,70,70,70,70,70,70,70,70,70,70,70,70,80,80,80,80,80,80,80,80,80,80,80,80,80,90,90,90,90,90,90,90,90,90,90,90,90,90],"card_choices":[{"not_picked":["hexamod:RainOfEmbers","hexamod:BurningTouch"],"picked":"hexamod:RadiantFlame","floor":0},{"not_picked":["hexamod:NecessarySacrifice","hexamod:Haunt"],"picked":"hexamod:ChargedBarrage","floor":3},{"not_picked":["hexamod:BurningTouch","hexamod:Again"],"picked":"hexamod:GhostOfSpireFuture","floor":4},{"not_picked":["hexamod:SecondSeal","hexamod:NightmareStrike"],"picked":"hexamod:HeatShield","floor":5},{"not_picked":["hexamod:GhostflameBarrier","hexamod:SecondSeal"],"picked":"hexamod:DynamicBlow","floor":9},{"not_picked":["hexamod:GhostOfSpirePast","hexamod:NightmareGuise"],"picked":"hexamod:InspiringFlames","floor":11},{"not_picked":["hexamod:ThermalTransfer","hexamod:SwordOfDarkness"],"picked":"hexamod:FastForward","floor":12},{"not_picked":["hexamod:GhostOfSpireFuture","hexamod:SpectersWail"],"picked":"hexamod:ThermalTransfer","floor":13},{"not_picked":["hexamod:RainOfEmbers","hexamod:Haunt"],"picked":"hexamod:SpectralAdrenaline","floor":14},{"not_picked":["hexamod:RainOfEmbers","hexamod:GhostflameBarrier"],"picked":"hexamod:Firestarter","floor":15},{"not_picked":["hexamod:SearingWound","hexamod:EmpoweringStance"],"picked":"hexamod:VolcanoVisage","floor":16},{"not_picked":["hexamod:NightmareGuise","hexamod:RainOfEmbers"],"picked":"hexamod:RadiantFlame","floor":19},{"not_picked":["hexamod:RetreatToShadows+1","hexamod:PhantomFireball"],"picked":"hexamod:AdvancingGuard+1","floor":20},{"not_picked":["hexamod:HauntingEcho","hexamod:DynamicBlow"],"picked":"hexamod:TimeOfNeed","floor":22},{"not_picked":["hexamod:ThermalTransfer","hexamod:SecondSeal"],"picked":"hexamod:EmpoweredFlame","floor":23},{"not_picked":["hexamod:CatchUp+1","hexamod:GhostflameBarrier"],"picked":"hexamod:NightmareGuise","floor":26},{"not_picked":["hexamod:FastForward","hexamod:GhostOfSpireFuture"],"picked":"hexamod:Firestarter+1","floor":28},{"not_picked":["hexamod:GhostShield","hexamod:AdvancingGuard"],"picked":"hexamod:NightmareGuise+1","floor":29},{"not_picked":["hexamod:RainOfEmbers","hexamod:HauntingEcho"],"picked":"hexamod:PowerFromBeyond+1","floor":31},{"not_picked":["hexamod:BacktrackSmack","hexamod:FifthSeal"],"picked":"hexamod:AdvancingGuard+1","floor":32},{"not_picked":["hexamod:EmpoweredFlame","hexamod:NightmareGuise+1"],"picked":"hexamod:HauntingEcho","floor":36},{"not_picked":["hexamod:NecessarySacrifice","hexamod:SpectersWail"],"picked":"hexamod:ThermalTransfer+1","floor":37},{"not_picked":["hexamod:GhostLash+1","hexamod:BacktrackSmack+1","hexamod:NightmareStrike+1"],"picked":"SKIP","floor":40},{"not_picked":["hexamod:CatchUp","hexamod:NightmareStrike+1"],"picked":"hexamod:Incineration+1","floor":43},{"not_picked":["hexamod:ThermalTransfer","hexamod:TurnItUp","hexamod:FourthSeal"],"picked":"SKIP","floor":45},{"not_picked":["hexamod:Firestarter","hexamod:BacktrackSmack"],"picked":"hexamod:SpectersWail+1","floor":46},{"not_picked":["hexamod:NecessarySacrifice+1","hexamod:GhostOfSpirePresent"],"picked":"hexamod:FirstSeal","floor":47},{"not_picked":["hexamod:Again","hexamod:Firestarter","hexamod:BacktrackSmack+1"],"picked":"SKIP","floor":48},{"not_picked":["hexamod:GhostOfSpirePast","hexamod:GhostOfSpireFuture"],"picked":"hexamod:Hexaguard","floor":49}],"player_experience":227248,"relics_obtained":[{"floor":5,"key":"ReplayTheSpireMod:TigerMarble"},{"floor":7,"key":"Art of War"},{"floor":9,"key":"Regal Pillow"},{"floor":19,"key":"WingedGreaves"},{"floor":20,"key":"Centennial Puzzle"},{"floor":23,"key":"Letter Opener"},{"floor":26,"key":"Peace Pipe"},{"floor":36,"key":"Pocketwatch"},{"floor":37,"key":"hexamod:MatchstickCase"},{"floor":40,"key":"Blood Vial"},{"floor":41,"key":"Replay:Bandana"},{"floor":43,"key":"Ancient Tea Set"}],"event_choices":[{"damage_healed":23,"gold_gain":0,"player_choice":"Banana","damage_taken":0,"max_hp_gain":0,"max_hp_loss":0,"event_name":"Big Fish","floor":8,"gold_loss":0},{"damage_healed":0,"gold_gain":0,"player_choice":"Fight","damage_taken":0,"max_hp_gain":0,"max_hp_loss":0,"event_name":"Mysterious Sphere","floor":36,"gold_loss":0},{"damage_healed":0,"gold_gain":0,"cards_transformed":["hexamod:Defend"],"player_choice":"Transformed","damage_taken":0,"max_hp_gain":0,"max_hp_loss":0,"event_name":"Transmorgrifier","floor":39,"gold_loss":0,"cards_obtained":["hexamod:SixthSeal"]}],"is_beta":false,"boss_relics":[{"not_picked":["ReplayTheSpireMod:DimensionalGlitch","Black Star"],"picked":"Fusion Hammer"},{"not_picked":["Painkiller Herb","Busted Crown"],"picked":"Replay:Wanted Poster"}],"items_purged_floors":[],"is_endless":false,"potions_floor_spawned":[3,4,9,13,15,16,22,26,29,31,36,46,47,48,49],"ascension_level":1}}