{"host":"5trcja4hacd149zc","time":1608176739,"event":{"mods":["BaseMod","Colored Map","GifTheSpireLib","Minty Spire (QoL Compilation)","Relic Stats","StSLib"],"gold_per_floor":[217,292,2,2,25,25,25,25],"floor_reached":7,"playtime":204,"items_purged":["Strike_R"],"score":78,"play_id":"6dc3dda7-1d72-4a67-a06f-56c41a74a5b1","local_time":"20201216214539","is_ascension_mode":true,"campfire_choices":[{"data":"Searing Blow","floor":6,"key":"SMITH"}],"circlet_count":0,"master_deck":["AscendersBane","Strike_R","Strike_R","Strike_R","Strike_R","Defend_R","Defend_R","Defend_R","Defend_R","Bash","Searing Blow+1","Reaper","Feel No Pain","Headbutt"],"relics":["Burning Blood","Golden Idol"],"acts_visited":["Exordium"],"potions_floor_usage":[7,7,7],"damage_taken":[{"damage":5,"enemies":"Small Slimes","floor":1,"turns":5},{"damage":26,"enemies":"Jaw Worm","floor":5,"turns":7},{"damage":50,"enemies":"Lagavulin","floor":7,"turns":5}],"seed_played":"-113980722231819833","potions_obtained":[{"floor":1,"key":"FearPotion"},{"floor":5,"key":"EntropicBrew"}],"is_trial":false,"path_per_floor":["M","?","$","?","M","R","E"],"character_chosen":"IRONCLAD","items_purchased":["Reaper","Feel No Pain"],"campfire_rested":0,"item_purchase_floors":[3,3],"current_hp_per_floor":[69,58,58,58,42,42,0,0],"gold":25,"neow_bonus":"HUNDRED_GOLD","is_daily":false,"chose_seed":false,"campfire_upgraded":1,"win_rate":0.0,"timestamp":1608176739,"path_taken":["M","?","$","?","M","R","E"],"items_purchased_type":["Card","Card"],"build_version":"2020-12-13","purchased_purges":1,"victory":false,"max_hp_per_floor":[75,75,75,68,68,68,68,68],"relic_stats":{"counters":[3,17],"Golden Idol":5,"obtain_stats":[{"Golden Idol":4,"Burning Blood":0},{"Golden Idol":1,"Burning Blood":0},{"Golden Idol":5,"Burning Blood":0}],"Burning Blood":12},"card_choices":[{"not_picked":["Wild Strike","Flex"],"picked":"Searing Blow","floor":1},{"not_picked":["Perfected Strike","Anger"],"picked":"Headbutt","floor":5}],"player_experience":745887,"relics_obtained":[],"event_choices":[{"damage_healed":0,"gold_gain":75,"player_choice":"Gather Gold","damage_taken":11,"max_hp_gain":0,"max_hp_loss":0,"event_name":"World of Goop","floor":2,"gold_loss":0},{"damage_healed":0,"gold_gain":0,"player_choice":"Lose Max HP","damage_taken":0,"relics_obtained":["Golden Idol"],"max_hp_gain":0,"max_hp_loss":7,"event_name":"Golden Idol","floor":4,"gold_loss":0}],"is_beta":false,"boss_relics":[],"items_purged_floors":[3],"is_endless":false,"potions_floor_spawned":[1,5],"killed_by":"Lagavulin","ascension_level":20}}