{"host":"644z1j61xspvblw3","time":1608232584,"event":{"mods":["AchievementEnabler","BaseMod","Best Route Mod","Better Altar","Better Match","Better Note","Better Sensory Stone","Better Skull","Better Third Choice","BetterRewards","Block Reminder","Colored Map","Colored Powertips","Curses Come First","Downfall","Hermit","Minty Spire (QoL Compilation)","Rare Cards Sparkle","StSLib","The Hierophant","The Runesmith","TheBandit","Uncapped"],"gold_per_floor":[109,121,121,121,133,168,184,184,184,201,126,137,137,151,151,151,151],"floor_reached":16,"playtime":2177,"items_purged":["hermit:Defend_Hermit"],"score":154,"play_id":"4428c52b-3d03-4113-95ba-0773129dd53d","local_time":"20201217101624","is_ascension_mode":false,"campfire_choices":[{"data":"hermit:TakeCover","floor":8,"key":"SMITH"},{"floor":15,"key":"REST"}],"circlet_count":0,"master_deck":["hermit:Strike_Hermit","hermit:Strike_Hermit+1","hermit:Strike_Hermit","hermit:Strike_Hermit","hermit:Defend_Hermit","hermit:Defend_Hermit","hermit:Snapshot","hermit:Covet","hermit:TrackingShot","expansioncontent:ManipulateTime","hermit:EyeOfTheStorm","hermit:Glare","Regret","hermit:TakeAim+1","hermit:GhostlyPresence","hermit:TakeCover+1","hermit:Maintenance","hermit:EyeOfTheStorm","hermit:Quickdraw"],"relics":["hermit:Momento","Unceasing Top","Shovel","CaptainsWheel"],"acts_visited":["Exordium"],"potions_floor_usage":[6,16],"damage_taken":[{"damage":0,"enemies":"Small Slimes","floor":1,"turns":3},{"damage":0,"enemies":"2 Louse","floor":2,"turns":2},{"damage":6,"enemies":"Jaw Worm","floor":5,"turns":2},{"damage":18,"enemies":"3 Sentries","floor":6,"turns":8},{"damage":0,"enemies":"Exordium Wildlife","floor":7,"turns":3},{"damage":3,"enemies":"Lots of Slimes","floor":10,"turns":5},{"damage":5,"enemies":"3 Louse","floor":12,"turns":5},{"damage":0,"enemies":"Looter","floor":14,"turns":3},{"damage":44,"enemies":"The Guardian","floor":16,"turns":5}],"seed_played":"-1581794724751533906","potions_obtained":[{"floor":5,"key":"Block Potion"},{"floor":10,"key":"hexamod:EctoCoolerPotion"},{"floor":14,"key":"Explosive Potion"}],"is_trial":false,"path_per_floor":["M","M","?","?","M","E","M","R","T","M","$","M","?","M","R","B"],"character_chosen":"HERMIT","items_purchased":["hermit:TrackingShot"],"campfire_rested":1,"item_purchase_floors":[0],"current_hp_per_floor":[75,75,75,68,62,44,44,44,44,41,41,36,21,21,43,0,0],"gold":151,"neow_bonus":"","is_daily":false,"chose_seed":false,"campfire_upgraded":1,"win_rate":0.0,"timestamp":1608232584,"path_taken":["M","M","?","?","M","E","?","R","T","M","?","?","?","M","R","BOSS"],"items_purchased_type":["Card"],"build_version":"2020-12-13","purchased_purges":1,"victory":false,"max_hp_per_floor":[75,75,75,75,75,75,75,75,75,75,75,75,75,75,75,75,75],"card_choices":[{"not_picked":["hermit:LowProfile","hermit:Malice"],"picked":"hermit:EyeOfTheStorm","floor":1},{"not_picked":["hermit:HoleUp","hermit:BodyArmor"],"picked":"hermit:Glare","floor":2},{"not_picked":["hermit:Dive","hermit:TrackingShot"],"picked":"hermit:TakeAim","floor":5},{"not_picked":["hermit:HoleUp","hermit:ItchyTrigger"],"picked":"hermit:GhostlyPresence","floor":6},{"not_picked":["hermit:Horror","hermit:Vantage"],"picked":"hermit:TakeCover","floor":7},{"not_picked":["hermit:TrackingShot","hermit:Midnight"],"picked":"hermit:Maintenance","floor":10},{"not_picked":["hermit:Grudge","hermit:Dissolve"],"picked":"hermit:EyeOfTheStorm","floor":12},{"not_picked":["hermit:Coalescence","hermit:Virtue"],"picked":"hermit:Quickdraw","floor":14}],"player_experience":128364,"relics_obtained":[{"floor":6,"key":"Shovel"},{"floor":9,"key":"CaptainsWheel"}],"event_choices":[{"damage_healed":0,"gold_gain":0,"player_choice":"Box","damage_taken":0,"relics_obtained":["Unceasing Top"],"max_hp_gain":0,"max_hp_loss":0,"event_name":"Big Fish","floor":3,"gold_loss":0,"cards_obtained":["Regret"]},{"cards_removed":["hermit:Defend_Hermit"],"damage_healed":0,"gold_gain":0,"player_choice":"Card Removal","damage_taken":7,"max_hp_gain":0,"max_hp_loss":0,"event_name":"Golden Wing","floor":4,"gold_loss":0},{"damage_healed":36,"gold_gain":0,"player_choice":"Upgrade","damage_taken":15,"max_hp_gain":0,"max_hp_loss":75,"event_name":"betterThird:BetterShining","floor":13,"gold_loss":0,"cards_upgraded":["hermit:TakeAim","hermit:Strike_Hermit"]}],"is_beta":false,"boss_relics":[],"items_purged_floors":[11],"is_endless":false,"potions_floor_spawned":[5,10,14],"killed_by":"The Guardian","ascension_level":0}}