{"host":"rih3m63woujmecfd","time":1608196769,"event":{"mods":["BaseMod","Lobotomy","LobotomyExtend","Minty Spire (QoL Compilation)","Remilia£®¿Ÿ√◊¿Ú—«£©","Replay The Spire","Shop Mod","StSLib"],"gold_per_floor":[118,137,137,137,154,179,179,194,194,206,226,236,250,227,227,227,227],"floor_reached":16,"playtime":1074,"items_purged":[],"score":131,"play_id":"6f2c2f6e-476c-4056-a212-efee3b7980ba","local_time":"20201217171929","is_ascension_mode":false,"campfire_choices":[{"floor":7.0,"key":"REST"},{"data":"ScarletDream","floor":15.0,"key":"SMITH"}],"circlet_count":0,"master_deck":["Strike_RM","Strike_RM","Strike_RM","Defend_RM","Defend_RM","Defend_RM","Defend_RM","RedMoon","ScarletShoot","GreedKing","BombardNight+1","ScarletDream","WallGazer","BloodAndWine+1","LaLuna","DiffusionOfMisfortune","OldLady","Stigmanizer","UniverseFragment","ScarletDream+1","Woodsman","MeatLantern","MastersStateliness+1","Wellcheers","DiffusionOfMisfortune","Bloodbath"],"relics":["ScarletHat","CogitoBucket","LetterFromLob","Frozen Egg 2","Kunai","ChangeAnything"],"acts_visited":["Exordium"],"potions_floor_usage":[],"damage_taken":[{"damage":0.0,"enemies":"Cultist","floor":1.0,"turns":4.0},{"damage":0.0,"enemies":"2 Louse","floor":2.0,"turns":4.0},{"damage":5.0,"enemies":"Small Slimes","floor":5.0,"turns":3.0},{"damage":25.0,"enemies":"Gremlin Nob","floor":6.0,"turns":1.0},{"damage":0.0,"enemies":"Looter","floor":8.0,"turns":1.0},{"damage":23.0,"enemies":"Blue Slaver","floor":10.0,"turns":6.0},{"damage":10.0,"enemies":"Exordium Thugs","floor":11.0,"turns":4.0},{"damage":2.0,"enemies":"Large Slime","floor":12.0,"turns":1.0},{"damage":0.0,"enemies":"Blue Slaver","floor":13.0,"turns":1.0},{"damage":114,"enemies":"Fading Forest","floor":16,"turns":7}],"seed_played":"-1351690949960924339","potions_obtained":[{"floor":2.0,"key":"PowerPotion"},{"floor":5.0,"key":"LiquidBronze"},{"floor":6.0,"key":"Weak Potion"},{"floor":11.0,"key":"Energy Potion"},{"floor":13.0,"key":"Strength Potion"}],"is_trial":false,"path_per_floor":["M","M","?","?","M","E","R","M","T","M","M","M","M","?","R","B"],"character_chosen":"REMILIA","items_purchased":[],"campfire_rested":1,"item_purchase_floors":[],"current_hp_per_floor":[75,75,75,75,72,47,69,69,69,53,48,57,66,66,66,0,0],"gold":227,"neow_bonus":"","is_daily":false,"chose_seed":false,"campfire_upgraded":1,"win_rate":0.0,"timestamp":1608196769,"path_taken":["M","?","?","?","M","E","R","M","T","M","M","M","M","?","R","BOSS"],"items_purchased_type":[],"build_version":"2020-12-13","purchased_purges":0,"victory":false,"max_hp_per_floor":[75,75,75,75,75,75,75,75,75,75,75,75,75,75,75,75,75],"card_choices":[{"not_picked":["OSAHOGD","Murderer"],"picked":"GreedKing","floor":1.0},{"not_picked":["DevilSight","BloodAndWine"],"picked":"BombardNight","floor":1.0},{"not_picked":["MiserableFate","ScarletDevil"],"picked":"ScarletDream","floor":2.0},{"not_picked":["ShyLook","MHz"],"picked":"WallGazer","floor":2.0},{"not_picked":["MeatLantern","CherryBlossoms"],"picked":"LaLuna","floor":5.0},{"not_picked":["EndlessAdversity","ScarletDevil"],"picked":"DiffusionOfMisfortune","floor":5.0},{"not_picked":["ShyLook","SpiderBud"],"picked":"OldLady","floor":6.0},{"not_picked":["BloodyCatastrophe","NightLord"],"picked":"Stigmanizer","floor":6.0},{"not_picked":["Murderer","ShyLook"],"picked":"UniverseFragment","floor":8.0},{"not_picked":["BloodAndWine","RedRainbow"],"picked":"ScarletDream","floor":8.0},{"not_picked":["CherryBlossoms","Scarecrow"],"picked":"Woodsman","floor":10.0},{"not_picked":["BloodHunter","ScarletDream","UnstableMagic"],"picked":"SKIP","floor":10.0},{"not_picked":["ShyLook","PunishingBird"],"picked":"MeatLantern","floor":11.0},{"not_picked":["UnderTheZenith","BloodyMagicSquare"],"picked":"MastersStateliness+1","floor":11.0},{"not_picked":["LittlePrince","DespairKnight"],"picked":"Wellcheers","floor":12.0},{"not_picked":["BloodyTrap","ScarletImprint","MiserableFate"],"picked":"SKIP","floor":12.0},{"not_picked":["BloodAndWine","Stigmanizer"],"picked":"DiffusionOfMisfortune","floor":13.0},{"not_picked":["BeautyBeast","SpiderBud"],"picked":"Bloodbath","floor":13.0}],"player_experience":116485,"relics_obtained":[{"floor":1.0,"key":"LetterFromLob"},{"floor":6.0,"key":"Frozen Egg 2"},{"floor":9.0,"key":"Kunai"}],"event_choices":[{"damage_healed":0.0,"max_hp_gain":0.0,"max_hp_loss":0.0,"gold_gain":0.0,"event_name":"World of Goop","player_choice":"Left Gold","floor":14.0,"gold_loss":23.0,"damage_taken":0.0}],"is_beta":false,"boss_relics":[],"items_purged_floors":[],"is_endless":false,"potions_floor_spawned":[2,5,6,11,13],"killed_by":"Fading Forest","ascension_level":0}}