{"host":"cr9rpoy6dx9riis3","time":1608217223,"event":{"mods":["AchievementEnabler","BaseMod","Better Altar","Better Note","Better Sensory Stone","Better Skull","Better Third Choice","Better-Laid Plans","BetterRewards","Block Reminder","Curses Come First","Displayed Cursed Tome","Emptier Cage","Marked Mod","Minty Spire (QoL Compilation)","Permanent Neow","Relic Sorter","StSLib","The Blue Laboratory","Transform Curses"],"gold_per_floor":[109,109,109,128,140,140,150,150,201,214,214,214,214,242,242,242,242],"floor_reached":16,"playtime":575,"items_purged":[],"score":180,"play_id":"795b8fe0-181a-4197-afbb-9195ace8a588","local_time":"20201217160023","is_ascension_mode":true,"campfire_choices":[{"data":"Flame Barrier","floor":6,"key":"SMITH"},{"data":"Reaper","floor":8,"key":"SMITH"},{"data":"Flame Barrier","floor":11,"key":"SMITH"},{"data":"Rupture","floor":13,"key":"SMITH"},{"data":"Ghostly Armor","floor":15,"key":"SMITH"}],"circlet_count":0,"master_deck":["Strike_R","Strike_R","Strike_R","Strike_R","Defend_R","Defend_R","Defend_R","Defend_R","Bash","Flame Barrier+1","Rupture+1","Reaper+1","Flame Barrier+1","Ghostly Armor+1"],"relics":["Burning Blood","Lantern","ClockworkSouvenir"],"acts_visited":["Exordium"],"potions_floor_usage":[14,14],"damage_taken":[{"damage":24,"enemies":"Small Slimes","floor":1,"turns":4},{"damage":4,"enemies":"Jaw Worm","floor":4,"turns":5},{"damage":2,"enemies":"2 Louse","floor":5,"turns":4},{"damage":18,"enemies":"Large Slime","floor":7,"turns":9},{"damage":33,"enemies":"Exordium Wildlife","floor":10,"turns":9},{"damage":25,"enemies":"3 Sentries","floor":14,"turns":11},{"damage":44,"enemies":"Hexaghost","floor":16,"turns":14}],"seed_played":"-6620158659577267927","potions_obtained":[{"floor":1,"key":"blueLaboratory:SavagePotion"},{"floor":10,"key":"blueLaboratory:LouseDecoction"},{"floor":14,"key":"blueLaboratory:BubblePotion"}],"is_trial":false,"path_per_floor":["M","?","?","M","M","R","M","R","T","M","R","T","R","E","R","B"],"character_chosen":"IRONCLAD","items_purchased":["ClockworkSouvenir"],"campfire_rested":0,"item_purchase_floors":[0],"current_hp_per_floor":[57,57,57,59,63,63,51,51,51,34,34,34,34,37,37,0,0],"gold":242,"neow_bonus":"","is_daily":false,"chose_seed":false,"campfire_upgraded":5,"win_rate":0.0,"timestamp":1608217223,"path_taken":["M","?","?","M","M","R","M","R","T","M","R","?","R","E","R","BOSS"],"items_purchased_type":["Relic"],"build_version":"2020-12-13","purchased_purges":0,"victory":false,"max_hp_per_floor":[80,80,80,80,80,80,80,80,80,80,80,80,80,87,87,87,87],"card_choices":[{"not_picked":["Intimidate","Headbutt"],"picked":"Flame Barrier","floor":1},{"not_picked":["Body Slam","Flex","Iron Wave"],"picked":"SKIP","floor":4},{"not_picked":["Seeing Red","Sever Soul"],"picked":"Rupture","floor":5},{"not_picked":["Hemokinesis","Pommel Strike"],"picked":"Reaper","floor":7},{"not_picked":["Thunderclap","Perfected Strike"],"picked":"Flame Barrier","floor":10},{"not_picked":["Perfected Strike","Headbutt"],"picked":"Ghostly Armor","floor":14}],"player_experience":726688,"relics_obtained":[{"floor":9,"key":"Lantern"},{"floor":14,"key":"Strawberry"}],"event_choices":[{"cards_removed":["Strike_R"],"damage_healed":0,"gold_gain":0,"player_choice":"Forget","damage_taken":0,"max_hp_gain":0,"max_hp_loss":0,"event_name":"Living Wall","floor":2,"gold_loss":0},{"damage_healed":0,"gold_gain":0,"player_choice":"Ignored","damage_taken":0,"max_hp_gain":0,"max_hp_loss":0,"event_name":"Golden Idol","floor":3,"gold_loss":0}],"is_beta":false,"boss_relics":[],"items_purged_floors":[],"is_endless":false,"potions_floor_spawned":[1,10,14],"killed_by":"Hexaghost","ascension_level":4}}