{"host":"h792lphzw6wlba86","time":1608173371,"event":{"mods":["AchievementEnabler","Aspiration","BaseMod","Better Altar","Better Match","Better Note","Better Sensory Stone","Better Skull","Better Third Choice","BetterRewards","CCEM","Colored Map","Conspire","Downfall","GifTheSpireLib","Googly Eyes","Halation","Highlight Path","Hubris","Hunter ??","Jedi Mod","Mimic Mod","Minty Spire (QoL Compilation)","Permanent Neow","Replay The Spire","Shop Mod","Spicy Shops","StSLib","Stuff the Spire","The Jungle","Unceasing Turn Reminder","everything is the same but u backflip on backflip","slay the spire mod where everything is the same but ironclad has a cowboy hat"],"gold_per_floor":[99,99,99,99,119,134,184,60,80,5,15,15,28,13,32,133,133,58,333,333,348,348,365,390,402,414,414,12,12,29,29,41,142,142,142],"floor_reached":34,"playtime":1942,"items_purged":["sneckomod:Strike","sneckomod:Strike","Injury","Regret"],"score":369,"play_id":"fd2356c9-1442-4fff-b677-7a2d93905c96","local_time":"20201216204931","is_ascension_mode":false,"campfire_choices":[{"floor":1.0,"key":"RECALL"},{"data":"sneckomod:SoulDraw","floor":10.0,"key":"SMITH"},{"data":"sneckomod:Nope","floor":18.0,"key":"SMITH"},{"data":"sneckomod:Unknown3Cost","floor":20.0,"key":"SMITH"},{"data":"sneckomod:MasterEye","floor":22.0,"key":"SMITH"},{"floor":27.0,"key":"REST"}],"circlet_count":0,"master_deck":["sneckomod:Defend","sneckomod:Defend","sneckomod:Defend","sneckomod:TailWhip","sneckomod:SnekBite","sneckomod:Unknown+1","sneckomod:Unknown","sneckomod:SerpentMind","sneckomod:QuickBite+1","sneckomod:SoulDraw+1","sneckomod:UnknownStrike+1","sneckomod:WideSting+1","sneckomod:UnknownStrike+1","sneckomod:UnknownCommonAttack+1","sneckomod:QuickBite+1","sneckomod:Nope+1","sneckomod:Unknown3Cost+1","CurseOfTheBell","sneckomod:MasterEye+1","sneckomod:SoulDraw+1","sneckomod:SlitherStrike+1","sneckomod:IronFang+1","sneckomod:Unknown0Cost","sneckomod:SnakeSap+1","sneckomod:UnknownUncommonAttack+1","sneckomod:SlitherStrike+1","sneckomod:UnknownRareAttack+1"],"relics":["sneckomod:SneckoSoul","ReplayTheSpireMod:Ring of Exchange","Ring of Hypnosis","Regal Pillow","Molten Egg 2","downfall:HeartBlessingRed","Calling Bell","jedi:kaleidoscope","aspiration:Lifesprig","conspire:Flyswatter","downfall:HeartBlessingBlue","Replay:Rubber Ducky","hubris:SlimyHat"],"acts_visited":["Exordium","TheCity"],"potions_floor_usage":[],"damage_taken":[{"damage":2.0,"enemies":"Cultist","floor":5.0,"turns":5.0},{"damage":2.0,"enemies":"Jaw Worm","floor":6.0,"turns":3.0},{"damage":0.0,"enemies":"downfall:FleeingMerchant","floor":8.0,"turns":4.0},{"damage":0.0,"enemies":"Small Slimes","floor":9.0,"turns":3.0},{"damage":6.0,"enemies":"Blue Slaver","floor":11.0,"turns":2.0},{"damage":4.0,"enemies":"3 Louse","floor":13.0,"turns":2.0},{"damage":5.0,"enemies":"downfall:FleeingMerchant","floor":14.0,"turns":5.0},{"damage":0.0,"enemies":"2 Fungi Beasts","floor":15.0,"turns":2.0},{"damage":20.0,"enemies":"downfall:Silent","floor":16.0,"turns":3.0},{"damage":11.0,"enemies":"Shell Parasite","floor":21.0,"turns":4.0},{"damage":14.0,"enemies":"Centurion and Healer","floor":23.0,"turns":4.0},{"damage":12.0,"enemies":"Snecko","floor":25.0,"turns":4.0},{"damage":20.0,"enemies":"Snake Plant","floor":26.0,"turns":3.0},{"damage":23.0,"enemies":"downfall:FleeingMerchant","floor":28.0,"turns":4.0},{"damage":2.0,"enemies":"Sentry and Sphere","floor":30.0,"turns":3.0},{"damage":1,"enemies":"conspire:HollyBat","floor":32,"turns":7},{"damage":53,"enemies":"downfall:Watcher","floor":33,"turns":8}],"seed_played":"-8145796205317434989","potions_obtained":[{"floor":5.0,"key":"Energy Potion"},{"floor":6.0,"key":"AttackPotion"},{"floor":15.0,"key":"LifebloodPotion"},{"floor":23.0,"key":"jedi:tentaclejuice"},{"floor":25.0,"key":"FearPotion"},{"floor":33,"key":"jedi:StrikingPotion"}],"is_trial":false,"path_per_floor":["R","?","$","?","M","M","T","$","M","R","M","?","M","$","M","B",null,"R","?","R","M","R","M","T","M","M","R","$","?","M","?","M","B",null],"character_chosen":"THE_SNECKO","items_purchased":["Regal Pillow","sneckomod:WideSting+1","sneckomod:SnakeSap+1","hubris:SlimyHat","sneckomod:UnknownUncommonAttack+1"],"campfire_rested":1,"item_purchase_floors":[3,8,28,28,28],"current_hp_per_floor":[90,90,68,68,66,64,64,65,66,66,61,61,57,58,58,39,94,104,104,104,93,93,79,79,67,47,93,76,76,74,74,73,21,21,21],"gold":142,"neow_bonus":"ONE_RANDOM_RARE_CARD","is_daily":false,"chose_seed":false,"campfire_upgraded":4,"win_rate":0.0,"timestamp":1608173371,"path_taken":["R","?","?","?","M","M","T","$","?","R","M","?","M","?","M","BOSS","R","?","R","M","R","M","T","M","?","R","?","?","?","?","M","BOSS"],"items_purchased_type":["Relic","Card","Card","Relic","Card"],"build_version":"2020-12-13","purchased_purges":4,"victory":false,"max_hp_per_floor":[90,90,90,90,90,90,90,91,92,92,93,93,93,93,93,94,94,104,104,104,104,104,104,104,104,104,104,106,106,106,106,106,107,107,107],"card_choices":[{"not_picked":["sneckomod:UnknownEthereal","sneckomod:UnknownVulnerable"],"picked":"sneckomod:QuickBite+1","floor":5.0},{"not_picked":["sneckomod:SerpentIdol","sneckomod:Unknown1Cost"],"picked":"sneckomod:SoulDraw","floor":6.0},{"not_picked":["sneckomod:UnknownCommonSkill","sneckomod:SerpentMind"],"picked":"sneckomod:UnknownStrike+1","floor":8.0},{"not_picked":["sneckomod:UnknownClassRED","sneckomod:Nope"],"picked":"sneckomod:UnknownStrike+1","floor":9.0},{"not_picked":["sneckomod:UnknownClassGUARDIAN","sneckomod:UnknownClassHEXA_GHOST_PURPLE"],"picked":"sneckomod:UnknownCommonAttack+1","floor":11.0},{"not_picked":["sneckomod:UnknownClassHEXA_GHOST_PURPLE","sneckomod:Unknown1Cost","sneckomod:UnknownExhaust"],"picked":"SKIP","floor":13.0},{"not_picked":["sneckomod:UnknownVulnerable","sneckomod:UnknownX"],"picked":"sneckomod:QuickBite+1","floor":14.0},{"not_picked":["sneckomod:UnknownVulnerable","sneckomod:UnknownCommonSkill"],"picked":"sneckomod:Nope","floor":15.0},{"not_picked":["sneckomod:UnknownRarePower","sneckomod:MorePower"],"picked":"sneckomod:Unknown3Cost","floor":16.0},{"not_picked":["sneckomod:UnknownWeak+1","sneckomod:Unknown1Cost"],"picked":"sneckomod:MasterEye","floor":21.0},{"not_picked":["sneckomod:UnknownUncommonSkill","sneckomod:UnknownClassSLIMEBOUND"],"picked":"sneckomod:SoulDraw+1","floor":23.0},{"not_picked":["sneckomod:Unknown1Cost","sneckomod:UnknownVulnerable"],"picked":"sneckomod:SlitherStrike+1","floor":25.0},{"not_picked":["sneckomod:UnknownClassGREEN","sneckomod:SerpentIdol"],"picked":"sneckomod:IronFang+1","floor":26.0},{"not_picked":["sneckomod:UnknownEthereal+1","sneckomod:UnknownClassRED"],"picked":"sneckomod:Unknown0Cost","floor":28.0},{"not_picked":["sneckomod:CheapStock","sneckomod:UnknownUncommonSkill+1","sneckomod:UnknownClassGIANT_COLOR"],"picked":"SKIP","floor":30},{"not_picked":["sneckomod:UnknownRareSkill","sneckomod:UnknownStrike+1"],"picked":"sneckomod:SlitherStrike+1","floor":32},{"not_picked":["sneckomod:DangerNoodle+1","sneckomod:UnknownRareSkill"],"picked":"sneckomod:UnknownRareAttack+1","floor":33}],"player_experience":618521,"relics_obtained":[{"floor":2.0,"key":"ReplayTheSpireMod:Ring of Exchange"},{"floor":2.0,"key":"Ring of Hypnosis"},{"floor":17.0,"key":"jedi:kaleidoscope"},{"floor":17.0,"key":"aspiration:Lifesprig"},{"floor":17.0,"key":"conspire:Flyswatter"},{"floor":24.0,"key":"Replay:Rubber Ducky"}],"event_choices":[{"damage_healed":0.0,"max_hp_gain":0.0,"max_hp_loss":0.0,"gold_gain":0.0,"event_name":"betterNote:BetterNote","player_choice":"Ignored","floor":29.0,"gold_loss":0.0,"damage_taken":0.0,"cards_obtained":["Bludgeon"]},{"cards_removed":["sneckomod:Strike"],"damage_healed":0,"gold_gain":0,"player_choice":"Purged","damage_taken":0,"max_hp_gain":0,"max_hp_loss":0,"event_name":"Purifier","floor":31,"gold_loss":0}],"is_beta":false,"boss_relics":[{"not_picked":["hubris:HollowSoul","aspiration:RitualDagger"],"picked":"Calling Bell"}],"items_purged_floors":[3,3,8,28],"is_endless":false,"potions_floor_spawned":[5,6,15,23,25,33],"ascension_level":0}}