{"host":"l4kdldlios54gl54","time":1608181815,"event":{"mods":["AchievementEnabler","BaseMod","Colored Map","Colored Powertips","Minty Spire (QoL Compilation)","Random Character Button"],"gold_per_floor":[218,236,250,63,63,63,73,73,73,73,90,106,106,134,134,211,211,224,224,234,234,159,192,192,26,51,51,62,62,19,35,35,107,107,119,119,131,131,151,151,51,51,101,124,136,168,69,141,141,141,141],"floor_reached":50,"playtime":2335,"items_purged":["Writhe","Strike_G"],"score":897,"play_id":"7c0c40ca-0dca-4833-8269-250fb1c50616","local_time":"20201217061015","is_ascension_mode":true,"campfire_choices":[{"data":"Apotheosis","floor":6,"key":"SMITH"},{"data":"Deadly Poison","floor":8,"key":"SMITH"},{"data":"Dagger Spray","floor":10,"key":"SMITH"},{"data":"Noxious Fumes","floor":13,"key":"SMITH"},{"floor":15,"key":"REST"},{"data":"Footwork","floor":24,"key":"SMITH"},{"data":"Skewer","floor":29,"key":"SMITH"},{"data":"Well Laid Plans","floor":32,"key":"SMITH"},{"data":"Bandage Up","floor":40,"key":"SMITH"},{"data":"Leg Sweep","floor":42,"key":"SMITH"},{"data":"Survivor","floor":49,"key":"SMITH"}],"circlet_count":0,"master_deck":["AscendersBane","Strike_G","Strike_G","Defend_G","Defend_G","Defend_G","Defend_G","Defend_G","Survivor+1","Neutralize","Deadly Poison+1","Bane","Leg Sweep+1","Apotheosis+1","Dagger Spray+1","Noxious Fumes+1","Skewer+1","Footwork+1","Leg Sweep+1","Well Laid Plans+1","Dodge and Roll+1","Bandage Up+1","Regret","Dodge and Roll+1","Backflip+1","Writhe"],"relics":["Ring of the Snake","PreservedInsect","Eternal Feather","Coffee Dripper","Question Card","Lantern","Oddly Smooth Stone","Orichalcum","Cursed Key","MawBank","HornCleat"],"acts_visited":["Exordium","TheCity","TheBeyond"],"potions_floor_usage":[11,14,16,23,31,31,33,37,50],"damage_taken":[{"damage":2,"enemies":"Jaw Worm","floor":1,"turns":7},{"damage":1,"enemies":"Cultist","floor":2,"turns":4},{"damage":0,"enemies":"Small Slimes","floor":3,"turns":3},{"damage":2,"enemies":"Looter","floor":7,"turns":4},{"damage":0,"enemies":"Large Slime","floor":11,"turns":6},{"damage":4,"enemies":"Exordium Thugs","floor":12,"turns":5},{"damage":8,"enemies":"Gremlin Nob","floor":14,"turns":3},{"damage":42,"enemies":"Slime Boss","floor":16,"turns":10},{"damage":0,"enemies":"Chosen","floor":18,"turns":5},{"damage":2,"enemies":"Spheric Guardian","floor":20,"turns":5},{"damage":24,"enemies":"Slavers","floor":23,"turns":5},{"damage":0,"enemies":"Snake Plant","floor":28,"turns":5},{"damage":15,"enemies":"Snecko","floor":31,"turns":5},{"damage":21,"enemies":"Collector","floor":33,"turns":8},{"damage":34,"enemies":"3 Darklings","floor":35,"turns":7},{"damage":20,"enemies":"Orb Walker","floor":37,"turns":5},{"damage":35,"enemies":"Spire Growth","floor":39,"turns":6},{"damage":31,"enemies":"Jaw Worm Horde","floor":44,"turns":7},{"damage":2,"enemies":"Sphere and 2 Shapes","floor":46,"turns":8},{"damage":68,"enemies":"Awakened One","floor":50,"turns":23}],"seed_played":"7620157005541690064","potions_obtained":[{"floor":2,"key":"FearPotion"},{"floor":3,"key":"DistilledChaos"},{"floor":14,"key":"Poison Potion"},{"floor":16,"key":"GamblersBrew"},{"floor":18,"key":"BlessingOfTheForge"},{"floor":23,"key":"ColorlessPotion"},{"floor":31,"key":"DuplicationPotion"},{"floor":35,"key":"Explosive Potion"},{"floor":39,"key":"Dexterity Potion"}],"is_trial":false,"path_per_floor":["M","M","M","$","?","R","M","R","T","R","M","M","R","E","R","B",null,"M","?","M","?","$","E","R","$","T","?","M","R","$","M","R","B",null,"M","?","M","?","M","R","$","R","T","M","?","M","$","T","R","B"],"character_chosen":"THE_SILENT","items_purchased":["Apotheosis","Oddly Smooth Stone","Well Laid Plans","FairyPotion"],"campfire_rested":1,"item_purchase_floors":[4,25,30,47],"current_hp_per_floor":[57,56,56,56,56,56,54,54,54,54,54,50,50,42,66,24,56,56,56,54,54,54,30,42,42,42,42,42,54,54,39,51,30,57,23,23,9,54,25,37,37,49,49,24,24,28,28,28,43,0,0],"gold":141,"neow_bonus":"HUNDRED_GOLD","is_daily":false,"chose_seed":false,"campfire_upgraded":10,"win_rate":0.0,"timestamp":1608181815,"path_taken":["M","M","M","$","?","R","?","R","T","R","M","M","R","E","R","BOSS","M","?","M","?","$","E","R","$","T","?","?","R","?","M","R","BOSS","M","?","M","?","M","R","$","R","T","M","?","?","?","?","R","BOSS"],"items_purchased_type":["Card","Relic","Card","Potion"],"build_version":"2020-12-13","purchased_purges":2,"victory":false,"max_hp_per_floor":[66,66,66,66,66,66,66,66,66,66,66,66,66,66,66,66,66,66,66,66,66,66,66,66,66,66,66,66,66,66,66,66,66,66,66,66,66,54,54,54,54,54,54,54,54,54,54,54,54,54,54],"card_choices":[{"not_picked":["Acrobatics","Reflex"],"picked":"Deadly Poison","floor":1},{"not_picked":["Skewer","Flying Knee"],"picked":"Bane","floor":2},{"not_picked":["Prepared","Quick Slash"],"picked":"Leg Sweep","floor":3},{"not_picked":["Backflip","Sucker Punch"],"picked":"Dagger Spray","floor":7},{"not_picked":["Dagger Spray","Sucker Punch","Flying Knee"],"picked":"SKIP","floor":11},{"not_picked":["Deadly Poison","Tactician"],"picked":"Noxious Fumes","floor":12},{"not_picked":["Dagger Throw","Endless Agony"],"picked":"Skewer","floor":14},{"not_picked":["Distraction","Cloak And Dagger","Dagger Throw"],"picked":"SKIP","floor":18},{"not_picked":["Deadly Poison+1","Flying Knee","Dash","Prepared"],"picked":"SKIP","floor":20},{"not_picked":["Caltrops+1","Masterful Stab","Riddle With Holes"],"picked":"Leg Sweep+1","floor":23},{"not_picked":["Terror","Flying Knee","PiercingWail","Backflip+1"],"picked":"SKIP","floor":28},{"not_picked":["A Thousand Cuts","Tactician","Prepared","Slice"],"picked":"SKIP","floor":31},{"not_picked":["Terror","Bouncing Flask","Flying Knee+1"],"picked":"Dodge and Roll+1","floor":35},{"not_picked":["Transmutation","Magnetism","Impatience"],"picked":"Bandage Up","floor":36},{"not_picked":["Deflect","Deadly Poison","Slice","Cloak And Dagger"],"picked":"SKIP","floor":37},{"not_picked":["Deflect","Expertise+1","Blade Dance","Sucker Punch"],"picked":"SKIP","floor":39},{"not_picked":["Backflip","Blade Dance","Accuracy"],"picked":"Dodge and Roll","floor":44},{"not_picked":["Crippling Poison","Flying Knee+1","Well Laid Plans+1"],"picked":"Backflip+1","floor":46}],"player_experience":837615,"relics_obtained":[{"floor":9,"key":"PreservedInsect"},{"floor":14,"key":"Eternal Feather"},{"floor":23,"key":"Lantern"},{"floor":26,"key":"Orichalcum"},{"floor":43,"key":"MawBank"},{"floor":48,"key":"HornCleat"}],"event_choices":[{"cards_removed":["Strike_G"],"damage_healed":0,"gold_gain":0,"player_choice":"Purged","damage_taken":0,"max_hp_gain":0,"max_hp_loss":0,"event_name":"Purifier","floor":5,"gold_loss":0},{"damage_healed":0,"gold_gain":0,"player_choice":"Opened","damage_taken":0,"relics_obtained":["Question Card"],"max_hp_gain":0,"max_hp_loss":0,"event_name":"The Mausoleum","floor":19,"gold_loss":0,"cards_obtained":["Writhe"]},{"damage_healed":0,"gold_gain":0,"player_choice":"Read","damage_taken":0,"max_hp_gain":0,"max_hp_loss":0,"event_name":"The Library","floor":21,"gold_loss":0,"cards_obtained":["Footwork"]},{"cards_removed":["Strike_G"],"damage_healed":0,"gold_gain":0,"player_choice":"Elegance","damage_taken":0,"max_hp_gain":0,"max_hp_loss":0,"event_name":"Back to Basics","floor":27,"gold_loss":0},{"damage_healed":0,"gold_gain":0,"player_choice":"Memory 1","damage_taken":0,"max_hp_gain":0,"max_hp_loss":0,"event_name":"SensoryStone","floor":36,"gold_loss":0},{"damage_healed":54,"gold_gain":0,"player_choice":"Heal","damage_taken":0,"max_hp_gain":0,"max_hp_loss":12,"event_name":"The Moai Head","floor":38,"gold_loss":0},{"damage_healed":0,"gold_gain":0,"player_choice":"Upgraded","damage_taken":0,"max_hp_gain":0,"max_hp_loss":0,"event_name":"Upgrade Shrine","floor":45,"gold_loss":0,"cards_upgraded":["Dodge and Roll"]}],"is_beta":false,"boss_relics":[{"not_picked":["Astrolabe","Pandora\u0027s Box"],"picked":"Coffee Dripper"},{"not_picked":["Runic Pyramid","Black Star"],"picked":"Cursed Key"}],"items_purged_floors":[22,41],"is_endless":false,"potions_floor_spawned":[2,3,14,16,18,23,31,35,39],"killed_by":"Awakened One","ascension_level":19}}