{"host":"0dh9pv07o2urs14z","time":1608192760,"event":{"mods":["Alarm Clock","BaseMod","Dio Mod","Downfall","Hermit","Minty Spire (QoL Compilation)","Spicy Shops","StSLib","The Forsaken","The Runesmith"],"gold_per_floor":[99,99,9,37,37,63,118,118,151,151,151,14,0,18,32,135,135,135,69,69,100,17,17,40,66,66,102,118,118,118,118],"floor_reached":30,"playtime":3078,"items_purged":["Pain"],"score":333,"play_id":"a5b64184-bf32-43ba-b85a-df09a64f8aa4","local_time":"20201217191240","is_ascension_mode":true,"campfire_choices":[{"data":"hexamod:Sear","floor":1.0,"key":"SMITH"},{"data":"hexamod:SpectralSpark","floor":8.0,"key":"SMITH"},{"floor":10.0,"key":"REST"},{"data":"hexamod:BurningTouch","floor":18,"key":"SMITH"},{"floor":26,"key":"REST"}],"circlet_count":0,"master_deck":["hexamod:Strike","hexamod:Strike","hexamod:Strike+1","hexamod:Defend","hexamod:Defend+1","hexamod:Defend+1","hexamod:Defend","hexamod:Sear+1","hexamod:Float","hexamod:PhantomCloak+1","hexamod:SpectralSpark+1","hexamod:BurningTouch+1","hexamod:GhostOfSpireFuture","hexamod:FlamesFromBeyond","hexamod:TimeWarp","hexamod:Rewind+1","hexamod:FifthSeal","hexamod:ThirdSeal","hexamod:FirstSeal","RitualDagger","hexamod:RainOfEmbers+1","hexamod:SixthSeal","hexamod:SearingWound","hexamod:ThermalTransfer+1","hexamod:SecondSeal","hexamod:ExtraCrispy","hexamod:GhostflameBarrier","hexamod:FourthSeal","hexamod:ExtraCrispy"],"relics":["hexamod:SpiritBrand","Shuriken","Ancient Tea Set","Oddly Smooth Stone","HornCleat","hexamod:IceCube","Bag of Preparation","Happy Flower","Potion Belt","downfall:RedIOU"],"acts_visited":["Exordium","TheCity"],"potions_floor_usage":[19,21,21,28],"damage_taken":[{"damage":5.0,"enemies":"downfall:FleeingMerchant","floor":3.0,"turns":4.0},{"damage":36.0,"enemies":"3 Sentries","floor":4.0,"turns":14.0},{"damage":6.0,"enemies":"Lagavulin","floor":6.0,"turns":7.0},{"damage":12.0,"enemies":"3 Sentries","floor":9.0,"turns":9.0},{"damage":0,"enemies":"downfall:FleeingMerchant","floor":12,"turns":4},{"damage":0,"enemies":"downfall:FleeingMerchant","floor":13,"turns":4},{"damage":6,"enemies":"Jaw Worm","floor":14,"turns":3},{"damage":0,"enemies":"Small Slimes","floor":15,"turns":4},{"damage":10,"enemies":"downfall:Watcher","floor":16,"turns":6},{"damage":0,"enemies":"downfall:FleeingMerchant","floor":19,"turns":4},{"damage":69,"enemies":"Slavers","floor":21,"turns":5},{"damage":2,"enemies":"downfall:FleeingMerchant","floor":22,"turns":4},{"damage":10,"enemies":"Chosen","floor":25,"turns":5},{"damage":32,"enemies":"Gremlin Leader","floor":27,"turns":5},{"damage":23,"enemies":"Snake Plant","floor":28,"turns":4},{"damage":24,"enemies":"Cultist and Chosen","floor":30,"turns":4}],"seed_played":"7752664610002539636","potions_obtained":[{"floor":9.0,"key":"SkillPotion"},{"floor":14,"key":"LiquidBronze"},{"floor":15,"key":"Strength Potion"},{"floor":25,"key":"SpeedPotion"},{"floor":27,"key":"hexamod:EctoCoolerPotion"}],"is_trial":false,"path_per_floor":["R","?","$","E","?","E","T","R","E","R","?","$","$","M","M","B",null,"R","$","?","E","$","?","T","M","R","E","M","?","M"],"character_chosen":"THE_SPIRIT","items_purchased":["HornCleat","PowerPotion","hexamod:ExtraCrispy"],"campfire_rested":2,"item_purchase_floors":[12,19,22],"current_hp_per_floor":[84,84,79,43,43,37,37,37,25,50,50,50,50,44,44,34,84,84,84,78,9,14,42,42,39,64,32,16,16,0,0],"gold":118,"neow_bonus":"TWENTY_PERCENT_HP_BONUS","is_daily":false,"chose_seed":false,"campfire_upgraded":3,"win_rate":0.0,"timestamp":1608192760,"path_taken":["R","?","$","E","?","E","T","R","E","R","?","?","$","M","M","BOSS","R","$","?","E","$","?","T","M","R","E","M","?","?"],"items_purchased_type":["Relic","Potion","Card"],"build_version":"2020-12-13","purchased_purges":1,"victory":false,"max_hp_per_floor":[84,84,84,84,84,84,84,84,84,84,84,84,84,84,84,84,84,84,84,84,84,84,84,84,84,84,84,84,84,84,84],"card_choices":[{"not_picked":["hexamod:AdvancingGuard","hexamod:Firestarter"],"picked":"hexamod:PhantomCloak","floor":3.0},{"not_picked":["hexamod:InspiringFlames","hexamod:HauntingEcho"],"picked":"hexamod:SpectralSpark","floor":4.0},{"not_picked":["hexamod:ExtraCrispy","hexamod:AdvancingGuard"],"picked":"hexamod:BurningTouch","floor":6.0},{"not_picked":["hexamod:CatchUp","hexamod:UnlimitedPower"],"picked":"hexamod:GhostOfSpireFuture","floor":9.0},{"not_picked":["hexamod:GhostLash","hexamod:NightmareStrike"],"picked":"hexamod:FlamesFromBeyond","floor":12},{"not_picked":["hexamod:GhostOfSpirePast","hexamod:HauntingEcho"],"picked":"hexamod:TimeWarp","floor":13},{"not_picked":["hexamod:SwordOfDarkness","hexamod:Firestarter","hexamod:ShieldOfDarkness"],"picked":"SKIP","floor":14},{"not_picked":["hexamod:FlamesFromBeyond","hexamod:BurningTouch"],"picked":"hexamod:Rewind","floor":15},{"not_picked":["hexamod:CrushingStance","hexamod:TurnItUp"],"picked":"hexamod:FifthSeal","floor":16},{"not_picked":["hexamod:SecondSeal","hexamod:FourthSeal"],"picked":"hexamod:ThirdSeal","floor":19},{"not_picked":["hexamod:GhostShield","hexamod:AdvancingGuard"],"picked":"hexamod:FirstSeal","floor":19},{"not_picked":["hexamod:Hexaguard","hexamod:NightmareStrike"],"picked":"hexamod:RainOfEmbers+1","floor":21},{"not_picked":["hexamod:FourthSeal","hexamod:ThirdSeal"],"picked":"hexamod:SixthSeal","floor":21},{"not_picked":["hexamod:NecessarySacrifice+1","hexamod:SpectersWail","hexamod:BurningTouch+1"],"picked":"SKIP","floor":21},{"not_picked":["hexamod:HauntingEcho+1","hexamod:FastForward"],"picked":"hexamod:SearingWound","floor":22},{"not_picked":["hexamod:InspiringFlames","hexamod:GhostShield"],"picked":"hexamod:ThermalTransfer+1","floor":22},{"not_picked":["hexamod:ThirdSeal","hexamod:FirstSeal"],"picked":"hexamod:SecondSeal","floor":22},{"not_picked":["hexamod:ShieldOfDarkness","hexamod:NightmareGuise+1"],"picked":"hexamod:GhostflameBarrier","floor":25},{"not_picked":["hexamod:HeatCrush","hexamod:NightmareStrike+1","hexamod:GhostLash+1"],"picked":"SKIP","floor":25},{"not_picked":["hexamod:SecondSeal","hexamod:FirstSeal","hexamod:ThirdSeal"],"picked":"SKIP","floor":25},{"not_picked":["hexamod:ThermalTransfer","hexamod:ApocalypticArmor","hexamod:DynamicBlow"],"picked":"SKIP","floor":27},{"not_picked":["hexamod:Toasty","hexamod:AdvancingGuard","hexamod:HauntingEcho+1"],"picked":"SKIP","floor":27},{"not_picked":["hexamod:SixthSeal","hexamod:FirstSeal"],"picked":"hexamod:FourthSeal","floor":28},{"not_picked":["hexamod:AdvancingGuard","hexamod:FastForward"],"picked":"hexamod:ExtraCrispy","floor":28}],"player_experience":1079353,"relics_obtained":[{"floor":4.0,"key":"Shuriken"},{"floor":6.0,"key":"Ancient Tea Set"},{"floor":7.0,"key":"Oddly Smooth Stone"},{"floor":9.0,"key":"Centennial Puzzle"},{"floor":21,"key":"Bag of Preparation"},{"floor":24,"key":"Happy Flower"},{"floor":27,"key":"Potion Belt"}],"event_choices":[{"damage_healed":0.0,"max_hp_gain":0.0,"max_hp_loss":0.0,"gold_gain":0.0,"event_name":"Living Wall","player_choice":"Grow","floor":5.0,"gold_loss":0.0,"damage_taken":0.0,"cards_upgraded":["hexamod:PhantomCloak"]},{"damage_healed":28,"gold_gain":0,"player_choice":"Heal","damage_taken":0,"max_hp_gain":0,"max_hp_loss":0,"event_name":"The Library","floor":23,"gold_loss":0}],"is_beta":false,"boss_relics":[{"not_picked":["Runesmith:UraniumAnvil","Cursed Key"],"picked":"hexamod:IceCube"}],"items_purged_floors":[3],"is_endless":false,"potions_floor_spawned":[9,14,15,25,27],"killed_by":"Cultist and Chosen","ascension_level":2}}