{"host":"oc5h2hqz0xgb0igf","time":1608176000,"event":{"mods":["AchievementEnabler","BaseMod","Card Forge","Colored Map","Colored Powertips","Minty Spire (QoL Compilation)","Rare Cards Sparkle","StSLib"],"gold_per_floor":[114,114,125,137,155,155,181,197,197,197,232,251,285,299,299,402,402,419,419,433,433,445,474,491,519,543,574,574,593,606,641,641,737,737,755,459,459,479,529,556,566,599,599,626,626,626,954,974,974,974,974,974,974,1005,1005],"floor_reached":56,"playtime":1364,"items_purged":[],"score":2101,"play_id":"215850cb-22c4-411d-af2b-0892d4917c01","local_time":"20201216193320","is_ascension_mode":true,"campfire_choices":[{"floor":6,"key":"RECALL"},{"floor":10,"key":"REST"},{"data":"Limit Break","floor":15,"key":"SMITH"},{"data":"Offering","floor":28,"key":"SMITH"},{"floor":32,"key":"REST"},{"floor":45,"key":"REST"},{"floor":49,"key":"REST"},{"floor":52,"key":"REST"}],"circlet_count":0,"master_deck":["Double Tap+1","Seeing Red+1","Whirlwind+1","J.A.X.+1","Limit Break+1","Offering+1","Offering+1","Offering+1","Flex+1"],"relics":["Burning Blood","Hammer of Thor","Seething Fire","Anvil of the Gods","Self Forming Clay","Darkstone Periapt","Blue Candle","Mummified Hand","Black Star","Red Skull","Vajra","Pen Nib","Sundial","Potion Belt","Anchor","Pear","WingedGreaves","Omamori","Question Card","Busted Crown","Chemical X","Ancient Tea Set","Turnip","Bag of Preparation","PreservedInsect","Incense Burner","Oddly Smooth Stone","Smiling Mask","Old Coin","CaptainsWheel","Blood Vial","TungstenRod"],"acts_visited":["Exordium","TheCity","TheBeyond","TheEnding"],"potions_floor_usage":[16,33,55,55,55,55,55,55,55,55],"damage_taken":[{"damage":3,"enemies":"Jaw Worm","floor":1,"turns":1},{"damage":3,"enemies":"Cultist","floor":3,"turns":1},{"damage":3,"enemies":"Small Slimes","floor":4,"turns":1},{"damage":3,"enemies":"3 Louse","floor":5,"turns":1},{"damage":3,"enemies":"Gremlin Nob","floor":7,"turns":1},{"damage":3,"enemies":"2 Fungi Beasts","floor":8,"turns":1},{"damage":6,"enemies":"Lagavulin","floor":11,"turns":2},{"damage":3,"enemies":"Red Slaver","floor":12,"turns":1},{"damage":3,"enemies":"3 Sentries","floor":13,"turns":1},{"damage":3,"enemies":"Large Slime","floor":14,"turns":1},{"damage":15,"enemies":"Hexaghost","floor":16,"turns":2},{"damage":15,"enemies":"Chosen","floor":18,"turns":1},{"damage":9,"enemies":"Shell Parasite","floor":20,"turns":1},{"damage":9,"enemies":"Chosen and Byrds","floor":22,"turns":1},{"damage":15,"enemies":"Book of Stabbing","floor":23,"turns":1},{"damage":9,"enemies":"Centurion and Healer","floor":24,"turns":1},{"damage":9,"enemies":"Gremlin Leader","floor":25,"turns":1},{"damage":9,"enemies":"Slavers","floor":27,"turns":1},{"damage":18,"enemies":"Snecko","floor":29,"turns":1},{"damage":14,"enemies":"Shelled Parasite and Fungi","floor":30,"turns":2},{"damage":12,"enemies":"Gremlin Leader","floor":31,"turns":1},{"damage":21,"enemies":"Champ","floor":33,"turns":2},{"damage":27,"enemies":"Orb Walker","floor":35,"turns":1},{"damage":12,"enemies":"3 Darklings","floor":38,"turns":1},{"damage":27,"enemies":"Mind Bloom Boss Battle","floor":39,"turns":1},{"damage":9,"enemies":"Nemesis","floor":40,"turns":1},{"damage":9,"enemies":"4 Shapes","floor":41,"turns":1},{"damage":12,"enemies":"Reptomancer","floor":42,"turns":1},{"damage":3,"enemies":"Nemesis","floor":44,"turns":1},{"damage":3,"enemies":"Reptomancer","floor":47,"turns":1},{"damage":15,"enemies":"Transient","floor":48,"turns":2},{"damage":15,"enemies":"Awakened One","floor":50,"turns":2},{"damage":12,"enemies":"Shield and Spear","floor":54,"turns":1},{"damage":67,"enemies":"The Heart","floor":55,"turns":3}],"seed_played":"-3093217214750522350","potions_obtained":[{"floor":0,"key":"Energy Potion"},{"floor":0,"key":"HeartOfIron"},{"floor":0,"key":"EssenceOfSteel"},{"floor":7,"key":"EntropicBrew"},{"floor":14,"key":"SteroidPotion"},{"floor":20,"key":"HeartOfIron"},{"floor":25,"key":"Swift Potion"},{"floor":30,"key":"Energy Potion"},{"floor":33,"key":"Explosive Potion"},{"floor":39,"key":"Weak Potion"},{"floor":48,"key":"BloodPotion"}],"is_trial":false,"path_per_floor":["M","?","M","M","M","R","E","M","T","R","E","M","E","M","R","B",null,"M","$","M","T","M","E","M","E","T","E","R","M","M","E","R","B",null,"M","$","?","M","?","E","M","E","T","E","R","?","E","M","R","B",null,"R","$","E","B",null],"character_chosen":"IRONCLAD","items_purchased":["Chemical X","Ancient Tea Set"],"campfire_rested":5,"item_purchase_floors":[36,36],"current_hp_per_floor":[80,80,80,80,80,80,80,80,80,80,80,80,80,80,80,71,80,71,71,68,68,65,56,53,50,50,57,57,45,37,31,58,43,90,69,69,69,63,42,39,36,30,30,33,60,60,63,54,81,72,90,90,90,84,48],"gold":1005,"neow_bonus":"THREE_SMALL_POTIONS","is_daily":false,"chose_seed":false,"campfire_upgraded":2,"win_rate":0.0,"timestamp":1608176000,"path_taken":["M","?","M","M","M","R","E","M","T","R","E","M","E","M","R","BOSS","M","$","M","?","M","E","M","E","T","E","R","M","M","E","R","BOSS","M","$","?","M","?","E","M","E","T","E","R","?","E","M","R","BOSS","R","$","E","BOSS"],"items_purchased_type":["Relic","Relic"],"build_version":"2020-12-13","purchased_purges":0,"victory":true,"max_hp_per_floor":[80,80,80,80,80,80,80,80,80,80,80,80,80,80,80,80,80,80,80,80,80,80,80,80,80,80,90,90,90,90,90,90,90,90,90,90,90,90,90,90,90,90,90,90,90,90,90,90,90,90,90,90,90,90,90],"card_choices":[{"not_picked":["Shrug It Off","Pommel Strike","Wild Strike"],"picked":"SKIP","floor":1},{"not_picked":["Iron Wave","Second Wind","True Grit"],"picked":"SKIP","floor":3},{"not_picked":["Headbutt","Feel No Pain","Pummel"],"picked":"SKIP","floor":4},{"not_picked":["Uppercut","Heavy Blade","Exhume"],"picked":"SKIP","floor":5},{"not_picked":["Rampage","Battle Trance","Dropkick"],"picked":"SKIP","floor":7},{"not_picked":["Rage","Spot Weakness","Iron Wave"],"picked":"SKIP","floor":8},{"not_picked":["Hemokinesis","Clothesline","Infernal Blade"],"picked":"SKIP","floor":11},{"not_picked":["Heavy Blade","Warcry","Clothesline"],"picked":"SKIP","floor":12},{"not_picked":["Intimidate","Warcry"],"picked":"Limit Break","floor":13},{"not_picked":["Clash","Pommel Strike","Rampage"],"picked":"SKIP","floor":14},{"not_picked":["Bludgeon","Feed"],"picked":"Offering","floor":16},{"not_picked":["Searing Blow","Thunderclap","Fire Breathing"],"picked":"SKIP","floor":18},{"not_picked":["Wild Strike","Armaments","Feel No Pain+1"],"picked":"SKIP","floor":20},{"not_picked":["True Grit","Cleave+1","Armaments+1"],"picked":"SKIP","floor":22},{"not_picked":["Sentinel","Feed","Second Wind"],"picked":"SKIP","floor":23},{"not_picked":["Iron Wave","Combust","Armaments+1"],"picked":"SKIP","floor":24},{"not_picked":["Sword Boomerang+1","Anger+1","Havoc+1"],"picked":"SKIP","floor":25},{"not_picked":["Fire Breathing","Clothesline","Feed"],"picked":"SKIP","floor":27},{"not_picked":["Wild Strike","Dark Embrace","Rage+1"],"picked":"SKIP","floor":29},{"not_picked":["Twin Strike","Warcry","Thunderclap"],"picked":"SKIP","floor":30},{"not_picked":["Clothesline","Cleave","Feed"],"picked":"SKIP","floor":31},{"not_picked":["Double Tap","Barricade","Corruption"],"picked":"Offering","floor":33},{"not_picked":["Rupture+1","Shrug It Off"],"picked":"SKIP","floor":35},{"not_picked":["Pommel Strike+1","Inflame"],"picked":"SKIP","floor":38},{"not_picked":["Clothesline+1","Demon Form"],"picked":"SKIP","floor":40},{"not_picked":["Armaments","Wild Strike"],"picked":"SKIP","floor":41},{"not_picked":["Blood for Blood","Headbutt"],"picked":"SKIP","floor":42},{"not_picked":["Flex","Pommel Strike+1"],"picked":"SKIP","floor":44},{"not_picked":["Perfected Strike","Fire Breathing+1"],"picked":"SKIP","floor":47},{"not_picked":["Anger+1","Battle Trance"],"picked":"SKIP","floor":48},{"not_picked":["Twin Strike+1","Iron Wave"],"picked":"SKIP","floor":54}],"player_experience":103128,"relics_obtained":[{"floor":7,"key":"Self Forming Clay"},{"floor":9,"key":"Darkstone Periapt"},{"floor":11,"key":"Blue Candle"},{"floor":13,"key":"Mummified Hand"},{"floor":21,"key":"Red Skull"},{"floor":23,"key":"Vajra"},{"floor":23,"key":"Pen Nib"},{"floor":25,"key":"Sundial"},{"floor":25,"key":"Potion Belt"},{"floor":26,"key":"Anchor"},{"floor":27,"key":"Pear"},{"floor":27,"key":"WingedGreaves"},{"floor":31,"key":"Omamori"},{"floor":31,"key":"Question Card"},{"floor":39,"key":"Turnip"},{"floor":40,"key":"Bag of Preparation"},{"floor":40,"key":"PreservedInsect"},{"floor":42,"key":"Incense Burner"},{"floor":44,"key":"Oddly Smooth Stone"},{"floor":44,"key":"Smiling Mask"},{"floor":47,"key":"Old Coin"},{"floor":47,"key":"CaptainsWheel"},{"floor":54,"key":"Blood Vial"},{"floor":54,"key":"TungstenRod"}],"event_choices":[{"damage_healed":0,"gold_gain":0,"player_choice":"Bought 0 Potions","damage_taken":0,"max_hp_gain":0,"max_hp_loss":0,"event_name":"The Woman in Blue","floor":2,"gold_loss":0},{"cards_removed":["Spot Weakness"],"damage_healed":0,"gold_gain":0,"player_choice":"Removed Skill","damage_taken":0,"max_hp_gain":0,"max_hp_loss":0,"event_name":"Falling","floor":37,"gold_loss":0},{"damage_healed":0,"gold_gain":0,"player_choice":"Fight","damage_taken":0,"max_hp_gain":0,"max_hp_loss":0,"event_name":"MindBloom","floor":39,"gold_loss":0},{"damage_healed":0,"gold_gain":0,"player_choice":"Memory 1","damage_taken":0,"max_hp_gain":0,"max_hp_loss":0,"event_name":"SensoryStone","floor":46,"gold_loss":0}],"is_beta":false,"boss_relics":[{"not_picked":["Fusion Hammer","Runic Dome"],"picked":"Black Star"},{"not_picked":["Cursed Key","SacredBark"],"picked":"Busted Crown"}],"items_purged_floors":[],"is_endless":false,"potions_floor_spawned":[5,7,12,13,14,18,20,25,30,33,39,44,47,48],"ascension_level":2}}