{"host":"utqe55yv0jihe4d6","time":1608219727,"event":{"mods":["2.2 Compatiblity","AchievementEnabler","BaseMod","Block Reminder","Colored Map","Colored Powertips","Minty Spire (QoL Compilation)","Quick Restart","Rare Cards Sparkle","Relic Stats","SuperFastMode"],"gold_per_floor":[118,118,118,133,151,151,116,116,116,141,177,177,9,27,27,121,121,135,25,50,68,68,104,104,104,104],"floor_reached":25,"playtime":1133,"items_purged":["Strike_G"],"score":642,"play_id":"ce100b1b-a0c0-4989-83e1-e3dd648d1927","local_time":"20201217104207","is_ascension_mode":true,"campfire_choices":[{"data":"Crippling Poison","floor":6,"key":"SMITH"},{"data":"Neutralize","floor":8,"key":"SMITH"},{"data":"Bouncing Flask","floor":15,"key":"SMITH"}],"circlet_count":0,"master_deck":["AscendersBane","Strike_G+1","Strike_G+1","Strike_G+1","Defend_G+1","Defend_G+1","Defend_G+1","Defend_G+1","Defend_G+1","Survivor","Neutralize+1","Bouncing Flask+1","Flying Knee","Crippling Poison+1","Quick Slash","Blade Dance","After Image","Flying Knee","Backstab","PiercingWail"],"relics":["Ring of the Snake","Calipers","Golden Idol","Mercury Hourglass","The Courier","Membership Card","Runic Dome","Shuriken","Potion Belt"],"acts_visited":["Exordium","TheCity"],"potions_floor_usage":[],"damage_taken":[{"damage":7,"enemies":"2 Louse","floor":1,"turns":3},{"damage":2,"enemies":"Jaw Worm","floor":4,"turns":5},{"damage":6,"enemies":"Cultist","floor":5,"turns":5},{"damage":3,"enemies":"3 Louse","floor":10,"turns":3},{"damage":30,"enemies":"Gremlin Nob","floor":11,"turns":4},{"damage":1,"enemies":"Blue Slaver","floor":14,"turns":3},{"damage":19,"enemies":"The Guardian","floor":16,"turns":10},{"damage":9,"enemies":"Shell Parasite","floor":18,"turns":5},{"damage":0,"enemies":"Spheric Guardian","floor":20,"turns":3},{"damage":0,"enemies":"3 Cultists","floor":21,"turns":4},{"damage":24,"enemies":"Gremlin Leader","floor":23,"turns":5},{"damage":14,"enemies":"Snake Plant","floor":25,"turns":2}],"seed_played":"-103096442165321195","potions_obtained":[{"floor":1,"key":"SmokeBomb"},{"floor":5,"key":"LiquidBronze"},{"floor":18,"key":"Weak Potion"},{"floor":20,"key":"ColorlessPotion"},{"floor":23,"key":"DistilledChaos"}],"is_trial":false,"path_per_floor":["M","?","?","M","M","R","?","R","T","M","E","?","$","M","R","B",null,"M","$","M","M","?","E","?","M"],"character_chosen":"THE_SILENT","items_purchased":["Membership Card","Shuriken"],"campfire_rested":0,"item_purchase_floors":[13,19],"current_hp_per_floor":[37,30,30,28,22,22,37,37,37,34,4,24,24,23,23,4,46,37,37,37,37,37,13,13,0,0],"gold":104,"neow_bonus":"ONE_RARE_RELIC","is_daily":false,"chose_seed":false,"campfire_upgraded":3,"win_rate":0.0,"timestamp":1608219727,"path_taken":["M","?","?","M","M","R","?","R","T","M","E","?","$","?","R","BOSS","M","$","?","M","?","E","?","M"],"items_purchased_type":["Relic","Relic"],"build_version":"2020-12-13","purchased_purges":1,"victory":false,"max_hp_per_floor":[66,66,60,60,60,60,60,60,60,60,60,60,60,60,60,60,60,60,60,60,60,60,60,60,60,60],"relic_stats":{"counters":[12,52],"Golden Idol":61,"Shuriken":[10],"obtain_stats":[{"Potion Belt":23,"Runic Dome":17,"Calipers":0,"Golden Idol":3,"Shuriken":19,"The Courier":11,"Membership Card":13,"Ring of the Snake":0,"Mercury Hourglass":9},{"Potion Belt":11,"Runic Dome":7,"Calipers":0,"Golden Idol":1,"Shuriken":8,"The Courier":5,"Membership Card":5,"Ring of the Snake":0,"Mercury Hourglass":3},{"Potion Belt":50,"Runic Dome":33,"Calipers":0,"Golden Idol":3,"Shuriken":38,"The Courier":20,"Membership Card":20,"Ring of the Snake":0,"Mercury Hourglass":13}],"Ring of the Snake":[24],"Mercury Hourglass":[133]},"card_choices":[{"not_picked":["Flechettes","Prepared"],"picked":"Bouncing Flask","floor":1},{"not_picked":["Dodge and Roll","Blade Dance"],"picked":"Flying Knee","floor":4},{"not_picked":["Cloak And Dagger","Accuracy"],"picked":"Crippling Poison","floor":5},{"not_picked":["Concentrate","PiercingWail"],"picked":"Quick Slash","floor":10},{"not_picked":["Dodge and Roll","Bouncing Flask","Dagger Spray"],"picked":"SKIP","floor":11},{"not_picked":["Escape Plan","Terror"],"picked":"Blade Dance","floor":14},{"not_picked":["Doppelganger","Venomology"],"picked":"After Image","floor":16},{"not_picked":["Setup","Prepared"],"picked":"Flying Knee","floor":18},{"not_picked":["Flechettes","Flying Knee","Outmaneuver"],"picked":"SKIP","floor":20},{"not_picked":["Dash","Prepared"],"picked":"Backstab","floor":21},{"not_picked":["Flying Knee","Backflip"],"picked":"PiercingWail","floor":23}],"player_experience":2779608,"relics_obtained":[{"floor":9,"key":"Mercury Hourglass"},{"floor":11,"key":"The Courier"},{"floor":23,"key":"Potion Belt"}],"event_choices":[{"cards_removed":["Strike_G"],"damage_healed":0,"gold_gain":0,"player_choice":"Card Removal","damage_taken":7,"max_hp_gain":0,"max_hp_loss":0,"event_name":"Golden Wing","floor":2,"gold_loss":0},{"damage_healed":0,"gold_gain":0,"player_choice":"Lose Max HP","damage_taken":0,"relics_obtained":["Golden Idol"],"max_hp_gain":0,"max_hp_loss":6,"event_name":"Golden Idol","floor":3,"gold_loss":0},{"damage_healed":15,"gold_gain":0,"player_choice":"Healed","damage_taken":0,"max_hp_gain":0,"max_hp_loss":0,"event_name":"The Cleric","floor":7,"gold_loss":35},{"damage_healed":20,"gold_gain":0,"player_choice":"Banana","damage_taken":0,"max_hp_gain":0,"max_hp_loss":0,"event_name":"Big Fish","floor":12,"gold_loss":0},{"damage_healed":0,"gold_gain":0,"player_choice":"Simplicity","damage_taken":0,"max_hp_gain":0,"max_hp_loss":0,"event_name":"Back to Basics","floor":22,"gold_loss":0,"cards_upgraded":["Strike_G","Strike_G","Strike_G","Defend_G","Defend_G","Defend_G","Defend_G","Defend_G"]},{"damage_healed":0,"gold_gain":0,"player_choice":"Ignored","damage_taken":0,"max_hp_gain":0,"max_hp_loss":0,"event_name":"Vampires","floor":24,"gold_loss":0}],"is_beta":false,"boss_relics":[{"not_picked":["SacredBark","Velvet Choker"],"picked":"Runic Dome"}],"items_purged_floors":[13],"is_endless":false,"potions_floor_spawned":[1,5,18,20,23],"killed_by":"Snake Plant","ascension_level":20}}