{"host":"h8k9dndf1ns7wsjc","time":1608234419,"event":{"mods":["2.2 Compatiblity","AchievementEnabler","Act Like it!","BaseMod","Better Altar","Better Skull","Better Vampires","BetterRewards","Communication Mod","Hubris","Minty Spire (QoL Compilation)","Permanent Neow","Remove Card Discount Mod","Spicy Shops","StSLib"],"gold_per_floor":[216,216,216,232,232,272,287,287,287],"floor_reached":8,"playtime":289,"items_purged":[],"score":81,"play_id":"f29a72f7-1113-4d63-930c-96dbc45f468c","local_time":"20201217204659","is_ascension_mode":true,"campfire_choices":[],"circlet_count":0,"master_deck":["Strike_R","Strike_R","Strike_R","Strike_R","Strike_R","Defend_R","Defend_R","Defend_R","Defend_R","Bash+1","Wild Strike","Anger","Sentinel","Twin Strike"],"relics":["Burning Blood","Golden Idol","hubris:BottledRain"],"acts_visited":["Exordium"],"potions_floor_usage":[6],"damage_taken":[{"damage":7,"enemies":"2 Louse","floor":1,"turns":3},{"damage":5,"enemies":"Small Slimes","floor":4,"turns":3},{"damage":54,"enemies":"Gremlin Nob","floor":6,"turns":5},{"damage":7,"enemies":"Jaw Worm","floor":7,"turns":2},{"damage":45,"enemies":"Lagavulin","floor":8,"turns":7}],"seed_played":"-8823886840919948629","potions_obtained":[{"floor":4,"key":"BloodPotion"},{"floor":7,"key":"SteroidPotion"}],"is_trial":false,"path_per_floor":["M","?","?","M","?","E","M","E"],"character_chosen":"IRONCLAD","items_purchased":[],"campfire_rested":0,"item_purchase_floors":[],"current_hp_per_floor":[71,71,71,72,65,31,30,0,0],"gold":287,"neow_bonus":"HUNDRED_GOLD","is_daily":false,"chose_seed":false,"campfire_upgraded":0,"win_rate":0.0,"timestamp":1608234419,"path_taken":["M","?","?","?","?","E","M","E"],"items_purchased_type":[],"build_version":"2020-12-13","purchased_purges":0,"victory":false,"max_hp_per_floor":[80,80,74,74,74,74,74,74,74],"card_choices":[{"not_picked":["Reckless Charge","Spot Weakness"],"picked":"Wild Strike","floor":1},{"not_picked":["Thunderclap","Blood for Blood"],"picked":"Anger","floor":4},{"not_picked":["Pommel Strike","Warcry"],"picked":"Sentinel","floor":6},{"not_picked":["Pummel","Clash"],"picked":"Twin Strike","floor":7}],"player_experience":420562,"relics_obtained":[{"floor":6,"key":"hubris:BottledRain"}],"event_choices":[{"damage_healed":0,"gold_gain":0,"player_choice":"Lose Max HP","damage_taken":0,"relics_obtained":["Golden Idol"],"max_hp_gain":0,"max_hp_loss":6,"event_name":"Golden Idol","floor":3,"gold_loss":0},{"damage_healed":0,"gold_gain":0,"player_choice":"Damaged","damage_taken":7,"max_hp_gain":0,"max_hp_loss":0,"event_name":"Wheel of Change","floor":5,"gold_loss":0}],"is_beta":false,"boss_relics":[],"items_purged_floors":[],"is_endless":false,"potions_floor_spawned":[4,7],"killed_by":"Lagavulin","ascension_level":9}}