{"host":"vumwfieg2b2mnrfl","time":1608239089,"event":{"mods":["AchievementEnabler","BaseMod","Minty Spire (QoL Compilation)","Rare Cards Sparkle","Relic Stats"],"gold_per_floor":[110,121,135,210,60,60,94,94,94,105,105,136,69,100,100,201,201,219,494,509,286,42,74,74,74,74,91,91,23,40,54,54,158,158,171,183,194,210,210,210,210,236,262,126,146,146,146,146,146,146,146],"floor_reached":50,"playtime":2126,"items_purged":["Regret","Injury"],"score":838,"play_id":"45fae141-1e2f-4335-be1c-7d691ea7755f","local_time":"20201217150449","is_ascension_mode":true,"campfire_choices":[{"data":"Bouncing Flask","floor":6,"key":"SMITH"},{"floor":8,"key":"REST"},{"floor":15,"key":"REST"},{"floor":24,"key":"REST"},{"floor":32,"key":"REST"},{"floor":40,"key":"REST"},{"floor":46,"key":"REST"},{"data":"Catalyst","floor":49,"key":"SMITH"}],"circlet_count":0,"master_deck":["AscendersBane","Strike_G+1","Strike_G+1","Strike_G+1","Strike_G+1","Strike_G+1","Defend_G+1","Defend_G+1","Defend_G+1","Defend_G+1","Defend_G+1","Survivor","Neutralize","Dagger Spray","Bouncing Flask+1","PiercingWail","Corpse Explosion","Bouncing Flask","Poisoned Stab","Predator","Sucker Punch","Adrenaline","Escape Plan","Burst","Dash","Calculated Gamble","Backflip","Footwork","Footwork","Dodge and Roll+1","Adrenaline","Acrobatics+1","Footwork+1","Infinite Blades","Deflect+1","Catalyst+1"],"relics":["Ring of the Snake","NeowsBlessing","Orrery","StrikeDummy","Ornamental Fan","Tiny Chest","Bird Faced Urn","Kunai","SlaversCollar","TwistedFunnel","ClockworkSouvenir","Centennial Puzzle","Pantograph","Bottled Flame","Cursed Key","Tough Bandages","MealTicket"],"acts_visited":["Exordium","TheCity","TheBeyond"],"potions_floor_usage":[14,14,30,33,37,50],"damage_taken":[{"damage":0.0,"enemies":"Cultist","floor":1.0,"turns":1.0},{"damage":0.0,"enemies":"Jaw Worm","floor":2.0,"turns":1.0},{"damage":0.0,"enemies":"2 Louse","floor":3.0,"turns":1.0},{"damage":25,"enemies":"Gremlin Nob","floor":7,"turns":4},{"damage":6,"enemies":"Large Slime","floor":10,"turns":5},{"damage":30,"enemies":"Lagavulin","floor":12,"turns":8},{"damage":8,"enemies":"Gremlin Nob","floor":14,"turns":3},{"damage":20,"enemies":"The Guardian","floor":16,"turns":8},{"damage":7,"enemies":"3 Byrds","floor":18,"turns":2},{"damage":2,"enemies":"Chosen","floor":20,"turns":4},{"damage":13,"enemies":"Book of Stabbing","floor":23,"turns":5},{"damage":14,"enemies":"Snake Plant","floor":27,"turns":5},{"damage":11,"enemies":"Centurion and Healer","floor":30,"turns":5},{"damage":5,"enemies":"Cultist and Chosen","floor":31,"turns":6},{"damage":49,"enemies":"Collector","floor":33,"turns":12},{"damage":9,"enemies":"3 Shapes","floor":35,"turns":4},{"damage":26,"enemies":"3 Darklings","floor":36,"turns":3},{"damage":7,"enemies":"Maw","floor":37,"turns":9},{"damage":9,"enemies":"Spire Growth","floor":38,"turns":6},{"damage":22,"enemies":"Giant Head","floor":42,"turns":11},{"damage":2,"enemies":"3 Darklings","floor":45,"turns":3},{"damage":79,"enemies":"Donu and Deca","floor":50,"turns":11}],"seed_played":"-5136337070677776779","potions_obtained":[{"floor":1.0,"key":"ColorlessPotion"},{"floor":2.0,"key":"Ancient Potion"},{"floor":18,"key":"Weak Potion"},{"floor":27,"key":"Block Potion"},{"floor":33,"key":"Explosive Potion"},{"floor":36,"key":"DistilledChaos"}],"is_trial":false,"path_per_floor":["M","M","M","?","$","R","E","R","T","M","?","E","$","E","R","B",null,"M","?","M","$","$","E","R","T","T","M","?","$","M","M","R","B",null,"M","M","M","M","?","R","$","E","T","$","M","R","T","?","R","B"],"character_chosen":"THE_SILENT","items_purchased":["Orrery","Adrenaline","TwistedFunnel","Calculated Gamble","Backflip","ClockworkSouvenir","Footwork","Catalyst"],"campfire_rested":6,"item_purchase_floors":[5,13,21,21,22,22,29,44],"current_hp_per_floor":[63,63,63,56,56,56,31,52,52,46,39,9,9,1,22,2,53,46,46,44,44,44,31,52,52,52,38,38,38,29,28,49,21,58,53,31,28,25,25,46,46,32,32,47,49,70,70,70,70,0,0],"gold":146,"neow_bonus":"THREE_ENEMY_KILL","is_daily":false,"chose_seed":false,"campfire_upgraded":2,"win_rate":0.0,"timestamp":1608239089,"path_taken":["M","M","?","?","?","R","E","R","T","M","?","E","$","E","R","BOSS","M","?","?","?","$","E","R","?","T","M","?","?","M","M","R","BOSS","M","M","M","M","?","R","$","E","T","$","M","R","?","?","R","BOSS"],"items_purchased_type":["Relic","Card","Relic","Card","Card","Relic","Card","Card"],"build_version":"2020-12-13","purchased_purges":2,"victory":false,"max_hp_per_floor":[70,70,70,70,70,70,70,70,70,70,70,70,70,70,70,70,70,70,70,70,70,70,70,70,70,70,70,70,70,70,70,70,70,70,70,70,70,70,70,70,70,70,70,70,70,70,70,70,70,70,70],"relic_stats":{"Centennial Puzzle":[33],"Tough Bandages":[30],"counters":[22,117],"Ornamental Fan":[120],"Bird Faced Urn":[38],"Pantograph":21,"Tiny Chest":2,"MealTicket":15,"Kunai":[27],"Cursed Key":1,"obtain_stats":[{"TwistedFunnel":21,"NeowsBlessing":0,"Cursed Key":34,"ClockworkSouvenir":22,"SlaversCollar":17,"Centennial Puzzle":23,"Bottled Flame":26,"Tough Bandages":42,"Ornamental Fan":9,"Bird Faced Urn":12,"Pantograph":25,"Orrery":5,"Tiny Chest":11,"MealTicket":43,"Kunai":14,"StrikeDummy":7,"Ring of the Snake":0},{"TwistedFunnel":10,"NeowsBlessing":0,"Cursed Key":15,"ClockworkSouvenir":10,"SlaversCollar":8,"Centennial Puzzle":11,"Bottled Flame":11,"Tough Bandages":20,"Ornamental Fan":4,"Bird Faced Urn":6,"Pantograph":11,"Orrery":3,"Tiny Chest":5,"MealTicket":20,"Kunai":7,"StrikeDummy":4,"Ring of the Snake":0},{"TwistedFunnel":37,"NeowsBlessing":0,"Cursed Key":70,"ClockworkSouvenir":37,"SlaversCollar":31,"Centennial Puzzle":42,"Bottled Flame":42,"Tough Bandages":103,"Ornamental Fan":7,"Bird Faced Urn":20,"Pantograph":42,"Orrery":3,"Tiny Chest":12,"MealTicket":103,"Kunai":23,"StrikeDummy":7,"Ring of the Snake":0}],"Ring of the Snake":[44]},"card_choices":[{"not_picked":["Calculated Gamble","Reflex"],"picked":"Dagger Spray","floor":1.0},{"not_picked":["Dodge and Roll","Flying Knee"],"picked":"Bouncing Flask","floor":2.0},{"not_picked":["Bane","Slice"],"picked":"PiercingWail","floor":3.0},{"not_picked":["Riddle With Holes","Outmaneuver"],"picked":"Corpse Explosion","floor":5},{"not_picked":["Dagger Throw","Quick Slash"],"picked":"Bouncing Flask","floor":5},{"not_picked":["Outmaneuver","Tactician"],"picked":"Poisoned Stab","floor":5},{"not_picked":["Underhanded Strike","Deadly Poison"],"picked":"Poisoned Stab","floor":5},{"not_picked":["PiercingWail","Backstab","Sucker Punch"],"picked":"SKIP","floor":7},{"not_picked":["PiercingWail","Dagger Spray"],"picked":"Predator","floor":10},{"not_picked":["Eviscerate","Concentrate"],"picked":"Sucker Punch","floor":12},{"not_picked":["Poisoned Stab","Deadly Poison"],"picked":"Escape Plan","floor":14},{"not_picked":["After Image","Wraith Form v2"],"picked":"Burst","floor":16},{"not_picked":["Dagger Throw","Caltrops","Riddle With Holes"],"picked":"SKIP","floor":18},{"not_picked":["Backflip","Flying Knee"],"picked":"Dash","floor":20},{"not_picked":["Night Terror","Concentrate","Calculated Gamble"],"picked":"SKIP","floor":23},{"not_picked":["Prepared","Endless Agony","All Out Attack"],"picked":"SKIP","floor":27},{"not_picked":["Calculated Gamble","Acrobatics"],"picked":"Footwork","floor":30},{"not_picked":["Reflex","Riddle With Holes"],"picked":"Dodge and Roll+1","floor":31},{"not_picked":["Night Terror","Glass Knife"],"picked":"Adrenaline","floor":33},{"not_picked":["Bane+1","Acrobatics","Setup"],"picked":"SKIP","floor":35},{"not_picked":["Slice+1","Poisoned Stab"],"picked":"Acrobatics+1","floor":36},{"not_picked":["Quick Slash+1","Sucker Punch+1"],"picked":"Footwork+1","floor":37},{"not_picked":["Dagger Spray","Doppelganger"],"picked":"Infinite Blades","floor":38},{"not_picked":["Reflex","Prepared"],"picked":"Deflect+1","floor":42},{"not_picked":["Bouncing Flask","Sucker Punch","Caltrops"],"picked":"SKIP","floor":45}],"player_experience":234520,"relics_obtained":[{"floor":7,"key":"StrikeDummy"},{"floor":9,"key":"Ornamental Fan"},{"floor":12,"key":"Bird Faced Urn"},{"floor":14,"key":"Kunai"},{"floor":23,"key":"Centennial Puzzle"},{"floor":25,"key":"Pantograph"},{"floor":26,"key":"Bottled Flame"},{"floor":42,"key":"Tough Bandages"},{"floor":43,"key":"MealTicket"}],"event_choices":[{"damage_healed":0,"gold_gain":75,"player_choice":"Touch","damage_taken":7,"max_hp_gain":0,"max_hp_loss":0,"event_name":"FaceTrader","floor":4,"gold_loss":0},{"damage_healed":0,"gold_gain":0,"player_choice":"Success","damage_taken":7,"relics_obtained":["Tiny Chest"],"max_hp_gain":0,"max_hp_loss":0,"event_name":"Scrap Ooze","floor":11,"gold_loss":0},{"damage_healed":0,"gold_gain":275,"player_choice":"Desecrate","damage_taken":0,"max_hp_gain":0,"max_hp_loss":0,"event_name":"Golden Shrine","floor":19,"gold_loss":0,"cards_obtained":["Regret"]},{"damage_healed":0,"gold_gain":0,"player_choice":"Simplicity","damage_taken":0,"max_hp_gain":0,"max_hp_loss":0,"event_name":"Back to Basics","floor":28,"gold_loss":0,"cards_upgraded":["Strike_G","Strike_G","Strike_G","Strike_G","Strike_G","Defend_G","Defend_G","Defend_G","Defend_G","Defend_G"]},{"damage_healed":0,"gold_gain":0,"player_choice":"Memory 1","damage_taken":0,"max_hp_gain":0,"max_hp_loss":0,"event_name":"SensoryStone","floor":39,"gold_loss":0},{"cards_removed":["Poisoned Stab"],"damage_healed":0,"gold_gain":0,"player_choice":"Removed Attack","damage_taken":0,"max_hp_gain":0,"max_hp_loss":0,"event_name":"Falling","floor":48,"gold_loss":0}],"is_beta":false,"boss_relics":[{"not_picked":["WristBlade","Velvet Choker"],"picked":"SlaversCollar"},{"not_picked":["Philosopher\u0027s Stone","Ring of the Serpent"],"picked":"Cursed Key"}],"items_purged_floors":[22,44],"is_endless":false,"potions_floor_spawned":[1,2,3,10,18,27,33,36],"killed_by":"Donu and Deca","ascension_level":12}}