{"host":"htqwg582tjjtn9p7","time":1608225380,"event":{"mods":["2.2 Compatiblity","AchievementEnabler","Act Like it!","Aspiration","BaseMod","Better Third Choice","Colored Map","Conspire","Curses Come First","Displayed Cursed Tome","Energized Spire","Force Act Four","GifTheSpireLib","Hermit","Highlight Path","JesterMod","Mad Scientist","Minty Spire (QoL Compilation)","Pale of the Ancients","Permanent Neow","Random Character Button","Relic Stats","Replay The Spire","Robot Space Explorer","Somnambulant","Spicy Shops","Spikes Relics","StSLib","Stuff the Spire","The Blue Laboratory","The Disciple","The Dragon Tamer","The Forsaken","The Gatherer","The Judge","The Jungle","The Runesmith","The Servant 0.9.4"],"gold_per_floor":[114,114,114,114,132,132,149,175,200,200,219,263,263,281,281,355,355,365,382,398,39,39,39],"floor_reached":22,"playtime":1040,"items_purged":[],"score":326,"play_id":"1eeee8ce-35ce-4fff-b9e3-e2792ea05bd6","local_time":"20201217181620","is_ascension_mode":true,"campfire_choices":[{"floor":6,"key":"REST"},{"data":"Finisher","floor":10,"key":"SMITH"},{"floor":13,"key":"REST"},{"floor":15,"key":"REST"}],"circlet_count":0,"master_deck":["AscendersBane","Strike_G","Strike_G","Strike_G","Strike_G","Strike_G","Defend_G","Defend_G","Defend_G","Defend_G","Defend_G","Survivor","Neutralize","Hidden Blade","Caltrops","ReplayTheSpireMod:Tripwire","Finisher+1","Dodge and Roll","Hidden Blade","Bouncing Flask","Wraith Form v2","Acrobatics+1","Dagger Throw","Footwork","ReplayTheSpireMod:Scrap Shanks"],"relics":["ReplayTheSpireMod:DimensionalGlitch","Replay:Rubber Ducky","Pantograph","StuffTheSpire:Mouthbags","energizedSpire:DeadBattery","Anchor","CherryCoatedStake"],"acts_visited":["Exordium","TheCity"],"potions_floor_usage":[14,19,22],"damage_taken":[{"damage":4,"enemies":"Small Slimes","floor":1,"turns":4},{"damage":8,"enemies":"2 Louse","floor":5,"turns":3},{"damage":0,"enemies":"Jaw Worm","floor":7,"turns":3},{"damage":32,"enemies":"Lagavulin","floor":8,"turns":10},{"damage":5,"enemies":"Looter","floor":11,"turns":4},{"damage":0,"enemies":"Blue Slaver","floor":14,"turns":4},{"damage":48,"enemies":"The Guardian","floor":16,"turns":16},{"damage":1,"enemies":"Shell Parasite","floor":18,"turns":9},{"damage":8,"enemies":"Spheric Guardian","floor":19,"turns":6},{"damage":16,"enemies":"Centurion and Healer","floor":20,"turns":11},{"damage":0,"enemies":"3 Cultists","floor":22,"turns":2}],"seed_played":"5066759099464323517","potions_obtained":[{"floor":1,"key":"Energy Potion"},{"floor":7,"key":"blueLaboratory:PhilterOfMotion"},{"floor":11,"key":"blueLaboratory:FrostheartPotion"},{"floor":12,"key":"Regen Potion"},{"floor":18,"key":"FearPotion"}],"is_trial":false,"path_per_floor":["M","?","?","?","M","R","M","E","T","R","M","?","R","M","R","B",null,"M","M","M","$","M"],"character_chosen":"THE_SILENT","items_purchased":["ReplayTheSpireMod:Scrap Shanks","Anchor","CherryCoatedStake"],"campfire_rested":3,"item_purchase_floors":[21,21,21],"current_hp_per_floor":[55,55,55,55,47,66,66,34,34,34,29,8,27,34,53,18,54,53,45,29,29,29,29],"gold":39,"neow_bonus":"BOSS_RELIC","is_daily":false,"chose_seed":false,"campfire_upgraded":1,"win_rate":0.0,"timestamp":1608225380,"path_taken":["M","?","?","?","M","R","M","E","T","R","M","?","R","M","R","BOSS","M","M","M","$","M"],"items_purchased_type":["Card","Relic","Relic"],"build_version":"2020-12-13","purchased_purges":0,"victory":false,"max_hp_per_floor":[66,66,66,66,66,66,66,66,66,66,66,66,66,66,66,66,66,66,66,66,66,66,66],"relic_stats":{"counters":[11,72],"Pantograph":13,"obtain_stats":[{"Anchor":21,"StuffTheSpire:Mouthbags":9,"CherryCoatedStake":21,"Pantograph":8,"ReplayTheSpireMod:DimensionalGlitch":0,"energizedSpire:DeadBattery":17,"Ring of the Snake":0,"Replay:Rubber Ducky":2},{"Anchor":10,"StuffTheSpire:Mouthbags":4,"CherryCoatedStake":10,"Pantograph":4,"ReplayTheSpireMod:DimensionalGlitch":0,"energizedSpire:DeadBattery":7,"Ring of the Snake":0,"Replay:Rubber Ducky":1},{"Anchor":70,"StuffTheSpire:Mouthbags":20,"CherryCoatedStake":70,"Pantograph":20,"ReplayTheSpireMod:DimensionalGlitch":0,"energizedSpire:DeadBattery":44,"Ring of the Snake":0,"Replay:Rubber Ducky":4}]},"card_choices":[{"not_picked":["Accuracy","Dodge and Roll"],"picked":"Finisher","floor":1},{"not_picked":["ReplayTheSpireMod:Shiv Toss","Toxin Wave"],"picked":"Hidden Blade","floor":5},{"not_picked":["StuffTheSpire:Python","Toxin Wave"],"picked":"Caltrops","floor":7},{"not_picked":["Venomology","Deadly Poison"],"picked":"ReplayTheSpireMod:Tripwire","floor":8},{"not_picked":["Expertise","Dagger Throw"],"picked":"Dodge and Roll","floor":11},{"not_picked":["Catalyst","PiercingWail"],"picked":"Hidden Blade","floor":12},{"not_picked":["Riddle With Holes","StuffTheSpire:Python"],"picked":"Bouncing Flask","floor":14},{"not_picked":["Doppelganger","A Thousand Cuts"],"picked":"Wraith Form v2","floor":16},{"not_picked":["Prepared","Dagger Throw"],"picked":"Acrobatics+1","floor":18},{"not_picked":["Flying Knee","StuffTheSpire:Injection"],"picked":"Dagger Throw","floor":19},{"not_picked":["Predator","Cloak And Dagger"],"picked":"Footwork","floor":20}],"player_experience":1696536,"relics_obtained":[{"floor":8,"key":"Pantograph"},{"floor":9,"key":"StuffTheSpire:Mouthbags"}],"event_choices":[{"damage_healed":0,"gold_gain":0,"player_choice":"Box","damage_taken":0,"relics_obtained":["Replay:Rubber Ducky"],"max_hp_gain":0,"max_hp_loss":0,"event_name":"Big Fish","floor":2,"gold_loss":0,"cards_obtained":["Regret"]},{"damage_healed":0,"gold_gain":0,"player_choice":"Ignored","damage_taken":114,"max_hp_gain":0,"max_hp_loss":0,"event_name":"betterThird:BetterSerpent","floor":3,"gold_loss":0},{"cards_removed":["Regret"],"damage_healed":0,"gold_gain":0,"player_choice":"Forget","damage_taken":0,"max_hp_gain":0,"max_hp_loss":0,"event_name":"Living Wall","floor":4,"gold_loss":0}],"is_beta":false,"boss_relics":[{"not_picked":["StuffTheSpire:RunicConfusion","theForsaken:PaleLantern"],"picked":"energizedSpire:DeadBattery"}],"items_purged_floors":[],"is_endless":false,"potions_floor_spawned":[1,7,11,18],"killed_by":"3 Cultists","ascension_level":15}}