{"host":"m6aaltr68g9tvoay","time":1608168516,"event":{"mods":["AchievementEnabler","BaseMod","Colored Map","Minty Spire (QoL Compilation)","StSLib"],"gold_per_floor":[109,122,135,150,150,150,163,163,163,181,210,52,52,82,82,82,82],"floor_reached":16,"playtime":577,"items_purged":[],"score":199,"play_id":"95d649e2-8c9b-471c-b229-7acc8747ac2d","local_time":"20201216172836","is_ascension_mode":true,"campfire_choices":[{"data":"Riddle With Holes","floor":6,"key":"SMITH"},{"data":"Blade Dance","floor":8,"key":"SMITH"},{"data":"Cloak And Dagger","floor":15,"key":"SMITH"}],"circlet_count":0,"master_deck":["AscendersBane","Strike_G","Strike_G","Strike_G","Strike_G","Strike_G","Defend_G","Defend_G","Defend_G","Defend_G","Defend_G","Survivor","Neutralize","Flying Knee","Blade Dance+1","PiercingWail","Riddle With Holes+1","Cloak And Dagger+1","Bullet Time","PiercingWail"],"relics":["Ring of the Snake","StrikeDummy","Juzu Bracelet","Vajra","Sundial","Odd Mushroom"],"acts_visited":["Exordium"],"potions_floor_usage":[11,14,16],"damage_taken":[{"damage":1,"enemies":"Cultist","floor":1,"turns":5},{"damage":9,"enemies":"Jaw Worm","floor":2,"turns":4},{"damage":0,"enemies":"Small Slimes","floor":3,"turns":3},{"damage":3,"enemies":"Looter","floor":4,"turns":4},{"damage":16,"enemies":"Exordium Wildlife","floor":7,"turns":4},{"damage":5,"enemies":"Red Slaver","floor":10,"turns":3},{"damage":12,"enemies":"3 Sentries","floor":11,"turns":7},{"damage":0,"enemies":"The Mushroom Lair","floor":14,"turns":3},{"damage":26,"enemies":"Hexaghost","floor":16,"turns":11}],"seed_played":"-5517952950463363722","potions_obtained":[{"floor":2,"key":"LiquidMemories"},{"floor":7,"key":"GamblersBrew"},{"floor":10,"key":"GhostInAJar"},{"floor":14,"key":"BlessingOfTheForge"}],"is_trial":false,"path_per_floor":["M","M","M","M","?","R","M","R","T","M","E","$","T","?","R","B"],"character_chosen":"THE_SILENT","items_purchased":["Vajra"],"campfire_rested":0,"item_purchase_floors":[12],"current_hp_per_floor":[64,55,55,52,57,57,41,41,41,36,24,24,24,24,24,0,0],"gold":82,"neow_bonus":"TEN_PERCENT_HP_BONUS","is_daily":false,"chose_seed":false,"campfire_upgraded":3,"win_rate":0.0,"timestamp":1608168516,"path_taken":["M","M","?","?","?","R","M","R","T","M","E","?","?","?","R","BOSS"],"items_purchased_type":["Relic"],"build_version":"2020-12-13","purchased_purges":0,"victory":false,"max_hp_per_floor":[72,72,72,72,77,77,77,77,77,77,77,77,77,77,77,77,77],"card_choices":[{"not_picked":["Poisoned Stab","Dodge and Roll"],"picked":"Flying Knee","floor":1},{"not_picked":["Dodge and Roll","Flying Knee"],"picked":"Blade Dance","floor":2},{"not_picked":["Choke","Prepared"],"picked":"PiercingWail","floor":3},{"not_picked":["Heel Hook","Bane"],"picked":"Riddle With Holes","floor":4},{"not_picked":["Flying Knee","Concentrate","Calculated Gamble"],"picked":"SKIP","floor":7},{"not_picked":["Slice","Backflip"],"picked":"Cloak And Dagger","floor":10},{"not_picked":["Underhanded Strike","Bane"],"picked":"Bullet Time","floor":11},{"not_picked":["Catalyst","Quick Slash"],"picked":"PiercingWail","floor":14}],"player_experience":1249966,"relics_obtained":[{"floor":9,"key":"StrikeDummy"},{"floor":11,"key":"Juzu Bracelet"},{"floor":13,"key":"Sundial"},{"floor":14,"key":"Odd Mushroom"}],"event_choices":[{"damage_healed":0,"gold_gain":0,"player_choice":"Donut","damage_taken":0,"max_hp_gain":5,"max_hp_loss":0,"event_name":"Big Fish","floor":5,"gold_loss":0},{"damage_healed":0,"gold_gain":0,"player_choice":"Fought Mushrooms","damage_taken":0,"max_hp_gain":0,"max_hp_loss":0,"event_name":"Mushrooms","floor":14,"gold_loss":0}],"is_beta":false,"boss_relics":[],"items_purged_floors":[],"is_endless":false,"potions_floor_spawned":[2,7,10,14],"killed_by":"Hexaghost","ascension_level":19}}