{"host":"7gewg82ormp6yt4e","time":1608215813,"event":{"mods":["BaseMod","Block Reminder","Colored Map","Colored Powertips","DeckTracker","Highlight Path","Minty Spire (QoL Compilation)","Relic Stats","StSLib"],"gold_per_floor":[111,111,16,29,29,65,79,93,93,114,33,33,71,107,107,200,200,225,225,239,263,188,188,240,240,240,282,282,314,332,7,7,109,136,156,156,156,171,198,198,229,238,238,278,278,303,76,94,94,94,94,94,94,41,81,81],"floor_reached":57,"playtime":4426,"items_purged":["Doubt"],"score":2737,"play_id":"6413035d-243c-4967-b20c-5d918f226667","local_time":"20201217233653","is_ascension_mode":true,"campfire_choices":[{"data":"Footwork","floor":12.0,"key":"SMITH"},{"data":"Night Terror","floor":15.0,"key":"SMITH"},{"floor":23.0,"key":"REST"},{"floor":25.0,"key":"REST"},{"floor":28.0,"key":"REST"},{"floor":32.0,"key":"REST"},{"floor":40.0,"key":"RECALL"},{"floor":49.0,"key":"REST"},{"floor":53,"key":"REST"}],"circlet_count":0,"master_deck":["AscendersBane","Defend_G","Defend_G","Defend_G","Survivor","Poisoned Stab","Adrenaline","Footwork+1","Poisoned Stab","Blur","Blur","Dagger Spray","Predator","Leg Sweep","Night Terror+1","Bouncing Flask","Burst","Well Laid Plans","Catalyst","Crippling Poison","PiercingWail","Deadly Poison","Apotheosis","Footwork","Adrenaline","Slice+1","Tactician+1","Backflip","Catalyst","Apotheosis","Deep Breath"],"relics":["Ring of the Snake","NeowsBlessing","Golden Idol","Ninja Scroll","Mango","Odd Mushroom","TungstenRod","Fusion Hammer","CeramicFish","Girya","Pear","Astrolabe","Gremlin Horn","DollysMirror","InkBottle"],"acts_visited":["Exordium","TheCity","TheBeyond","TheEnding"],"potions_floor_usage":[51,56],"damage_taken":[{"damage":0.0,"enemies":"Jaw Worm","floor":1.0,"turns":1.0},{"damage":0.0,"enemies":"Cultist","floor":4.0,"turns":1.0},{"damage":0.0,"enemies":"Gremlin Nob","floor":6.0,"turns":1.0},{"damage":0.0,"enemies":"Small Slimes","floor":7.0,"turns":3.0},{"damage":0.0,"enemies":"Exordium Thugs","floor":8.0,"turns":4.0},{"damage":12.0,"enemies":"3 Louse","floor":10.0,"turns":3.0},{"damage":10.0,"enemies":"The Mushroom Lair","floor":13.0,"turns":6.0},{"damage":5.0,"enemies":"Lagavulin","floor":14.0,"turns":10.0},{"damage":35.0,"enemies":"Slime Boss","floor":16.0,"turns":20.0},{"damage":10.0,"enemies":"Spheric Guardian","floor":18.0,"turns":5.0},{"damage":0.0,"enemies":"3 Byrds","floor":20.0,"turns":5.0},{"damage":21.0,"enemies":"3 Cultists","floor":21.0,"turns":7.0},{"damage":32.0,"enemies":"Slavers","floor":24.0,"turns":9.0},{"damage":17.0,"enemies":"Gremlin Leader","floor":27.0,"turns":6.0},{"damage":1.0,"enemies":"Centurion and Healer","floor":29.0,"turns":8.0},{"damage":11.0,"enemies":"Automaton","floor":33.0,"turns":6.0},{"damage":0.0,"enemies":"Orb Walker","floor":35.0,"turns":4.0},{"damage":10.0,"enemies":"3 Shapes","floor":38.0,"turns":5.0},{"damage":0.0,"enemies":"Transient","floor":39.0,"turns":6.0},{"damage":42.0,"enemies":"Giant Head","floor":41.0,"turns":7.0},{"damage":4.0,"enemies":"Nemesis","floor":44.0,"turns":7.0},{"damage":19.0,"enemies":"4 Shapes","floor":46.0,"turns":7.0},{"damage":52.0,"enemies":"Time Eater","floor":50.0,"turns":7.0},{"damage":20,"enemies":"Awakened One","floor":51,"turns":15},{"damage":58,"enemies":"Shield and Spear","floor":55,"turns":6},{"damage":20,"enemies":"The Heart","floor":56,"turns":7}],"seed_played":"2740819747487155094","potions_obtained":[{"floor":1.0,"key":"BlessingOfTheForge"},{"floor":4.0,"key":"Regen Potion"},{"floor":10.0,"key":"SteroidPotion"},{"floor":13.0,"key":"LiquidBronze"},{"floor":18.0,"key":"Swift Potion"},{"floor":21.0,"key":"DuplicationPotion"},{"floor":24.0,"key":"DistilledChaos"},{"floor":33.0,"key":"FearPotion"},{"floor":38.0,"key":"CunningPotion"},{"floor":39.0,"key":"Dexterity Potion"},{"floor":41.0,"key":"DistilledChaos"}],"is_trial":false,"path_per_floor":["M","?","$","M","?","E","M","M","T","M","$","R","?","E","R","B",null,"M","?","M","M","?","R","E","R","T","E","R","M","?","$","R","B",null,"M","?","?","M","M","R","E","?","T","E","?","M","$","?","R","B","B",null,"R","$","E","B",null],"character_chosen":"THE_SILENT","items_purchased":["Footwork","Poisoned Stab","Leg Sweep","Apotheosis","Footwork","Poison Potion","DollysMirror","PowerPotion"],"campfire_rested":6,"item_purchase_floors":[3,3,11,31,31,31,47,54],"current_hp_per_floor":[59,59,59,59,59,59,59,59,73,61,61,61,65,60,60,25,62,52,52,52,31,31,53,21,43,43,36,61,60,60,60,84,73,81,81,81,84,74,74,74,32,84,84,80,80,61,61,52,77,25,5,64,84,84,26,6],"gold":81,"neow_bonus":"THREE_ENEMY_KILL","is_daily":false,"chose_seed":false,"campfire_upgraded":2,"win_rate":0.0,"timestamp":1608215813,"path_taken":["M","?","$","?","?","E","M","M","T","M","?","R","?","E","R","BOSS","M","?","M","?","?","R","E","R","T","E","R","M","?","$","R","BOSS","M","?","?","M","?","R","E","?","T","E","?","M","$","?","R","BOSS","BOSS","R","$","E","BOSS"],"items_purchased_type":["Card","Card","Card","Card","Card","Potion","Relic","Potion"],"build_version":"2020-12-13","purchased_purges":1,"victory":true,"max_hp_per_floor":[66,66,66,66,60,60,60,60,74,74,74,74,74,74,74,74,74,74,74,74,74,74,74,74,74,74,84,84,84,84,84,84,84,84,84,84,84,84,84,84,84,84,84,84,84,84,84,84,84,84,84,84,84,84,84,84],"relic_stats":{"Gremlin Horn":[7,7],"counters":[26,166],"Golden Idol":200,"CeramicFish":144,"Astrolabe":["Infinite Blades","Slice","Tactician"],"obtain_stats":[{"Girya":26,"Pear":27,"NeowsBlessing":0,"Gremlin Horn":44,"Golden Idol":5,"CeramicFish":24,"Astrolabe":34,"Mango":9,"Odd Mushroom":13,"Ninja Scroll":6,"DollysMirror":47,"Fusion Hammer":17,"TungstenRod":14,"InkBottle":55,"Ring of the Snake":0},{"Girya":13,"Pear":14,"NeowsBlessing":0,"Gremlin Horn":21,"Golden Idol":2,"CeramicFish":13,"Astrolabe":16,"Mango":5,"Odd Mushroom":7,"Ninja Scroll":3,"DollysMirror":22,"Fusion Hammer":9,"TungstenRod":8,"InkBottle":25,"Ring of the Snake":0},{"Girya":75,"Pear":81,"NeowsBlessing":0,"Gremlin Horn":124,"Golden Idol":2,"CeramicFish":75,"Astrolabe":95,"Mango":10,"Odd Mushroom":19,"Ninja Scroll":3,"DollysMirror":131,"Fusion Hammer":49,"TungstenRod":29,"InkBottle":159,"Ring of the Snake":0}],"TungstenRod":70,"InkBottle":[3],"Ring of the Snake":[52]},"card_choices":[{"not_picked":["Finisher","Backstab"],"picked":"Poisoned Stab","floor":1.0},{"not_picked":["Deflect","Dodge and Roll"],"picked":"Blur","floor":4.0},{"not_picked":["Underhanded Strike","Heel Hook"],"picked":"Blur","floor":6.0},{"not_picked":["Dagger Throw","Blade Dance"],"picked":"Dagger Spray","floor":7.0},{"not_picked":["Flying Knee","Dodge and Roll"],"picked":"Predator","floor":8.0},{"not_picked":["Dodge and Roll","Heel Hook","Endless Agony"],"picked":"SKIP","floor":10.0},{"not_picked":["Slice","Reflex"],"picked":"Night Terror","floor":13.0},{"not_picked":["Acrobatics","Grand Finale"],"picked":"Bouncing Flask","floor":14.0},{"not_picked":["Storm of Steel","Doppelganger"],"picked":"Burst","floor":16.0},{"not_picked":["Choke","Poisoned Stab","Outmaneuver"],"picked":"SKIP","floor":18.0},{"not_picked":["Cloak And Dagger","Deflect","Slice"],"picked":"SKIP","floor":20.0},{"not_picked":["Backflip","Blade Dance"],"picked":"Well Laid Plans","floor":21.0},{"not_picked":["Poisoned Stab","Tactician"],"picked":"Catalyst","floor":24.0},{"not_picked":["Concentrate","Bouncing Flask"],"picked":"Crippling Poison","floor":27.0},{"not_picked":["Poisoned Stab","Phantasmal Killer"],"picked":"PiercingWail","floor":29.0},{"not_picked":["Corpse Explosion","A Thousand Cuts"],"picked":"Adrenaline","floor":33.0},{"not_picked":["Underhanded Strike","Reflex","Choke"],"picked":"SKIP","floor":35.0},{"not_picked":["Predator+1","Choke","Bane"],"picked":"SKIP","floor":38.0},{"not_picked":["Setup","Dash"],"picked":"Backflip","floor":39.0},{"not_picked":["Cloak And Dagger+1","Quick Slash","Unload"],"picked":"SKIP","floor":41.0},{"not_picked":["Bane","Riddle With Holes","Masterful Stab"],"picked":"SKIP","floor":44.0},{"not_picked":["Masterful Stab","Sucker Punch","Flying Knee"],"picked":"SKIP","floor":46.0},{"not_picked":["Impatience","Dark Shackles"],"picked":"Apotheosis","floor":48.0},{"not_picked":["Chrysalis","Mayhem"],"picked":"Deep Breath","floor":48.0},{"not_picked":["Noxious Fumes","Choke","Deflect"],"picked":"SKIP","floor":55}],"player_experience":2386573,"relics_obtained":[{"floor":6.0,"key":"Ninja Scroll"},{"floor":9.0,"key":"Mango"},{"floor":13.0,"key":"Odd Mushroom"},{"floor":14.0,"key":"TungstenRod"},{"floor":24.0,"key":"CeramicFish"},{"floor":26.0,"key":"Girya"},{"floor":27.0,"key":"Pear"},{"floor":44.0,"key":"Gremlin Horn"},{"floor":55,"key":"InkBottle"}],"event_choices":[{"damage_healed":0.0,"max_hp_gain":0.0,"max_hp_loss":0.0,"gold_gain":0.0,"cards_transformed":["Strike_G"],"event_name":"Transmorgrifier","player_choice":"Transformed","floor":2.0,"gold_loss":0.0,"damage_taken":0.0,"cards_obtained":["Adrenaline"]},{"damage_healed":0.0,"max_hp_gain":0.0,"max_hp_loss":6.0,"gold_gain":0.0,"event_name":"Golden Idol","player_choice":"Lose Max HP","floor":5.0,"gold_loss":0.0,"damage_taken":0.0,"relics_obtained":["Golden Idol"]},{"damage_healed":0.0,"max_hp_gain":0.0,"max_hp_loss":0.0,"gold_gain":0.0,"event_name":"Mushrooms","player_choice":"Fought Mushrooms","floor":13.0,"gold_loss":0.0,"damage_taken":0.0},{"cards_removed":["Strike_G"],"damage_healed":0.0,"max_hp_gain":0.0,"max_hp_loss":0.0,"gold_gain":0.0,"event_name":"Wheel of Change","player_choice":"Card Removal","floor":19.0,"gold_loss":0.0,"damage_taken":0.0},{"cards_removed":["Strike_G"],"damage_healed":0.0,"max_hp_gain":0.0,"max_hp_loss":0.0,"gold_gain":0.0,"event_name":"Beggar","player_choice":"Gave Gold","floor":22.0,"gold_loss":75.0,"damage_taken":0.0},{"damage_healed":0.0,"max_hp_gain":0.0,"max_hp_loss":0.0,"gold_gain":0.0,"cards_transformed":["Strike_G","Strike_G"],"event_name":"Drug Dealer","player_choice":"Became Test Subject","floor":30.0,"gold_loss":0.0,"damage_taken":0.0,"cards_obtained":["Deadly Poison","Outmaneuver"]},{"damage_healed":0.0,"max_hp_gain":0.0,"max_hp_loss":0.0,"gold_gain":0.0,"event_name":"Mysterious Sphere","player_choice":"Ignored","floor":36.0,"gold_loss":0.0,"damage_taken":0.0},{"cards_removed":["Infinite Blades"],"damage_healed":3.0,"max_hp_gain":0.0,"max_hp_loss":0.0,"gold_gain":0.0,"event_name":"Bonfire Elementals","player_choice":"Offered Uncommon","floor":37.0,"gold_loss":0.0,"damage_taken":0.0},{"damage_healed":52.0,"max_hp_gain":0.0,"max_hp_loss":0.0,"gold_gain":0.0,"event_name":"MindBloom","player_choice":"Heal","floor":42.0,"gold_loss":0.0,"damage_taken":0.0,"cards_obtained":["Doubt"]},{"cards_removed":["Neutralize"],"damage_healed":0.0,"max_hp_gain":0.0,"max_hp_loss":0.0,"gold_gain":0.0,"event_name":"Falling","player_choice":"Removed Attack","floor":45.0,"gold_loss":0.0,"damage_taken":0.0},{"damage_healed":0.0,"max_hp_gain":0.0,"max_hp_loss":0.0,"gold_gain":0.0,"event_name":"SensoryStone","player_choice":"Memory 3","floor":48.0,"gold_loss":0.0,"damage_taken":10.0}],"is_beta":false,"boss_relics":[{"not_picked":["Ectoplasm","Ring of the Serpent"],"picked":"Fusion Hammer"},{"not_picked":["Snecko Eye","Pandora\u0027s Box"],"picked":"Astrolabe"}],"items_purged_floors":[47],"is_endless":false,"potions_floor_spawned":[1,4,10,13,18,21,24,33,38,39,41],"ascension_level":20}}