{"host":"d8hh7rr4yzitjeuj","time":1608185698,"event":{"mods":["2.2 Compatiblity","AchievementEnabler","BaseMod","CapriCore","Colored Map","Colored Powertips","Highlight Path","Keyboard Shortcuts","Minty Spire (QoL Compilation)","Permanent Neow","Quick Restart","StSLib","SuperFastMode"],"gold_per_floor":[109,120,120,136,136,136,156,156,156,171,190,207,207,217,217,295,295,312,62,72,90,90,90],"floor_reached":22,"playtime":804,"items_purged":["Strike_B"],"score":364,"play_id":"37d74641-daac-45b1-802c-f0c4dfce42cd","local_time":"20201217151458","is_ascension_mode":true,"campfire_choices":[{"data":"Dualcast","floor":6,"key":"SMITH"},{"data":"Barrage","floor":8,"key":"SMITH"},{"data":"Loop","floor":15,"key":"SMITH"}],"circlet_count":0,"master_deck":["AscendersBane","Strike_B","Defend_B","Defend_B","Defend_B","Zap+1","Dualcast+1","Ball Lightning","Rebound","Cold Snap","Barrage+1","Go for the Eyes","Hello World","Loop+1","Self Repair","Electrodynamics","BootSequence+1","Echo Form+1","Self Repair+1","Consume","Panacea","Static Discharge","Capacitor"],"relics":["Coffee Dripper","Bottled Flame","Singing Bowl","Astrolabe"],"acts_visited":["Exordium","TheCity"],"potions_floor_usage":[14,16,16,21,22],"damage_taken":[{"damage":4,"enemies":"2 Louse","floor":1,"turns":3},{"damage":2,"enemies":"Jaw Worm","floor":2,"turns":3},{"damage":0,"enemies":"Cultist","floor":4,"turns":3},{"damage":9,"enemies":"Looter","floor":7,"turns":3},{"damage":7,"enemies":"Red Slaver","floor":10,"turns":2},{"damage":1,"enemies":"Blue Slaver","floor":11,"turns":3},{"damage":0,"enemies":"Exordium Wildlife","floor":12,"turns":2},{"damage":3,"enemies":"Gremlin Gang","floor":14,"turns":2},{"damage":19,"enemies":"The Guardian","floor":16,"turns":8},{"damage":15,"enemies":"2 Thieves","floor":18,"turns":5},{"damage":20,"enemies":"Spheric Guardian","floor":20,"turns":4},{"damage":34,"enemies":"Chosen and Byrds","floor":21,"turns":6},{"damage":64,"enemies":"3 Cultists","floor":22,"turns":4}],"seed_played":"2169273142003633886","potions_obtained":[{"floor":2,"key":"Weak Potion"},{"floor":12,"key":"PowerPotion"},{"floor":14,"key":"FocusPotion"},{"floor":16,"key":"GamblersBrew"},{"floor":18,"key":"Regen Potion"}],"is_trial":false,"path_per_floor":["M","M","?","M","?","R","M","R","T","M","M","M","T","M","R","B",null,"M","$","M","M","M"],"character_chosen":"DEFECT","items_purchased":["Panacea","Static Discharge"],"campfire_rested":0,"item_purchase_floors":[19,19],"current_hp_per_floor":[60,58,58,58,58,58,49,49,49,42,41,41,41,38,38,26,60,62,62,42,49,0,0],"gold":90,"neow_bonus":"BOSS_RELIC","is_daily":false,"chose_seed":false,"campfire_upgraded":3,"win_rate":0.0,"timestamp":1608185698,"path_taken":["M","M","?","M","?","R","M","R","T","M","M","M","?","M","R","BOSS","M","$","M","M","M"],"items_purchased_type":["Card","Card"],"build_version":"2020-12-13","purchased_purges":1,"victory":false,"max_hp_per_floor":[71,71,71,71,71,71,71,71,71,71,71,71,71,71,71,71,71,71,71,71,73,73,73],"card_choices":[{"not_picked":["Rip and Tear","Rebound"],"picked":"Ball Lightning","floor":1},{"not_picked":["Heatsinks","Hologram"],"picked":"Rebound","floor":2},{"not_picked":["Turbo","Aggregate"],"picked":"Cold Snap","floor":4},{"not_picked":["Turbo","Beam Cell"],"picked":"Barrage","floor":7},{"not_picked":["FTL","Stack"],"picked":"Go for the Eyes","floor":10},{"not_picked":["Go for the Eyes","Hyperbeam"],"picked":"Hello World","floor":11},{"not_picked":["Melter","Static Discharge"],"picked":"Loop","floor":12},{"not_picked":["Rebound","Ball Lightning"],"picked":"Self Repair","floor":14},{"not_picked":["Biased Cognition","Seek"],"picked":"Electrodynamics","floor":16},{"not_picked":["Gash","Skim"],"picked":"Consume","floor":18},{"not_picked":["Rebound","Rip and Tear"],"picked":"Capacitor","floor":20},{"not_picked":["Hologram","Compile Driver","Ball Lightning+1"],"picked":"Singing Bowl","floor":21}],"player_experience":1350889,"relics_obtained":[{"floor":9,"key":"Bottled Flame"},{"floor":13,"key":"Singing Bowl"}],"event_choices":[{"damage_healed":0,"gold_gain":0,"player_choice":"Ignored","damage_taken":0,"max_hp_gain":0,"max_hp_loss":0,"event_name":"Shining Light","floor":3,"gold_loss":0},{"damage_healed":0,"gold_gain":0,"player_choice":"Grow","damage_taken":0,"max_hp_gain":0,"max_hp_loss":0,"event_name":"Living Wall","floor":5,"gold_loss":0,"cards_upgraded":["Zap"]}],"is_beta":false,"boss_relics":[{"not_picked":["Tiny House","Busted Crown"],"picked":"Astrolabe"}],"items_purged_floors":[19],"is_endless":false,"potions_floor_spawned":[2,12,14,16,18,20],"killed_by":"3 Cultists","ascension_level":20}}