{"host":"63rwe7p34ct1i0qu","time":1608182834,"event":{"mods":["BaseMod","DeckTracker","Minty Spire (QoL Compilation)","Permanent Neow","Quick Restart","StSLib"],"gold_per_floor":[113,113,113,113,124,124,134,166,213,226,251,265,278,297,297,397,397,409,427,438,11,11,11,37,54,54,68,87,12,111,124,124,220,220,239,250,250,250],"floor_reached":37,"playtime":1017,"items_purged":["Strike_R"],"score":570,"play_id":"23cb6cb5-806f-4349-a693-fc7710b64237","local_time":"20201217142714","is_ascension_mode":true,"campfire_choices":[{"data":"Bash","floor":6.0,"key":"SMITH"},{"floor":15.0,"key":"REST"},{"data":"Demon Form","floor":23.0,"key":"SMITH"},{"floor":32.0,"key":"REST"}],"circlet_count":0,"master_deck":["Strike_R","Strike_R+1","Strike_R","Strike_R+1","Defend_R","Defend_R","Defend_R","Defend_R","Bash+1","Fire Breathing","Cleave","Shrug It Off","Sword Boomerang","Pummel","Demon Form+1","Sword Boomerang","Barricade","Evolve+1","Body Slam+1","Demon Form","Feed","Entrench+1"],"relics":["Burning Blood","InkBottle","Potion Belt","Pantograph","Vajra","Snecko Eye","Brimstone","Bag of Preparation","Nloth\u0027s Gift","Akabeko","Sundial","Black Star"],"acts_visited":["Exordium","TheCity","TheBeyond"],"potions_floor_usage":[],"damage_taken":[{"damage":10.0,"enemies":"Small Slimes","floor":1.0,"turns":4.0},{"damage":2.0,"enemies":"Jaw Worm","floor":5.0,"turns":3.0},{"damage":0.0,"enemies":"2 Louse","floor":7.0,"turns":2.0},{"damage":30.0,"enemies":"Lagavulin","floor":8.0,"turns":6.0},{"damage":16.0,"enemies":"Looter","floor":10.0,"turns":4.0},{"damage":17.0,"enemies":"3 Sentries","floor":11.0,"turns":5.0},{"damage":10.0,"enemies":"Red Slaver","floor":12.0,"turns":4.0},{"damage":0.0,"enemies":"Large Slime","floor":13.0,"turns":3.0},{"damage":5.0,"enemies":"3 Louse","floor":14.0,"turns":2.0},{"damage":61.0,"enemies":"Slime Boss","floor":16.0,"turns":11.0},{"damage":5.0,"enemies":"2 Thieves","floor":18.0,"turns":3.0},{"damage":12.0,"enemies":"Chosen","floor":19.0,"turns":3.0},{"damage":19.0,"enemies":"Snake Plant","floor":20.0,"turns":3.0},{"damage":39.0,"enemies":"Gremlin Leader","floor":24.0,"turns":4.0},{"damage":8.0,"enemies":"3 Cultists","floor":25.0,"turns":3.0},{"damage":2.0,"enemies":"Snecko","floor":27.0,"turns":3.0},{"damage":19.0,"enemies":"Snake Plant","floor":28.0,"turns":3.0},{"damage":0.0,"enemies":"Shelled Parasite and Fungi","floor":31.0,"turns":1.0},{"damage":21.0,"enemies":"Collector","floor":33.0,"turns":3.0},{"damage":40.0,"enemies":"3 Shapes","floor":35.0,"turns":4.0},{"damage":38.0,"enemies":"3 Darklings","floor":36.0,"turns":4.0},{"damage":0,"enemies":"Sphere and 2 Shapes","floor":37,"turns":1}],"seed_played":"-2502277606270610072","potions_obtained":[{"floor":1.0,"key":"PowerPotion"},{"floor":7.0,"key":"BloodPotion"},{"floor":10.0,"key":"AttackPotion"},{"floor":16.0,"key":"Block Potion"},{"floor":24.0,"key":"EssenceOfSteel"},{"floor":25.0,"key":"SpeedPotion"},{"floor":28.0,"key":"DistilledChaos"},{"floor":35.0,"key":"GamblersBrew"}],"is_trial":false,"path_per_floor":["M","?","T","?","M","R","M","E","T","M","E","M","M","M","R","B",null,"M","M","M","$","?","R","E","M","T","M","M","$","?","M","R","B",null,"M","M","M"],"character_chosen":"IRONCLAD","items_purchased":["Barricade","Brimstone","Bag of Preparation"],"campfire_rested":2,"item_purchase_floors":[21,21,21],"current_hp_per_floor":[76,58,58,40,44,44,67,43,43,33,22,18,24,25,51,21,71,72,66,53,53,53,53,20,18,18,22,9,9,9,15,41,51,79,45,13,13,13],"gold":250,"neow_bonus":"TEN_PERCENT_HP_BONUS","is_daily":false,"chose_seed":false,"campfire_upgraded":2,"win_rate":0.0,"timestamp":1608182834,"path_taken":["M","?","?","?","M","R","M","E","T","M","E","M","M","M","R","BOSS","M","M","M","$","?","R","E","M","T","?","M","$","?","M","R","BOSS","M","M","M"],"items_purchased_type":["Card","Relic","Relic"],"build_version":"2020-12-13","purchased_purges":1,"victory":false,"max_hp_per_floor":[88,88,88,88,88,88,88,88,88,88,88,88,88,88,88,88,88,88,88,88,88,88,88,88,88,88,88,88,88,88,88,88,88,88,88,88,88,88],"card_choices":[{"not_picked":["Combust","Perfected Strike"],"picked":"Fire Breathing","floor":1.0},{"not_picked":["Body Slam","Spot Weakness"],"picked":"Cleave","floor":5.0},{"not_picked":["Armaments","Perfected Strike","Sentinel"],"picked":"SKIP","floor":7.0},{"not_picked":["Seeing Red","Combust","Feel No Pain"],"picked":"SKIP","floor":8.0},{"not_picked":["Metallicize","Clothesline"],"picked":"Shrug It Off","floor":10.0},{"not_picked":["Warcry","Heavy Blade"],"picked":"Sword Boomerang","floor":11.0},{"not_picked":["True Grit","Barricade","Warcry"],"picked":"SKIP","floor":12.0},{"not_picked":["Sever Soul","Clash","Warcry"],"picked":"SKIP","floor":13.0},{"not_picked":["Twin Strike","Pommel Strike"],"picked":"Pummel","floor":14.0},{"not_picked":["Barricade","Offering"],"picked":"Demon Form","floor":16.0},{"not_picked":["Clothesline","Twin Strike"],"picked":"Sword Boomerang","floor":18.0},{"not_picked":["Pommel Strike+1","Perfected Strike","Iron Wave"],"picked":"SKIP","floor":19.0},{"not_picked":["Warcry","Havoc+1","Metallicize+1"],"picked":"SKIP","floor":20.0},{"not_picked":["Perfected Strike+1","Bludgeon","Hemokinesis+1"],"picked":"SKIP","floor":24.0},{"not_picked":["Flex","Intimidate"],"picked":"Evolve+1","floor":25.0},{"not_picked":["Perfected Strike","Shrug It Off"],"picked":"Body Slam+1","floor":27.0},{"not_picked":["Sever Soul","Disarm"],"picked":"Demon Form","floor":28.0},{"not_picked":["Anger","Carnage","Dropkick"],"picked":"SKIP","floor":31.0},{"not_picked":["Exhume","Berserk"],"picked":"Feed","floor":33.0},{"not_picked":["Reckless Charge","Clash+1","Hemokinesis"],"picked":"SKIP","floor":35.0},{"not_picked":["Havoc+1","Sword Boomerang"],"picked":"Entrench+1","floor":36.0}],"player_experience":782459,"relics_obtained":[{"floor":3.0,"key":"InkBottle"},{"floor":8.0,"key":"Pantograph"},{"floor":9.0,"key":"Juzu Bracelet"},{"floor":11.0,"key":"Vajra"},{"floor":24.0,"key":"Akabeko"},{"floor":26.0,"key":"Sundial"}],"event_choices":[{"damage_healed":0.0,"max_hp_gain":0.0,"max_hp_loss":0.0,"gold_gain":0.0,"event_name":"Shining Light","player_choice":"Entered Light","floor":2.0,"gold_loss":0.0,"damage_taken":18.0,"cards_upgraded":["Strike_R","Strike_R"]},{"damage_healed":0.0,"max_hp_gain":0.0,"max_hp_loss":0.0,"gold_gain":0.0,"event_name":"Scrap Ooze","player_choice":"Success","floor":4.0,"gold_loss":0.0,"damage_taken":18.0,"relics_obtained":["Potion Belt"]},{"damage_healed":0.0,"max_hp_gain":0.0,"max_hp_loss":0.0,"gold_gain":0.0,"event_name":"N\u0027loth","player_choice":"Traded Relic","floor":22.0,"relics_lost":["Juzu Bracelet"],"gold_loss":0.0,"damage_taken":0.0,"relics_obtained":["Nloth\u0027s Gift"]},{"damage_healed":0.0,"max_hp_gain":0.0,"max_hp_loss":0.0,"gold_gain":99.0,"event_name":"Nest","player_choice":"Stole From Cult","floor":30.0,"gold_loss":0.0,"damage_taken":0.0}],"is_beta":false,"boss_relics":[{"not_picked":["Black Blood","Fusion Hammer"],"picked":"Snecko Eye"},{"not_picked":["Sozu","Busted Crown"],"picked":"Black Star"}],"items_purged_floors":[29],"is_endless":false,"potions_floor_spawned":[1,7,10,16,24,25,28,35],"killed_by":"Sphere and 2 Shapes","ascension_level":8}}