{"host":"1c52r9kaxdyo25eq","time":1608227582,"event":{"mods":["AchievementEnabler","BaseMod","Minty Spire (QoL Compilation)","Rare Cards Sparkle","SuperFastMode","everything is the same but u backflip on backflip"],"gold_per_floor":[116,116,191,191,39,39,66,66,90,105,105,118,147,66,66,169,169,181,106,106,106,106],"floor_reached":21,"playtime":598,"items_purged":["Strike_R"],"score":260,"play_id":"c648e3f1-a1ad-4aa0-9ea7-87173e73db76","local_time":"20201218025302","is_ascension_mode":true,"campfire_choices":[{"data":"Dropkick","floor":6.0,"key":"SMITH"},{"data":"Bash","floor":8.0,"key":"SMITH"},{"data":"True Grit","floor":15.0,"key":"SMITH"}],"circlet_count":0,"master_deck":["Strike_R+1","Strike_R","Strike_R","Defend_R+1","Defend_R","Defend_R","Defend_R","Bash+1","Dropkick+1","Dual Wield","Pommel Strike","True Grit+1","Dark Embrace+1","Feel No Pain+1"],"relics":["Black Blood","NeowsBlessing","Dream Catcher","Bag of Preparation","Frozen Egg 2"],"acts_visited":["Exordium","TheCity"],"potions_floor_usage":[18,20,21],"damage_taken":[{"damage":0.0,"enemies":"Jaw Worm","floor":1.0,"turns":1.0},{"damage":0.0,"enemies":"3 Sentries","floor":7.0,"turns":1.0},{"damage":0.0,"enemies":"2 Louse","floor":10.0,"turns":1.0},{"damage":10.0,"enemies":"Small Slimes","floor":12.0,"turns":3.0},{"damage":8.0,"enemies":"Gremlin Nob","floor":13.0,"turns":3.0},{"damage":44.0,"enemies":"The Guardian","floor":16.0,"turns":12.0},{"damage":43,"enemies":"3 Byrds","floor":18,"turns":8},{"damage":22,"enemies":"2 Thieves","floor":19,"turns":5},{"damage":47,"enemies":"Sentry and Sphere","floor":21,"turns":8}],"seed_played":"-3789942343971759786","potions_obtained":[{"floor":1.0,"key":"FearPotion"},{"floor":7.0,"key":"FairyPotion"},{"floor":12.0,"key":"Energy Potion"},{"floor":18,"key":"BlessingOfTheForge"},{"floor":20,"key":"Fruit Juice"},{"floor":20,"key":"DistilledChaos"}],"is_trial":false,"path_per_floor":["M","?","?","?","$","R","E","R","T","M","?","M","E","$","R","B",null,"M","M","?","M"],"character_chosen":"IRONCLAD","items_purchased":["Dual Wield","Dark Embrace+1"],"campfire_rested":0,"item_purchase_floors":[5,14],"current_hp_per_floor":[80,73,62,46,46,46,52,52,52,58,58,54,52,52,52,14,64,33,23,28,6,6],"gold":106,"neow_bonus":"THREE_ENEMY_KILL","is_daily":false,"chose_seed":false,"campfire_upgraded":3,"win_rate":0.0,"timestamp":1608227582,"path_taken":["M","?","?","?","$","R","E","R","T","M","?","?","E","$","R","BOSS","M","M","?","?"],"items_purchased_type":["Card","Card"],"build_version":"2020-12-13","purchased_purges":1,"victory":false,"max_hp_per_floor":[80,80,80,80,80,80,80,80,80,80,80,80,80,80,80,80,80,80,80,85,85,85],"card_choices":[{"not_picked":["Headbutt","Clash"],"picked":"Dropkick","floor":1.0},{"not_picked":["Sword Boomerang","Clash","Cleave"],"picked":"SKIP","floor":7.0},{"not_picked":["Anger","Flex"],"picked":"Pommel Strike","floor":10.0},{"not_picked":["Wild Strike","Headbutt","Disarm"],"picked":"SKIP","floor":12.0},{"not_picked":["Thunderclap","Ghostly Armor"],"picked":"True Grit","floor":13.0},{"not_picked":["True Grit","Sentinel+1","Hemokinesis"],"picked":"SKIP","floor":18},{"not_picked":["Havoc","Hemokinesis+1"],"picked":"Feel No Pain+1","floor":19}],"player_experience":493037,"relics_obtained":[{"floor":7.0,"key":"Dream Catcher"},{"floor":9.0,"key":"Bag of Preparation"},{"floor":13.0,"key":"Frozen Egg 2"}],"event_choices":[{"cards_removed":["Strike_R"],"damage_healed":0.0,"max_hp_gain":0.0,"max_hp_loss":0.0,"gold_gain":0.0,"event_name":"Golden Wing","player_choice":"Card Removal","floor":2.0,"gold_loss":0.0,"damage_taken":7.0},{"damage_healed":0.0,"max_hp_gain":0.0,"max_hp_loss":0.0,"gold_gain":75.0,"event_name":"World of Goop","player_choice":"Gather Gold","floor":3.0,"gold_loss":0.0,"damage_taken":11.0},{"damage_healed":0.0,"max_hp_gain":0.0,"max_hp_loss":0.0,"gold_gain":0.0,"event_name":"Shining Light","player_choice":"Entered Light","floor":4.0,"gold_loss":0.0,"damage_taken":16.0,"cards_upgraded":["Defend_R","Strike_R"]},{"damage_healed":0.0,"max_hp_gain":0.0,"max_hp_loss":0.0,"gold_gain":0.0,"event_name":"Liars Game","player_choice":"Ignored","floor":11.0,"gold_loss":0.0,"damage_taken":0.0},{"damage_healed":0,"gold_gain":0,"player_choice":"Got Potions","damage_taken":0,"max_hp_gain":0,"max_hp_loss":0,"event_name":"Lab","floor":20,"gold_loss":0}],"is_beta":false,"boss_relics":[{"not_picked":["Ectoplasm","SlaversCollar"],"picked":"Black Blood"}],"items_purged_floors":[5],"is_endless":false,"potions_floor_spawned":[1,7,12,18],"killed_by":"Sentry and Sphere","ascension_level":5}}