{"host":"szp1d6dso4pv7ddl","time":1608241698,"event":{"mods":["AchievementEnabler","Alarm Clock","BaseMod","Bestiary","Block Reminder","Colored Map","Colored Powertips","Curses Come First","Displayed Cursed Tome","Highlight Path","Minty Spire (QoL Compilation)","Permanent Neow","Quick Restart","Relic Stats","StSLib"],"gold_per_floor":[118,138,155,155,172,172,184,184,184,184,103,123,123,123,123],"floor_reached":14,"playtime":465,"items_purged":[],"score":127,"play_id":"0ba61816-3791-4625-9569-407450253fd1","local_time":"20201217134818","is_ascension_mode":true,"campfire_choices":[{"floor":6,"key":"REST"},{"data":"Blood for Blood","floor":8,"key":"SMITH"},{"data":"Berserk","floor":10,"key":"SMITH"}],"circlet_count":0,"master_deck":["AscendersBane","Strike_R","Strike_R","Strike_R","Strike_R","Strike_R","Defend_R","Defend_R","Defend_R+1","Bash","Sword Boomerang","Blood for Blood+1","Berserk+1","Dropkick","Sword Boomerang+1","Sever Soul","Dropkick"],"relics":["Burning Blood","Torii"],"acts_visited":["Exordium"],"potions_floor_usage":[14,14],"damage_taken":[{"damage":10,"enemies":"Cultist","floor":1,"turns":4},{"damage":12,"enemies":"Small Slimes","floor":2,"turns":4},{"damage":16,"enemies":"2 Louse","floor":3,"turns":3},{"damage":28,"enemies":"Exordium Thugs","floor":5,"turns":5},{"damage":28,"enemies":"Blue Slaver","floor":7,"turns":3},{"damage":21,"enemies":"3 Louse","floor":12,"turns":3},{"damage":12,"enemies":"Gremlin Nob","floor":14,"turns":2}],"seed_played":"-19730142462495113","potions_obtained":[{"floor":0,"key":"Fire Potion"},{"floor":0,"key":"Weak Potion"}],"is_trial":false,"path_per_floor":["M","M","M","?","M","R","M","R","T","R","$","M","?","E"],"character_chosen":"IRONCLAD","items_purchased":["Sever Soul"],"campfire_rested":1,"item_purchase_floors":[11],"current_hp_per_floor":[68,62,52,52,30,54,32,32,32,32,32,17,1,0,0],"gold":123,"neow_bonus":"THREE_SMALL_POTIONS","is_daily":false,"chose_seed":false,"campfire_upgraded":2,"win_rate":0.0,"timestamp":1608241698,"path_taken":["M","?","M","?","M","R","M","R","T","R","$","M","?","E"],"items_purchased_type":["Card"],"build_version":"2020-12-13","purchased_purges":0,"victory":false,"max_hp_per_floor":[80,80,80,80,80,80,80,80,80,80,80,80,80,80,80],"relic_stats":{"Torii":0,"counters":[7,24],"obtain_stats":[{"Torii":9,"Burning Blood":0},{"Torii":5,"Burning Blood":0},{"Torii":19,"Burning Blood":0}],"Burning Blood":36},"card_choices":[{"not_picked":["Flex","Fire Breathing"],"picked":"Sword Boomerang","floor":1},{"not_picked":["True Grit","Combust","Evolve"],"picked":"SKIP","floor":2},{"not_picked":["Sentinel","Metallicize"],"picked":"Blood for Blood","floor":3},{"not_picked":["Wild Strike","Armaments"],"picked":"Dropkick","floor":5},{"not_picked":["Blood for Blood","Inflame"],"picked":"Sword Boomerang","floor":7},{"not_picked":["Thunderclap","Iron Wave"],"picked":"Dropkick","floor":12}],"player_experience":969369,"relics_obtained":[{"floor":9,"key":"Torii"}],"event_choices":[{"damage_healed":0,"gold_gain":0,"cards_transformed":["Defend_R"],"player_choice":"Change","damage_taken":0,"max_hp_gain":0,"max_hp_loss":0,"event_name":"Living Wall","floor":4,"gold_loss":0,"cards_obtained":["Berserk"]},{"damage_healed":0,"gold_gain":0,"player_choice":"Entered Light","damage_taken":16,"max_hp_gain":0,"max_hp_loss":0,"event_name":"Shining Light","floor":13,"gold_loss":0,"cards_upgraded":["Sword Boomerang","Defend_R"]}],"is_beta":false,"boss_relics":[],"items_purged_floors":[],"is_endless":false,"potions_floor_spawned":[1,3,7,12],"killed_by":"Gremlin Nob","ascension_level":11}}