{"host":"6n0q4j9kl9hs27he","time":1608244926,"event":{"mods":["BaseMod","Downfall","Minty Spire (QoL Compilation)","StSLib"],"gold_per_floor":[14,34,54,74,74,100,100,134,202,40,40,59,87,105,105,204,204,189,42,60,80,80,80,80],"floor_reached":23,"playtime":1227,"items_purged":["Blur"],"score":213,"play_id":"0678b719-015f-4ea8-9624-984080b5804b","local_time":"20201217144206","is_ascension_mode":false,"campfire_choices":[{"data":"Adrenaline","floor":7,"key":"SMITH"},{"data":"Neutralize","floor":11,"key":"SMITH"},{"floor":15,"key":"REST"}],"circlet_count":0,"master_deck":["Strike_G","Strike_G","Strike_G","Strike_G","Strike_G","Defend_G","Defend_G","Defend_G","Defend_G","Defend_G","Survivor","Neutralize+1","Adrenaline+1","PiercingWail","Poisoned Stab","Riddle With Holes","Deadly Poison","Tools of the Trade","Catalyst","Backflip","Bane","Poisoned Stab","Bouncing Flask","Night Terror","Caltrops","Leg Sweep","Bane+1","Footwork+1"],"relics":["Ring of the Snake","Peace Pipe","Calipers","Meat on the Bone","Regal Pillow","Sozu","MutagenicStrength"],"acts_visited":["Exordium","TheCity"],"potions_floor_usage":[6,13,16,16,23],"damage_taken":[{"damage":1,"enemies":"Cultist","floor":1,"turns":4},{"damage":7,"enemies":"Jaw Worm","floor":2,"turns":7},{"damage":2,"enemies":"2 Louse","floor":3,"turns":2},{"damage":8,"enemies":"Exordium Wildlife","floor":4,"turns":5},{"damage":21,"enemies":"3 Sentries","floor":6,"turns":9},{"damage":12,"enemies":"Lagavulin","floor":8,"turns":6},{"damage":5,"enemies":"Exordium Thugs","floor":12,"turns":7},{"damage":4,"enemies":"Gremlin Nob","floor":13,"turns":4},{"damage":5,"enemies":"Lots of Slimes","floor":14,"turns":5},{"damage":5,"enemies":"Hexaghost","floor":16,"turns":6},{"damage":5,"enemies":"2 Thieves","floor":18,"turns":4},{"damage":0,"enemies":"Shell Parasite","floor":20,"turns":4},{"damage":5,"enemies":"Cultist and Chosen","floor":21,"turns":6},{"damage":69,"enemies":"Slavers","floor":23,"turns":6}],"seed_played":"-8376249528304234278","potions_obtained":[{"floor":2,"key":"SpeedPotion"},{"floor":6,"key":"Energy Potion"},{"floor":12,"key":"Block Potion"},{"floor":13,"key":"Block Potion"},{"floor":14,"key":"Swift Potion"}],"is_trial":false,"path_per_floor":["M","M","M","M","$","E","R","E","T","$","R","M","E","M","R","B",null,"M","$","M","M","?","E"],"character_chosen":"THE_SILENT","items_purchased":["Blur","Backflip","Caltrops","Leg Sweep"],"campfire_rested":1,"item_purchase_floors":[10,10,19,19],"current_hp_per_floor":[69,62,60,52,52,31,31,19,19,19,19,26,34,41,70,65,70,65,65,65,60,60,0,0],"gold":80,"neow_bonus":"THREE_RARE_CARDS","is_daily":false,"chose_seed":false,"campfire_upgraded":2,"win_rate":0.0,"timestamp":1608244926,"path_taken":["M","?","M","M","$","E","R","E","T","$","R","M","E","M","R","BOSS","M","$","M","M","?","E"],"items_purchased_type":["Card","Card","Card","Card"],"build_version":"2020-12-13","purchased_purges":1,"victory":false,"max_hp_per_floor":[70,70,70,70,70,70,70,70,70,70,70,70,70,70,70,70,70,70,70,70,70,70,70,70],"card_choices":[{"not_picked":["Bullet Time","After Image"],"picked":"Adrenaline","floor":0},{"not_picked":["Deflect","Prepared"],"picked":"PiercingWail","floor":1},{"not_picked":["Setup","Dagger Throw"],"picked":"Poisoned Stab","floor":2},{"not_picked":["Dagger Spray","Quick Slash"],"picked":"Riddle With Holes","floor":3},{"not_picked":["Finisher","Flying Knee"],"picked":"Deadly Poison","floor":4},{"not_picked":["Slice","Dagger Throw"],"picked":"Tools of the Trade","floor":6},{"not_picked":["Eviscerate","Dodge and Roll"],"picked":"Catalyst","floor":8},{"not_picked":["Accuracy","Masterful Stab"],"picked":"Bane","floor":12},{"not_picked":["Tactician","Dodge and Roll"],"picked":"Poisoned Stab","floor":13},{"not_picked":["Dodge and Roll","Flying Knee"],"picked":"Bouncing Flask","floor":14},{"not_picked":["Glass Knife","Burst"],"picked":"Night Terror","floor":16},{"not_picked":["Slice","Prepared","Flying Knee"],"picked":"SKIP","floor":18},{"not_picked":["Flechettes","Prepared"],"picked":"Bane+1","floor":20},{"not_picked":["Riddle With Holes+1","Finisher+1"],"picked":"Footwork+1","floor":21}],"player_experience":337580,"relics_obtained":[{"floor":6,"key":"Peace Pipe"},{"floor":8,"key":"Calipers"},{"floor":9,"key":"Meat on the Bone"},{"floor":13,"key":"Regal Pillow"}],"event_choices":[{"damage_healed":0,"gold_gain":0,"player_choice":"Inject Mutagens","damage_taken":0,"relics_obtained":["MutagenicStrength"],"max_hp_gain":0,"max_hp_loss":0,"event_name":"Drug Dealer","floor":22,"gold_loss":0}],"is_beta":false,"boss_relics":[{"not_picked":["HoveringKite","Pandora\u0027s Box"],"picked":"Sozu"}],"items_purged_floors":[10],"is_endless":false,"potions_floor_spawned":[2,6,12,13,14,20],"killed_by":"Slavers","ascension_level":0}}