{"host":"y76x98twjnyyxs83","time":1608243410,"event":{"mods":["BaseMod","Colored Powertips","Minty Spire (QoL Compilation)","Permanent Neow","Quick Restart","Rare Cards Sparkle","Relic Stats","StSLib"],"gold_per_floor":[117,127,144,144,163,191,191,205,229,258,274,300,328,328,328,427,427,450,459,478,478,503,543,543,579,579,624,648,648,648,8,8,115,115,148,148,180,189,189,239,260,276,299,374,383,383,78,112,112,112,112],"floor_reached":50,"playtime":2635,"items_purged":["Bite"],"score":1354,"play_id":"ce4effa7-75d2-4c54-a051-cc9a9843fb06","local_time":"20201218061650","is_ascension_mode":true,"campfire_choices":[{"data":"TalkToTheHand","floor":7.0,"key":"SMITH"},{"data":"EmptyFist","floor":15.0,"key":"SMITH"},{"floor":24.0,"key":"REST"},{"floor":29.0,"key":"REST"},{"data":"Vault","floor":32.0,"key":"SMITH"},{"floor":49,"key":"RECALL"}],"circlet_count":0,"master_deck":["AscendersBane","Defend_P","Defend_P+1","Defend_P+1","Eruption+1","Vigilance","BowlingBash+1","TalkToTheHand+1","FlurryOfBlows","Vault+1","Tantrum+1","EmptyFist+1","FollowUp+1","FearNoEvil+1","Wireheading+1","Bite","Bite+1","Bite+1","Bite+1","SandsOfTime","SpiritShield+1","WaveOfTheHand+1","WheelKick","ForeignInfluence","Halt","SashWhip+1","Panache","FlurryOfBlows"],"relics":["Runic Pyramid","Centennial Puzzle","CeramicFish","Anchor","Golden Idol","VioletLotus","Happy Flower","Du-Vu Doll","Gremlin Horn","Mango","Medical Kit","Fusion Hammer","Juzu Bracelet","Ancient Tea Set","Nunchaku","Ice Cream","Yang","StrikeDummy"],"acts_visited":["Exordium","TheCity","TheBeyond"],"potions_floor_usage":[40],"damage_taken":[{"damage":6.0,"enemies":"Small Slimes","floor":1.0,"turns":5.0},{"damage":0.0,"enemies":"Cultist","floor":2.0,"turns":4.0},{"damage":7.0,"enemies":"Jaw Worm","floor":3.0,"turns":3.0},{"damage":0.0,"enemies":"Exordium Wildlife","floor":5.0,"turns":2.0},{"damage":19.0,"enemies":"Lagavulin","floor":6.0,"turns":7.0},{"damage":0.0,"enemies":"Blue Slaver","floor":8.0,"turns":5.0},{"damage":1.0,"enemies":"Red Slaver","floor":10.0,"turns":2.0},{"damage":4.0,"enemies":"Lots of Slimes","floor":11.0,"turns":2.0},{"damage":12.0,"enemies":"Gremlin Gang","floor":12.0,"turns":3.0},{"damage":0.0,"enemies":"Gremlin Nob","floor":13.0,"turns":2.0},{"damage":0.0,"enemies":"Slime Boss","floor":16.0,"turns":5.0},{"damage":11.0,"enemies":"Chosen","floor":18.0,"turns":4.0},{"damage":2.0,"enemies":"3 Byrds","floor":20.0,"turns":4.0},{"damage":19.0,"enemies":"Shelled Parasite and Fungi","floor":22.0,"turns":3.0},{"damage":9.0,"enemies":"Gremlin Leader","floor":23.0,"turns":5.0},{"damage":10.0,"enemies":"Slavers","floor":25.0,"turns":3.0},{"damage":6.0,"enemies":"Snake Plant","floor":28.0,"turns":4.0},{"damage":11.0,"enemies":"Automaton","floor":33.0,"turns":7.0},{"damage":0.0,"enemies":"3 Shapes","floor":35.0,"turns":3.0},{"damage":13.0,"enemies":"3 Darklings","floor":37.0,"turns":4.0},{"damage":1,"enemies":"Nemesis","floor":40,"turns":3},{"damage":18,"enemies":"Maw","floor":41,"turns":8},{"damage":0,"enemies":"Sphere and 2 Shapes","floor":42,"turns":3},{"damage":0,"enemies":"2 Orb Walkers","floor":44,"turns":2},{"damage":0,"enemies":"Giant Head","floor":48,"turns":6},{"damage":77,"enemies":"Time Eater","floor":50,"turns":12}],"seed_played":"-903654476568772983","potions_obtained":[{"floor":2.0,"key":"Block Potion"},{"floor":3.0,"key":"Explosive Potion"},{"floor":6.0,"key":"BlessingOfTheForge"},{"floor":22.0,"key":"Swift Potion"},{"floor":23.0,"key":"Strength Potion"},{"floor":25.0,"key":"Dexterity Potion"},{"floor":33.0,"key":"EssenceOfSteel"},{"floor":35.0,"key":"AttackPotion"}],"is_trial":false,"path_per_floor":["M","M","M","?","M","E","R","M","T","M","M","M","E","?","R","B",null,"M","?","M","T","M","E","R","E","T","?","M","R","?","$","R","B",null,"M","T","M","?","?","E","M","M","T","?","?","?","$","E","R","B"],"character_chosen":"WATCHER","items_purchased":["Mango","Medical Kit","SandsOfTime","Yang","FlurryOfBlows"],"campfire_rested":2,"item_purchase_floors":[31,31,31,47,47],"current_hp_per_floor":[55,55,48,48,48,29,29,29,29,28,24,12,12,12,12,12,50,39,39,37,37,18,9,27,17,17,17,19,31,31,45,45,48,55,57,57,48,48,48,47,44,54,54,54,54,64,64,64,64,0,0],"gold":112,"neow_bonus":"BOSS_RELIC","is_daily":false,"chose_seed":false,"campfire_upgraded":3,"win_rate":0.0,"timestamp":1608243410,"path_taken":["M","M","M","?","M","E","R","M","T","M","M","?","E","?","R","BOSS","M","?","M","?","?","E","R","E","T","?","M","R","?","?","R","BOSS","M","?","M","?","?","E","M","M","T","?","?","?","$","E","R","BOSS"],"items_purchased_type":["Relic","Relic","Card","Relic","Card"],"build_version":"2020-12-13","purchased_purges":1,"victory":false,"max_hp_per_floor":[68,68,68,68,68,68,68,68,68,68,68,68,68,62,62,62,62,62,62,62,62,62,62,62,62,62,43,43,43,43,57,57,57,57,57,57,57,57,54,54,54,54,54,54,54,64,64,64,64,64,64],"relic_stats":{"Centennial Puzzle":[42],"Nunchaku":[6],"Happy Flower":[18],"Gremlin Horn":[8,8],"counters":[26,111],"Golden Idol":115,"CeramicFish":171,"Yang":[60],"VioletLotus":[24],"Juzu Bracelet":2,"Medical Kit":[0],"obtain_stats":[{"Ice Cream":44,"Happy Flower":23,"Gremlin Horn":26,"Golden Idol":14,"CeramicFish":9,"Mango":31,"Yang":47,"Juzu Bracelet":36,"Medical Kit":31,"Ancient Tea Set":40,"Du-Vu Doll":25,"Centennial Puzzle":6,"Anchor":13,"Nunchaku":43,"VioletLotus":17,"Fusion Hammer":34,"PureWater":0,"StrikeDummy":48,"Runic Pyramid":0},{"Ice Cream":24,"Happy Flower":15,"Gremlin Horn":16,"Golden Idol":10,"CeramicFish":6,"Mango":17,"Yang":24,"Juzu Bracelet":19,"Medical Kit":17,"Ancient Tea Set":21,"Du-Vu Doll":16,"Centennial Puzzle":5,"Anchor":10,"Nunchaku":23,"VioletLotus":11,"Fusion Hammer":18,"PureWater":0,"StrikeDummy":25,"Runic Pyramid":0},{"Ice Cream":93,"Happy Flower":56,"Gremlin Horn":59,"Golden Idol":35,"CeramicFish":26,"Mango":63,"Yang":93,"Juzu Bracelet":73,"Medical Kit":63,"Ancient Tea Set":80,"Du-Vu Doll":59,"Centennial Puzzle":21,"Anchor":35,"Nunchaku":91,"VioletLotus":40,"Fusion Hammer":70,"PureWater":0,"StrikeDummy":99,"Runic Pyramid":0}]},"card_choices":[{"not_picked":["CutThroughFate","Collect"],"picked":"BowlingBash","floor":1.0},{"not_picked":["EmptyMind","FlyingSleeves"],"picked":"TalkToTheHand","floor":2.0},{"not_picked":["FlyingSleeves","Adaptation"],"picked":"FlurryOfBlows","floor":3.0},{"not_picked":["WreathOfFlame","SashWhip"],"picked":"Vault","floor":5.0},{"not_picked":["EmptyFist","Perseverance"],"picked":"Tantrum","floor":6.0},{"not_picked":["Crescendo","FlurryOfBlows","FlyingSleeves"],"picked":"SKIP","floor":8.0},{"not_picked":["BattleHymn","ThirdEye"],"picked":"EmptyFist","floor":10.0},{"not_picked":["ClearTheMind","EmptyBody","Crescendo"],"picked":"SKIP","floor":11.0},{"not_picked":["ThirdEye","JustLucky"],"picked":"FollowUp","floor":12.0},{"not_picked":["Omniscience","Worship","FlurryOfBlows"],"picked":"SKIP","floor":13.0},{"not_picked":["Scrawl","Ragnarok"],"picked":"LessonLearned","floor":16.0},{"not_picked":["EmptyFist","PathToVictory","Adaptation+1"],"picked":"SKIP","floor":18.0},{"not_picked":["JustLucky+1","BowlingBash","SashWhip"],"picked":"SKIP","floor":20.0},{"not_picked":["FlyingSleeves","ForeignInfluence","EmptyFist"],"picked":"SKIP","floor":22.0},{"not_picked":["Collect","Fasting2"],"picked":"Wireheading","floor":23.0},{"not_picked":["DeusExMachina","CrushJoints","Worship"],"picked":"SKIP","floor":25.0},{"not_picked":["CutThroughFate","CrushJoints","Protect"],"picked":"SKIP","floor":28.0},{"not_picked":["Devotion","LessonLearned"],"picked":"SpiritShield","floor":33.0},{"not_picked":["Prostrate+1","InnerPeace"],"picked":"WaveOfTheHand+1","floor":35.0},{"not_picked":["CrushJoints","SashWhip"],"picked":"WheelKick","floor":37.0},{"not_picked":["DeceiveReality+1","Fasting2"],"picked":"Halt","floor":40},{"not_picked":["BowlingBash","EmptyMind","Prostrate"],"picked":"SKIP","floor":41},{"not_picked":["FlurryOfBlows+1","Prostrate","FlyingSleeves+1"],"picked":"SKIP","floor":42},{"not_picked":["CutThroughFate","CarveReality+1"],"picked":"SashWhip+1","floor":44},{"not_picked":["Flash of Steel","Mayhem"],"picked":"Panache","floor":45},{"not_picked":["ClearTheMind+1","Study","Worship+1"],"picked":"SKIP","floor":48}],"player_experience":1093451,"relics_obtained":[{"floor":6.0,"key":"Centennial Puzzle"},{"floor":9.0,"key":"CeramicFish"},{"floor":13.0,"key":"Anchor"},{"floor":23.0,"key":"Happy Flower"},{"floor":25.0,"key":"Du-Vu Doll"},{"floor":26.0,"key":"Gremlin Horn"},{"floor":36.0,"key":"Juzu Bracelet"},{"floor":40,"key":"Ancient Tea Set"},{"floor":43,"key":"Nunchaku"},{"floor":44,"key":"Ice Cream"},{"floor":48,"key":"StrikeDummy"}],"event_choices":[{"cards_removed":["Strike_P"],"damage_healed":0.0,"max_hp_gain":0.0,"max_hp_loss":0.0,"gold_gain":0.0,"event_name":"Purifier","player_choice":"Purged","floor":4.0,"gold_loss":0.0,"damage_taken":0.0},{"damage_healed":0.0,"max_hp_gain":0.0,"max_hp_loss":6.0,"gold_gain":0.0,"event_name":"Golden Idol","player_choice":"Lose Max HP","floor":14.0,"gold_loss":0.0,"damage_taken":0.0,"relics_obtained":["Golden Idol"]},{"damage_healed":0.0,"max_hp_gain":0.0,"max_hp_loss":0.0,"gold_gain":0.0,"event_name":"The Library","player_choice":"Read","floor":19.0,"gold_loss":0.0,"damage_taken":0.0,"cards_obtained":["FearNoEvil"]},{"damage_healed":0.0,"max_hp_gain":0.0,"max_hp_loss":19.0,"gold_gain":0.0,"event_name":"Vampires","player_choice":"Became a vampire","floor":27.0,"gold_loss":0.0,"damage_taken":0.0,"cards_obtained":["Bite","Bite","Bite","Bite","Bite"]},{"damage_healed":0.0,"max_hp_gain":0.0,"max_hp_loss":0.0,"gold_gain":0.0,"event_name":"The Mausoleum","player_choice":"Ignored","floor":30.0,"gold_loss":0.0,"damage_taken":0.0},{"damage_healed":0,"gold_gain":0,"cards_transformed":["Defend_P"],"player_choice":"Transformed","damage_taken":0,"max_hp_gain":0,"max_hp_loss":0,"event_name":"Transmorgrifier","floor":38,"gold_loss":0,"cards_obtained":["ForeignInfluence"]},{"damage_healed":0,"gold_gain":0,"player_choice":"Max HP","damage_taken":0,"max_hp_gain":0,"max_hp_loss":3,"event_name":"Winding Halls","floor":39,"gold_loss":0},{"damage_healed":0,"gold_gain":0,"player_choice":"Fight","damage_taken":0,"max_hp_gain":0,"max_hp_loss":0,"event_name":"Mysterious Sphere","floor":44,"gold_loss":0},{"damage_healed":0,"gold_gain":0,"player_choice":"Memory 1","damage_taken":0,"max_hp_gain":0,"max_hp_loss":0,"event_name":"SensoryStone","floor":45,"gold_loss":0},{"cards_removed":["LessonLearned"],"damage_healed":0,"gold_gain":0,"player_choice":"Offered Rare","damage_taken":0,"max_hp_gain":10,"max_hp_loss":0,"event_name":"Bonfire Elementals","floor":46,"gold_loss":0}],"is_beta":false,"boss_relics":[{"not_picked":["Black Star","Pandora\u0027s Box"],"picked":"VioletLotus"},{"not_picked":["Empty Cage","Snecko Eye"],"picked":"Fusion Hammer"}],"items_purged_floors":[31],"is_endless":false,"potions_floor_spawned":[2,3,6,22,23,25,33,35,37],"killed_by":"Time Eater","ascension_level":20}}