{"host":"y5ai4jjuoigxwrcu","time":1608194862,"event":{"mods":["AchievementEnabler","BaseMod","Colored Map","Colored Powertips","Minty Spire (QoL Compilation)","StSLib","The Necromancer"],"gold_per_floor":[117,117,137,154,154,184,196,529,529,226,236,236,411,430,430,531,531,544,182,152,166,166,198,215,250,277,310,310,146,165,265,265,360,360,374,177,196,210,230,0,25,25,25,25,35,35,47,47,47,47,47,47,47,72,72],"floor_reached":56,"playtime":3819,"items_purged":["Strike_W","Doubt","Strike_W","Strike_W"],"score":1245,"play_id":"0c50c498-b711-41dd-a661-7d57fdecb341","local_time":"20201217094742","is_ascension_mode":true,"campfire_choices":[{"data":"Summon_Vampire_Lady","floor":15,"key":"SMITH"},{"data":"Summon_Undead","floor":28,"key":"SMITH"},{"data":"Summon_Undead","floor":32,"key":"SMITH"},{"floor":42,"key":"RECALL"},{"data":"Summon_Death_Knight","floor":49,"key":"SMITH"},{"data":"Summon_Vampire_Lady","floor":52,"key":"SMITH"}],"circlet_count":0,"master_deck":["Strike_W","Defend_W","Defend_W","Defend_W","Defend_W","Bone_Wall","Summon_Undead+1","Bone_Shift","Shade_Step","Scare","Scare","Summon_Vampire_Lady+1","Bone_Armory","Summon_Death_Knight+1","Negative_Energy_Shield","Summon_Vampire_Lady+1","CurseOfTheBell","Shade_Step","Summon_Undead+1","Spectral_Armor","Siphon_Strength","Bone_Armory","Siphon_Strength+1","Shade_Step","Summon_Death_Knight+1","Bones_to_Steel","Stop_Heart","Panacea","Parasite"],"relics":["Vampire_Amulet","NeowsBlessing","Unceasing Top","Old Coin","Sundial","Lantern","Calling Bell","Orichalcum","Gremlin Horn","Lizard Tail","Strange Spoon","Kunai","CaptainsWheel","White Beast Statue","Nunchaku","Anchor","Torii","Mummified Hand","Coffee Dripper","Red Mask","Molten Egg 2","Boot"],"acts_visited":["Exordium","TheCity","TheBeyond","TheEnding"],"potions_floor_usage":[8],"damage_taken":[{"damage":0,"enemies":"Jaw Worm","floor":1,"turns":1},{"damage":0,"enemies":"Cultist","floor":3,"turns":1},{"damage":0,"enemies":"Small Slimes","floor":4,"turns":1},{"damage":57,"enemies":"3 Sentries","floor":6,"turns":10},{"damage":6,"enemies":"Red Slaver","floor":7,"turns":6},{"damage":33,"enemies":"Gremlin Nob","floor":8,"turns":5},{"damage":5,"enemies":"Looter","floor":11,"turns":3},{"damage":5,"enemies":"Large Slime","floor":14,"turns":6},{"damage":26,"enemies":"Slime Boss","floor":16,"turns":9},{"damage":0,"enemies":"3 Byrds","floor":18,"turns":6},{"damage":13,"enemies":"2 Thieves","floor":20,"turns":5},{"damage":15,"enemies":"Centurion and Healer","floor":21,"turns":11},{"damage":11,"enemies":"Book of Stabbing","floor":23,"turns":6},{"damage":9,"enemies":"Shelled Parasite and Fungi","floor":24,"turns":6},{"damage":27,"enemies":"Gremlin Leader","floor":25,"turns":9},{"damage":9,"enemies":"Book of Stabbing","floor":27,"turns":7},{"damage":18,"enemies":"Sentry and Sphere","floor":30,"turns":7},{"damage":10,"enemies":"Colosseum Slavers","floor":31,"turns":6},{"damage":33,"enemies":"Colosseum Nobs","floor":31,"turns":6},{"damage":58,"enemies":"Collector","floor":33,"turns":11},{"damage":25,"enemies":"3 Darklings","floor":35,"turns":6},{"damage":21,"enemies":"3 Shapes","floor":37,"turns":5},{"damage":0,"enemies":"Maw","floor":38,"turns":7},{"damage":6,"enemies":"4 Shapes","floor":39,"turns":5},{"damage":10,"enemies":"Nemesis","floor":41,"turns":9},{"damage":1,"enemies":"Transient","floor":45,"turns":5},{"damage":0,"enemies":"Writhing Mass","floor":47,"turns":7},{"damage":7,"enemies":"Time Eater","floor":50,"turns":15},{"damage":15,"enemies":"Shield and Spear","floor":54,"turns":9},{"damage":38,"enemies":"The Heart","floor":55,"turns":14}],"seed_played":"-5650390698946589241","potions_obtained":[{"floor":4,"key":"SpeedPotion"},{"floor":5,"key":"BlessingOfTheForge"},{"floor":5,"key":"Swift Potion"},{"floor":5,"key":"LiquidBronze"},{"floor":7,"key":"DistilledChaos"},{"floor":8,"key":"Strength Potion"},{"floor":18,"key":"FairyPotion"},{"floor":27,"key":"FairyPotion"},{"floor":35,"key":"FairyPotion"}],"is_trial":false,"path_per_floor":["M","?","M","M","?","E","M","E","T","$","M","?","?","M","R","B",null,"M","$","M","M","?","E","M","E","T","E","R","$","M","?","R","B",null,"M","$","M","M","M","?","E","R","T","?","M","$","M","?","R","B",null,"R","$","E","B",null],"character_chosen":"NECROMANCER","items_purchased":["Lantern","Bone_Armory","Summon_Undead","Spectral_Armor","Strange Spoon","Shade_Step","Bones_to_Steel"],"campfire_rested":0,"item_purchase_floors":[10,10,19,19,19,29,36],"current_hp_per_floor":[75,75,75,75,75,51,47,28,28,28,31,31,31,39,39,48,75,75,75,64,75,75,75,75,75,75,75,75,75,75,63,63,75,75,66,66,64,75,75,75,75,75,75,75,75,75,75,75,75,75,75,75,75,75,75],"gold":72,"neow_bonus":"THREE_ENEMY_KILL","is_daily":false,"chose_seed":false,"campfire_upgraded":5,"win_rate":0.0,"timestamp":1608194862,"path_taken":["M","?","?","M","?","E","M","E","T","$","?","?","?","M","R","BOSS","M","$","M","M","?","E","?","E","T","E","R","$","M","?","R","BOSS","M","$","M","M","M","?","E","R","T","?","M","$","M","?","R","BOSS","R","$","E","BOSS"],"items_purchased_type":["Relic","Card","Card","Card","Relic","Card","Card"],"build_version":"2020-12-13","purchased_purges":4,"victory":true,"max_hp_per_floor":[75,75,75,75,75,75,75,75,75,75,75,75,75,75,75,75,75,75,75,75,75,75,75,75,75,75,75,75,75,75,75,75,75,75,75,75,75,75,75,75,75,75,75,75,75,75,75,75,75,75,75,75,75,75,75],"card_choices":[{"not_picked":["Bone_Bullets","Negative_Energy_Javelin"],"picked":"Summon_Undead","floor":1},{"not_picked":["Bone_Bullets","Bone_Spikes"],"picked":"Bone_Shift","floor":3},{"not_picked":["Corrupt","Death_Coil"],"picked":"Shade_Step","floor":4},{"not_picked":["Negative_Energy_Javelin","Epidemic"],"picked":"Scare","floor":6},{"not_picked":["Slay_Living","Violent_Necrosis"],"picked":"Scare","floor":7},{"not_picked":["Life_Drain","Negative_Energy_Sphere"],"picked":"Summon_Vampire_Lady","floor":8},{"not_picked":["Finger_Of_Death","Chill_Blood"],"picked":"Summon_Death_Knight","floor":11},{"not_picked":["Blood_Whip","Consume_Illness"],"picked":"Negative_Energy_Shield","floor":14},{"not_picked":["Blood_Wake","Cloudkill"],"picked":"Summon_Vampire_Lady","floor":16},{"not_picked":["Bone_Armory","Bone_Spikes"],"picked":"Shade_Step","floor":18},{"not_picked":["Strike_from_Beyond","Life_Tap"],"picked":"Siphon_Strength","floor":20},{"not_picked":["Bone_Spikes+1","Death_March_Dance"],"picked":"Bone_Armory","floor":21},{"not_picked":["Vampiric_Strike","Chill_Blood","Deaths_Shadow"],"picked":"SKIP","floor":23},{"not_picked":["Slay_Living+1","Requiem","Acid_Javelin"],"picked":"SKIP","floor":24},{"not_picked":["Finger_Of_Death","Whirlwind_of_Bones"],"picked":"Siphon_Strength+1","floor":25},{"not_picked":["Vampiric_Strike","Negative_Energy_Mist","Toxic_Smoke_Screen"],"picked":"SKIP","floor":27},{"not_picked":["Life_Tap","Blood_Curse","Negative_Energy_Shield"],"picked":"SKIP","floor":30},{"not_picked":["Blood_Wake","Hellfire"],"picked":"Summon_Death_Knight","floor":33},{"not_picked":["Scare","Life_Drain+1","Negative_Energy_Mist+1"],"picked":"SKIP","floor":35},{"not_picked":["Bone_Armor","Scare","Blood_Curse"],"picked":"SKIP","floor":37},{"not_picked":["Consume_Illness+1","Bone_Bullets+1","Life_Tap+1"],"picked":"SKIP","floor":38},{"not_picked":["Bone_Armor","Necrotic_Claws"],"picked":"Stop_Heart","floor":39},{"not_picked":["Slay_Living+1","Death_Knell+1","Blood_Is_Power"],"picked":"SKIP","floor":41},{"not_picked":["Blind","Enlightenment"],"picked":"Panacea","floor":44},{"not_picked":["Requiem+1","Thousand_Bone_Knives+1","Toxic_Smoke_Screen+1"],"picked":"SKIP","floor":45},{"not_picked":["Blood_Curse+1","Necromantic_Selection","Negative_Energy_Javelin+1"],"picked":"SKIP","floor":47},{"not_picked":["Blood_Curse+1","Bone_Shift+1","Negative_Energy_Sphere+1"],"picked":"SKIP","floor":54}],"player_experience":147948,"relics_obtained":[{"floor":6,"key":"Unceasing Top"},{"floor":8,"key":"Old Coin"},{"floor":9,"key":"Sundial"},{"floor":17,"key":"Orichalcum"},{"floor":17,"key":"Gremlin Horn"},{"floor":17,"key":"Lizard Tail"},{"floor":23,"key":"CaptainsWheel"},{"floor":25,"key":"White Beast Statue"},{"floor":26,"key":"Nunchaku"},{"floor":27,"key":"Anchor"},{"floor":31,"key":"Torii"},{"floor":31,"key":"Mummified Hand"},{"floor":41,"key":"Molten Egg 2"},{"floor":54,"key":"Boot"}],"event_choices":[{"damage_healed":0,"gold_gain":0,"player_choice":"Ignored","damage_taken":0,"max_hp_gain":0,"max_hp_loss":0,"event_name":"NoteForYourself","floor":2,"gold_loss":0},{"damage_healed":0,"gold_gain":0,"player_choice":"Got Potions","damage_taken":0,"max_hp_gain":0,"max_hp_loss":0,"event_name":"Lab","floor":5,"gold_loss":0},{"damage_healed":0,"gold_gain":0,"player_choice":"Grow","damage_taken":0,"max_hp_gain":0,"max_hp_loss":0,"event_name":"Living Wall","floor":12,"gold_loss":0,"cards_upgraded":["Summon_Death_Knight"]},{"damage_healed":0,"gold_gain":175,"player_choice":"AGREE","damage_taken":0,"max_hp_gain":0,"max_hp_loss":0,"event_name":"Liars Game","floor":13,"gold_loss":0,"cards_obtained":["Doubt"]},{"damage_healed":0,"gold_gain":0,"player_choice":"Gave Potion","damage_taken":0,"relics_obtained":["Kunai"],"max_hp_gain":0,"max_hp_loss":0,"event_name":"WeMeetAgain","floor":22,"gold_loss":0},{"damage_healed":0,"gold_gain":0,"player_choice":"Fight","damage_taken":0,"max_hp_gain":0,"max_hp_loss":0,"event_name":"Colosseum","floor":31,"gold_loss":0},{"damage_healed":0,"gold_gain":0,"player_choice":"Fought Nobs","damage_taken":0,"max_hp_gain":0,"max_hp_loss":0,"event_name":"Colosseum","floor":31,"gold_loss":0},{"damage_healed":0,"gold_gain":0,"player_choice":"Paid","damage_taken":0,"relics_obtained":["Red Mask"],"max_hp_gain":0,"max_hp_loss":0,"event_name":"Tomb of Lord Red Mask","floor":40,"gold_loss":230},{"damage_healed":0,"gold_gain":0,"player_choice":"Memory 1","damage_taken":0,"max_hp_gain":0,"max_hp_loss":0,"event_name":"SensoryStone","floor":44,"gold_loss":0},{"cards_removed":["Negative_Energy_Arrows"],"damage_healed":0,"gold_gain":0,"player_choice":"Offered Basic","damage_taken":0,"max_hp_gain":0,"max_hp_loss":0,"event_name":"Bonfire Elementals","floor":48,"gold_loss":0}],"is_beta":false,"boss_relics":[{"not_picked":["Pandora\u0027s Box","Runic Pyramid"],"picked":"Calling Bell"},{"not_picked":["SlaversCollar","Cursed Key"],"picked":"Coffee Dripper"}],"items_purged_floors":[10,19,29,36],"is_endless":false,"potions_floor_spawned":[4,7,8,16,18,20,27,30,31,31,33,35,37,38,39,41,45,47,54],"ascension_level":1}}