{"host":"3jpwrwmmgyabjceh","time":1608208148,"event":{"mods":["AchievementEnabler","BaseMod","Colored Map","Colored Powertips","Highlight Path","Minty Spire (QoL Compilation)","StSLib"],"gold_per_floor":[114,126,142,153,166,198,198,211,211,211,386,241,254,279,279,376,426,409,232,232,247,122,122,150,162,162,172,191,210,210,210],"floor_reached":30,"playtime":1716,"items_purged":["Doubt","Strike_P","Strike_P"],"score":279,"play_id":"bb6730a5-dacd-4034-b45a-906e0de628d1","local_time":"20201217152908","is_ascension_mode":true,"campfire_choices":[{"data":"Eruption","floor":7,"key":"SMITH"},{"data":"Crescendo","floor":10,"key":"SMITH"},{"data":"Adaptation","floor":15,"key":"SMITH"},{"data":"Crescendo","floor":23,"key":"SMITH"}],"circlet_count":0,"master_deck":["Strike_P","Defend_P","Defend_P","Defend_P","Defend_P","Eruption+1","Vigilance+1","EmptyBody+1","Adaptation+1","SandsOfTime","Crescendo+1","BattleHymn","MentalFortress","Evaluate","Consecrate","MentalFortress+1","ThirdEye","Ragnarok","SandsOfTime","Crescendo+1","Prostrate","FlurryOfBlows","Protect","FlurryOfBlows+1","EmptyFist+1","Halt"],"relics":["PureWater","War Paint","Incense Burner","Tiny House","Yang","Eternal Feather","Torii"],"acts_visited":["Exordium","TheCity"],"potions_floor_usage":[4,14,14,16,24,28,30],"damage_taken":[{"damage":0,"enemies":"Small Slimes","floor":1,"turns":3},{"damage":2,"enemies":"Jaw Worm","floor":2,"turns":7},{"damage":1,"enemies":"Cultist","floor":3,"turns":5},{"damage":19,"enemies":"Lots of Slimes","floor":4,"turns":9},{"damage":2,"enemies":"Looter","floor":5,"turns":4},{"damage":9,"enemies":"Lagavulin","floor":6,"turns":7},{"damage":3,"enemies":"2 Fungi Beasts","floor":8,"turns":4},{"damage":0,"enemies":"3 Louse","floor":13,"turns":3},{"damage":1,"enemies":"3 Sentries","floor":14,"turns":4},{"damage":1,"enemies":"Slime Boss","floor":16,"turns":5},{"damage":7,"enemies":"2 Thieves","floor":18,"turns":4},{"damage":5,"enemies":"Spheric Guardian","floor":21,"turns":3},{"damage":27,"enemies":"Gremlin Leader","floor":24,"turns":6},{"damage":54,"enemies":"Chosen and Byrds","floor":25,"turns":8},{"damage":9,"enemies":"Snake Plant","floor":27,"turns":4},{"damage":10,"enemies":"3 Cultists","floor":28,"turns":5},{"damage":0,"enemies":"Snecko","floor":29,"turns":2},{"damage":11,"enemies":"Centurion and Healer","floor":30,"turns":2}],"seed_played":"7107241398233176832","potions_obtained":[{"floor":2,"key":"PowerPotion"},{"floor":3,"key":"Ambrosia"},{"floor":6,"key":"StancePotion"},{"floor":8,"key":"EssenceOfSteel"},{"floor":16,"key":"Dexterity Potion"},{"floor":17,"key":"FairyPotion"},{"floor":21,"key":"Dexterity Potion"},{"floor":25,"key":"SneckoOil"},{"floor":29,"key":"PowerPotion"}],"is_trial":false,"path_per_floor":["M","M","M","M","M","E","R","M","T","R","?","$","M","E","R","B",null,"M","$","?","M","$","R","E","M","T","M","M","M","M"],"character_chosen":"WATCHER","items_purchased":["Evaluate","Consecrate","Prostrate","FlurryOfBlows"],"campfire_rested":0,"item_purchase_floors":[12,12,19,19],"current_hp_per_floor":[72,70,69,50,48,39,39,36,36,36,36,36,36,35,35,34,77,70,70,70,65,65,65,38,23,23,14,4,4,0,0],"gold":210,"neow_bonus":"REMOVE_CARD","is_daily":false,"chose_seed":false,"campfire_upgraded":4,"win_rate":0.0,"timestamp":1608208148,"path_taken":["M","M","M","M","M","E","R","M","T","R","?","$","M","E","R","BOSS","M","$","?","M","$","R","E","M","T","?","M","M","M"],"items_purchased_type":["Card","Card","Card","Card"],"build_version":"2020-12-13","purchased_purges":3,"victory":false,"max_hp_per_floor":[72,72,72,72,72,72,72,72,72,72,72,72,72,72,72,72,77,77,77,77,77,77,77,77,77,77,77,77,77,77,77],"card_choices":[{"not_picked":["JustLucky","Collect","FollowUp"],"picked":"SKIP","floor":1},{"not_picked":["Protect","SashWhip"],"picked":"EmptyBody","floor":2},{"not_picked":["Halt","CrushJoints"],"picked":"Adaptation","floor":3},{"not_picked":["PathToVictory","CrushJoints"],"picked":"SandsOfTime","floor":4},{"not_picked":["WaveOfTheHand","Wallop"],"picked":"Crescendo","floor":5},{"not_picked":["SignatureMove","SpiritShield"],"picked":"BattleHymn","floor":6},{"not_picked":["EmptyFist","Wireheading"],"picked":"MentalFortress","floor":8},{"not_picked":["CutThroughFate","Sanctity"],"picked":"MentalFortress","floor":13},{"not_picked":["Crescendo","Indignation"],"picked":"ThirdEye","floor":14},{"not_picked":["Judgement","MasterReality"],"picked":"Ragnarok","floor":16},{"not_picked":["JustLucky","Study"],"picked":"SandsOfTime","floor":17},{"not_picked":["SashWhip","FollowUp"],"picked":"Crescendo","floor":18},{"not_picked":["Adaptation","Consecrate+1","WreathOfFlame+1"],"picked":"SKIP","floor":21},{"not_picked":["LikeWater","Meditate"],"picked":"Protect","floor":24},{"not_picked":["JustLucky","PathToVictory"],"picked":"FlurryOfBlows+1","floor":25},{"not_picked":["Conclude","ReachHeaven+1"],"picked":"EmptyFist+1","floor":27},{"not_picked":["Meditate","FlyingSleeves","Crescendo"],"picked":"SKIP","floor":28},{"not_picked":["InnerPeace","EmptyBody"],"picked":"Halt","floor":29}],"player_experience":208520,"relics_obtained":[{"floor":6,"key":"War Paint"},{"floor":14,"key":"Incense Burner"},{"floor":24,"key":"Eternal Feather"},{"floor":26,"key":"Torii"}],"event_choices":[{"damage_healed":0,"gold_gain":175,"player_choice":"AGREE","damage_taken":0,"max_hp_gain":0,"max_hp_loss":0,"event_name":"Liars Game","floor":11,"gold_loss":0,"cards_obtained":["Doubt"]},{"damage_healed":0,"gold_gain":0,"player_choice":"Gave Potion","damage_taken":0,"relics_obtained":["Yang"],"max_hp_gain":0,"max_hp_loss":0,"event_name":"WeMeetAgain","floor":20,"gold_loss":0}],"is_beta":false,"boss_relics":[{"not_picked":["Sozu","SacredBark"],"picked":"Tiny House"}],"items_purged_floors":[12,19,22],"is_endless":false,"potions_floor_spawned":[2,3,6,8,16,21,25,29],"killed_by":"Centurion and Healer","ascension_level":1}}