{"host":"a2lstcqnqliiu9ja","time":1608240079,"event":{"mods":["Aspiration","BaseMod","Conspire","Downfall","Energized Spire","Hubris","Infinite Spire","Marisa????????","Minty Spire (QoL Compilation)","Quick Restart","Replay The Spire","SOS???????","StSLib","The Animator","The Disciple","The Factory","The Jungle","The Runesmith","The Servant 0.9.4"],"gold_per_floor":[99,114,44,44,248,264,288,288,8,35,45,64,88,188,201,201,201],"floor_reached":16,"playtime":1814,"items_purged":[],"score":100,"play_id":"5f102ffd-66ff-466a-8ec5-2ebeedd7db1a","local_time":"20201217212119","is_ascension_mode":false,"campfire_choices":[{"data":"Guardian:Strike_Guardian","floor":1.0,"key":"PURGE"},{"data":"Guardian:SpikerProtocol","floor":4.0,"key":"SMITH"},{"data":"Guardian:SpikerProtocol","floor":8,"key":"SMITH"}],"circlet_count":0,"master_deck":["Guardian:Strike_Guardian","Guardian:Strike_Guardian","Guardian:Defend_Guardian","Guardian:Defend_Guardian","Guardian:Defend_Guardian","Guardian:Defend_Guardian","Guardian:CurlUp","Guardian:TwinSlam","Guardian:Reroute","Guardian:MultiBeam","Guardian:RollAttack","Guardian:SpikerProtocol+1","Guardian:SpikerProtocol+1","Guardian:Preprogram","Guardian:Preprogram","Guardian:Repulse","Guardian:FloatingOrbs","Guardian:Gem_Lightblue","Guardian:Gem_Cyan","Guardian:Gem_Lightblue","Guardian:ChargeCore","Guardian:Gem_Red","Guardian:DecasProtection","Guardian:PrismaticBeam"],"relics":["Guardian:ModeShifter","Boot","ClockworkSouvenir","Replay:WaspNest","Odd Mushroom","downfall:CloakOfManyFaces","CultistMask","FaceOfCleric","NlothsMask","GremlinMask","SsserpentHead"],"acts_visited":["Exordium"],"potions_floor_usage":[11,14,14,16],"damage_taken":[{"damage":6.0,"enemies":"Jaw Worm","floor":2.0,"turns":4.0},{"damage":5.0,"enemies":"downfall:FleeingMerchant","floor":3.0,"turns":4.0},{"damage":0.0,"enemies":"2 Louse","floor":6.0,"turns":3.0},{"damage":7,"enemies":"downfall:FleeingMerchant","floor":9,"turns":4},{"damage":1,"enemies":"Replay:BlueRogue","floor":10,"turns":4},{"damage":0,"enemies":"infinitespire:Voidling","floor":11,"turns":3},{"damage":6,"enemies":"2 Fungi Beasts","floor":12,"turns":2},{"damage":21,"enemies":"The Mushroom Lair","floor":13,"turns":3},{"damage":0,"enemies":"downfall:FaceTrader","floor":14,"turns":6},{"damage":10,"enemies":"conspire:2 RoseBushes","floor":15,"turns":4},{"damage":25,"enemies":"downfall:Defect","floor":16,"turns":6}],"seed_played":"7518489928760407404","potions_obtained":[{"floor":2.0,"key":"Guardian:DefensiveModePotion"},{"floor":10,"key":"SkillPotion"},{"floor":12,"key":"FearPotion"},{"floor":15,"key":"AttackPotion"}],"is_trial":false,"path_per_floor":["R","M","$","R","?","M","T","R","$","E","M","M","?","?","M","B"],"character_chosen":"GUARDIAN","items_purchased":["Guardian:SpikerProtocol","Guardian:FloatingOrbs","Guardian:Gem_Lightblue","ClockworkSouvenir"],"campfire_rested":0,"item_purchase_floors":[3,9,9,9],"current_hp_per_floor":[80,74,69,69,69,69,69,69,62,61,61,55,34,34,25,0,0],"gold":201,"neow_bonus":"TRANSFORM_CARD","is_daily":false,"chose_seed":false,"campfire_upgraded":2,"win_rate":0.0,"timestamp":1608240079,"path_taken":["R","M","$","R","?","M","T","R","$","E","M","?","?","?","M","BOSS"],"items_purchased_type":["Card","Card","Card","Relic"],"build_version":"2020-12-13","purchased_purges":0,"victory":false,"max_hp_per_floor":[80,80,80,80,80,80,80,80,80,80,80,80,80,80,81,81,81],"card_choices":[{"not_picked":["Guardian:PrimingBeam","Guardian:Preprogram"],"picked":"Guardian:MultiBeam","floor":2.0},{"not_picked":["Guardian:Suspension","Guardian:Clone"],"picked":"Guardian:RollAttack","floor":3.0},{"not_picked":["Guardian:Reroute","Guardian:Recover"],"picked":"Guardian:Preprogram","floor":5.0},{"not_picked":["Guardian:PolyBeam","Guardian:TemporalStrike"],"picked":"Guardian:Preprogram","floor":6},{"not_picked":["Guardian:Reroute","Guardian:Planning"],"picked":"Guardian:Repulse","floor":9},{"not_picked":["Guardian:Preprogram","Guardian:ArmoredProtocol"],"picked":"Guardian:Gem_Cyan","floor":10},{"not_picked":["Guardian:TemporalShield","Guardian:TemporalStrike"],"picked":"Guardian:Gem_Lightblue","floor":11},{"not_picked":["Guardian:AncientConstruct","Guardian:TimeBomb"],"picked":"Guardian:ChargeCore","floor":12},{"not_picked":["Guardian:TemporalStrike","Guardian:Suspension"],"picked":"Guardian:Gem_Red","floor":13},{"not_picked":["Guardian:Planning","Guardian:PolyBeam"],"picked":"Guardian:DecasProtection","floor":14},{"not_picked":["Guardian:Recover","Guardian:PiercingHide"],"picked":"Guardian:PrismaticBeam","floor":15}],"player_experience":618138,"relics_obtained":[{"floor":7,"key":"Boot"},{"floor":10,"key":"Replay:WaspNest"},{"floor":13,"key":"Odd Mushroom"},{"floor":14,"key":"downfall:CloakOfManyFaces"}],"event_choices":[{"damage_healed":0,"gold_gain":0,"player_choice":"Fought Mushrooms","damage_taken":0,"max_hp_gain":0,"max_hp_loss":0,"event_name":"Mushrooms","floor":13,"gold_loss":0}],"is_beta":false,"boss_relics":[],"items_purged_floors":[],"is_endless":false,"potions_floor_spawned":[2,10,12,15],"killed_by":"downfall:Defect","ascension_level":0}}