{"host":"cyh4fejqtcjbfr7k","time":1608185277,"event":{"mods":["2.2 Compatiblity","AchievementEnabler","BaseMod","Colored Map","Colored Powertips","DeckTracker","Downfall","Googly Eyes","Hubris","Infinite Spire","Minty Spire (QoL Compilation)","Replay The Spire","Shop Mod","StSLib","SuperFastMode","Unceasing Turn Reminder"],"gold_per_floor":[118,118,137,137,153,182,182,37,92,92,111,122,42,42,42,144,144,157,157,3,3,3,3,3],"floor_reached":23,"playtime":949,"items_purged":[],"score":215,"play_id":"6a16c06c-f95e-4ce6-9b52-34e95ddf2482","local_time":"20201216230757","is_ascension_mode":true,"campfire_choices":[{"floor":7,"key":"REST"},{"floor":15,"key":"REST"}],"circlet_count":0,"master_deck":["Strike_G","Strike_G","Strike_G","Strike_G","Defend_G","Defend_G","Defend_G","Defend_G","Defend_G","Survivor","Neutralize","Cloak And Dagger","Cloak And Dagger","Hidden Blade","Noxious Fumes","Hidden Blade","Reflex+1","Dagger Spray","Dagger Spray","Infinite Blades","infinitespire:Neurotoxin","Poisoned Stab+1","infinitespire:FutureSight"],"relics":["Ring of the Snake","NeowsBlessing","Replay:Mystery Machine","Snake Skull","ReplayTheSpireMod:TigerMarble","hubris:Towel","Membership Card","hubris:AncientText"],"acts_visited":["Exordium","TheCity"],"potions_floor_usage":[23,23],"damage_taken":[{"damage":0,"enemies":"Jaw Worm","floor":1,"turns":1},{"damage":0,"enemies":"Cultist","floor":3,"turns":1},{"damage":0,"enemies":"2 Louse","floor":5,"turns":1},{"damage":48,"enemies":"Gremlin Nob","floor":6,"turns":6},{"damage":2,"enemies":"Exordium Thugs","floor":11,"turns":4},{"damage":0,"enemies":"Looter","floor":12,"turns":5},{"damage":38,"enemies":"The Guardian","floor":16,"turns":14},{"damage":16,"enemies":"3 Byrds","floor":18,"turns":5},{"damage":64,"enemies":"Gremlin Leader","floor":23,"turns":7}],"seed_played":"5354194880443838612","potions_obtained":[{"floor":11,"key":"DuplicationPotion"},{"floor":18,"key":"champ:CounterPotion"}],"is_trial":false,"path_per_floor":["M","?","M","?","M","E","R","$","T","?","M","M","$","?","R","B",null,"M","?","$","?","AVR","E"],"character_chosen":"THE_SILENT","items_purchased":["Snake Skull","Infinite Blades","Membership Card"],"campfire_rested":2,"item_purchase_floors":[8,13,20],"current_hp_per_floor":[70,70,70,70,70,22,43,43,43,43,41,41,41,41,62,24,70,54,54,54,54,54,0,0],"gold":3,"neow_bonus":"THREE_ENEMY_KILL","is_daily":false,"chose_seed":false,"campfire_upgraded":0,"win_rate":0.0,"timestamp":1608185277,"path_taken":["M","?","?","?","M","E","R","?","T","?","M","M","$","?","R","BOSS","M","?","$","?","AVR","E"],"items_purchased_type":["Relic","Card","Relic"],"build_version":"2020-12-13","purchased_purges":0,"victory":false,"max_hp_per_floor":[70,70,70,70,70,70,70,70,70,70,70,70,70,70,70,70,70,70,70,70,70,70,70,70],"card_choices":[{"not_picked":["Poisoned Stab","Underhanded Strike"],"picked":"Cloak And Dagger","floor":1},{"not_picked":["Underhanded Strike","Catalyst"],"picked":"Cloak And Dagger","floor":3},{"not_picked":["Blur","ReplayTheSpireMod:Exploit Weakness"],"picked":"Noxious Fumes","floor":5},{"not_picked":["Backflip","Blur"],"picked":"Hidden Blade","floor":6},{"not_picked":["ReplayTheSpireMod:From All Sides","Deflect"],"picked":"Dagger Spray","floor":11},{"not_picked":["ReplayTheSpireMod:Tripwire","Dagger Throw"],"picked":"Dagger Spray","floor":12},{"not_picked":["Burst","Malaise"],"picked":"infinitespire:Neurotoxin","floor":16},{"not_picked":["Accuracy","Dodge and Roll"],"picked":"Poisoned Stab+1","floor":18}],"player_experience":571487,"relics_obtained":[{"floor":6,"key":"Replay:Mystery Machine"},{"floor":9,"key":"ReplayTheSpireMod:TigerMarble"}],"event_choices":[{"damage_healed":0,"gold_gain":0,"player_choice":"Ignored","damage_taken":0,"max_hp_gain":0,"max_hp_loss":0,"event_name":"Purifier","floor":2,"gold_loss":0},{"damage_healed":0,"gold_gain":0,"player_choice":"Leave","damage_taken":0,"max_hp_gain":0,"max_hp_loss":0,"event_name":"FaceTrader","floor":21,"gold_loss":0}],"is_beta":false,"boss_relics":[{"not_picked":["Pandora\u0027s Box","Fusion Hammer","Kintsugi"]}],"items_purged_floors":[],"is_endless":false,"potions_floor_spawned":[11,18],"killed_by":"Gremlin Leader","ascension_level":3}}