{"host":"lw874zp3en0pz6a7","time":1608185250,"event":{"mods":["Act Like it!","BaseMod","Downfall","Key Reminder","KinomotoSakuraMod(木之本樱)","LagranYue(拉格朗・月)","Luminous","Marisa（F雨　魔理沙）","Minty Spire (QoL Compilation)","Quick Restart","READ ME - Guardian Mod","Reimu（博丽灵梦）","Remilia（蕾米莉亚）","Replay The Spire","SIMod","SOS（斯巴达之子）","Shop Mod","StSLib","Td1madao Mod","The Administrix","The Bladedancer","The Bug Knight","The Construct","The Cursed","The Gatherer","The Runesmith","The Servant 0.9.4","WarShipGirlsR/战舰少女R mod","Youmu（魂魄妖梦）","[地精首领爬塔]The Maniac","vexMod"],"gold_per_floor":[118,98,98,117,42,75,75,110,134,147,147,179,192,207,207,312,412,432,372,372,386,386,386],"floor_reached":21,"playtime":1085,"items_purged":["Gatherer:Strike_Gatherer"],"score":209,"play_id":"1001e602-ded9-46f7-9cef-80bef3d370a1","local_time":"20201217140730","is_ascension_mode":true,"metric_token":2005,"campfire_choices":[{"data":"Gatherer:Centralize","floor":7,"key":"SMITH"},{"data":"Gatherer:Duplicator","floor":11,"key":"SMITH"},{"data":"Gatherer:SmartManeuver","floor":15,"key":"SMITH"}],"circlet_count":0,"master_deck":["Gatherer:Strike_Gatherer","Gatherer:Strike_Gatherer","Gatherer:Strike_Gatherer","Gatherer:Defend_Gatherer","Gatherer:Defend_Gatherer","Gatherer:Defend_Gatherer","Gatherer:Defend_Gatherer","Gatherer:Defend_Gatherer","Gatherer:Centralize+1","Gatherer:FlowerWhip","Gatherer:Duplicator+1","Gatherer:PoisonMastery","Gatherer:TreeGrowth","Gatherer:ScrollOfPurity","Gatherer:SmartManeuver+1","Gatherer:Pollute","Gatherer:FlamingBottle+1"],"relics":["Gatherer:AlchemyBag","LagranYue:RandomDrawCardRelic","Vajra","RuthlessExorcism:ReiMu","keyreminder:keyreminder","Toy Ornithopter","Bag of Marbles","Replay:Wanted Poster"],"acts_visited":["Exordium","TheCity"],"potions_floor_usage":[6,12],"damage_taken":[{"damage":1,"enemies":"Jaw Worm","floor":1,"turns":6},{"damage":0,"enemies":"Small Slimes","floor":4,"turns":2},{"damage":38,"enemies":"Gremlin Nob","floor":6,"turns":6},{"damage":9,"enemies":"Lagavulin","floor":8,"turns":8},{"damage":0,"enemies":"2 Louse","floor":10,"turns":1},{"damage":9,"enemies":"Gremlin Nob","floor":12,"turns":4},{"damage":6,"enemies":"Red Slaver","floor":13,"turns":4},{"damage":5,"enemies":"Exordium Wildlife","floor":14,"turns":6},{"damage":20,"enemies":"Fading Forest","floor":16,"turns":11},{"damage":14,"enemies":"Spheric Guardian","floor":18,"turns":4},{"damage":2,"enemies":"Chosen","floor":21,"turns":3}],"seed_played":"-3456737022246040240","potions_obtained":[{"floor":4,"key":"Venom Potion"},{"floor":8,"key":"Dexterity Potion"},{"floor":13,"key":"Languid Potion"},{"floor":21,"key":"Guardian:BlockOnCardUsePotion"}],"is_trial":false,"path_per_floor":["M","?","?","M","$","E","R","E","T","M","R","E","M","M","R","B",null,"M","?","?","M"],"character_chosen":"THE_GATHERER","items_purchased":[],"campfire_rested":0,"item_purchase_floors":[],"current_hp_per_floor":[78,78,78,78,78,40,40,31,31,31,31,27,21,16,16,6,79,65,65,65,63,63,63],"gold":386,"neow_bonus":"TEN_PERCENT_HP_BONUS","is_daily":false,"chose_seed":false,"campfire_upgraded":3,"win_rate":0.0,"timestamp":1608185250,"path_taken":["M","?","?","M","$","E","R","E","T","M","R","E","M","M","R","BOSS","M","?","?","?"],"items_purchased_type":[],"build_version":"2020-12-13","purchased_purges":1,"victory":false,"max_hp_per_floor":[79,79,79,79,79,79,79,79,79,79,79,79,79,79,79,79,79,79,79,79,79,79,79],"card_choices":[{"not_picked":["Gatherer:AcidicSpray","Gatherer:ScherryThrow"],"picked":"Gatherer:Duplicator","floor":1},{"not_picked":[],"picked":"Gatherer:PoisonMastery","floor":2},{"not_picked":["Gatherer:AcidicSpray","Gatherer:FlowerFalling"],"picked":"Gatherer:TreeGrowth","floor":4},{"not_picked":["Gatherer:SaveValuables","Gatherer:FlowerBeam"],"picked":"Gatherer:ScrollOfPurity","floor":6},{"not_picked":["Gatherer:BigPouch","Gatherer:DrugPower","Gatherer:GatherMaterial"],"picked":"SKIP","floor":8},{"not_picked":["Gatherer:GatherMaterial","Gatherer:EnergyBasket"],"picked":"Gatherer:SmartManeuver","floor":10},{"not_picked":["Gatherer:FlowerShield","Gatherer:AromaProtection"],"picked":"Gatherer:Pollute","floor":12},{"not_picked":["Gatherer:DrugPower","Gatherer:Convert","Gatherer:TacticalStrike"],"picked":"SKIP","floor":13},{"not_picked":["Gatherer:GatherMaterial","Gatherer:AcidicSpray","Gatherer:Duality"],"picked":"SKIP","floor":14},{"not_picked":["Gatherer:ColorfulGarden","Gatherer:ScrollOfPurity"],"picked":"Gatherer:FlamingBottle","floor":16},{"not_picked":["Gatherer:Polymorphism+1","Gatherer:MiningStrike","Gatherer:VenomBarrier"],"picked":"SKIP","floor":18}],"player_experience":265929,"relics_obtained":[{"floor":6,"key":"Vajra"},{"floor":8,"key":"RuthlessExorcism:ReiMu"},{"floor":9,"key":"Toy Ornithopter"},{"floor":12,"key":"Bag of Marbles"}],"event_choices":[{"cards_removed":["Gatherer:Strike_Gatherer"],"damage_healed":0,"gold_gain":0,"player_choice":"Purged","damage_taken":0,"max_hp_gain":0,"max_hp_loss":0,"event_name":"Purifier","floor":3,"gold_loss":0},{"damage_healed":0,"gold_gain":0,"player_choice":"Upgraded","damage_taken":0,"max_hp_gain":0,"max_hp_loss":0,"event_name":"Upgrade Shrine","floor":20,"gold_loss":0,"cards_upgraded":["Gatherer:FlamingBottle"]}],"is_beta":false,"boss_relics":[{"not_picked":["Cursed Key","Abe\u0027s Treasure"],"picked":"Replay:Wanted Poster"}],"items_purged_floors":[5],"is_endless":false,"potions_floor_spawned":[4,8,13,21],"killed_by":"Chosen","ascension_level":1}}