{"host":"oci94hfetpis6u68","time":1608222931,"event":{"mods":["2.2 Compatiblity","Act Like it!","BaseMod","Better Altar","Better Match","Better Note","Better Sensory Stone","Better Skull","Better Third Choice","Hallownest","Minty Spire (QoL Compilation)","StSLib"],"gold_per_floor":[110,110,35,35,49,77,77,89,89,89,109,109,144,56,56,155,205,215,228,244,244,244,275,275,275,275],"floor_reached":25,"playtime":1796,"items_purged":["Strike_R","Strike_R"],"score":273,"play_id":"1004c544-2ec4-43ea-953a-fb14d3f03d67","local_time":"20201217173531","is_ascension_mode":true,"campfire_choices":[{"data":"Iron Wave","floor":7,"key":"SMITH"},{"data":"Clothesline","floor":12,"key":"SMITH"},{"floor":15,"key":"REST"},{"floor":24,"key":"REST"}],"circlet_count":0,"master_deck":["Strike_R","Bash","Iron Wave+1","Cleave","Intimidate","Thunderclap","Hallownest:skillSlugHide","Hallownest:skillSlugHide","Hallownest:skillSlugHide+1","Hallownest:skillSlugHide","Hallownest:skillSlugHide","Clothesline+1","Fire Breathing","Juggernaut","Iron Wave","Wild Strike","Shrug It Off","Headbutt"],"relics":["Burning Blood","Hallownest:DreamNailRelic","Champion Belt","MawBank","Tiny House","Red Mask","Bird Faced Urn"],"acts_visited":["Exordium","Hallownest:Greenpath"],"potions_floor_usage":[],"damage_taken":[{"damage":2,"enemies":"Hallownest:2_MossCreeps","floor":1,"turns":7},{"damage":46,"enemies":"Hallownest:monsterMarmu","floor":2,"turns":13},{"damage":4,"enemies":"Hallownest:monsterHuskGuard","floor":5,"turns":4},{"damage":21,"enemies":"Hallownest:eliteMossKnight","floor":6,"turns":13},{"damage":5,"enemies":"Hallownest:2_Baldur","floor":8,"turns":3},{"damage":3,"enemies":"Hallownest:Wandering_and_Horned","floor":11,"turns":7},{"damage":34,"enemies":"Hallownest:eliteCrystalGuardian","floor":13,"turns":10},{"damage":22,"enemies":"Hallownest:BossFalseKnight","floor":16,"turns":13},{"damage":24,"enemies":"Hallownest:3_Youths","floor":18,"turns":9},{"damage":19,"enemies":"Hallownest:Guard_and_Sentry","floor":19,"turns":7},{"damage":27,"enemies":"Hallownest:Master_and_Novice","floor":20,"turns":6},{"damage":38,"enemies":"Hallownest:eliteWatcherKnight","floor":23,"turns":14},{"damage":42,"enemies":"Hallownest:eliteSoulWarrior","floor":25,"turns":8}],"seed_played":"-425049109865298478","potions_obtained":[{"floor":5,"key":"Weak Potion"},{"floor":6,"key":"LiquidMemories"},{"floor":16,"key":"SpeedPotion"},{"floor":17,"key":"Fire Potion"},{"floor":18,"key":"Strength Potion"}],"is_trial":false,"path_per_floor":["M","?","$","?","M","E","R","M","T","?","M","R","E","$","R","B",null,"M","M","M","?","?","E","R","E"],"character_chosen":"IRONCLAD","items_purchased":[],"campfire_rested":2,"item_purchase_floors":[],"current_hp_per_floor":[88,48,48,48,50,35,35,36,36,36,39,39,11,11,37,21,93,75,62,41,41,41,9,36,0,0],"gold":275,"neow_bonus":"TEN_PERCENT_HP_BONUS","is_daily":false,"chose_seed":false,"campfire_upgraded":2,"win_rate":0.0,"timestamp":1608222931,"path_taken":["M","?","$","?","M","E","R","?","T","?","M","R","E","?","R","BOSS","M","M","?","?","?","E","R","E"],"items_purchased_type":[],"build_version":"2020-12-13","purchased_purges":2,"victory":false,"max_hp_per_floor":[88,88,88,88,88,88,88,88,88,88,88,88,88,88,88,88,93,93,93,93,93,93,93,93,93,93],"card_choices":[{"not_picked":["Power Through","Sever Soul"],"picked":"Iron Wave","floor":1},{"not_picked":["Armaments","Iron Wave"],"picked":"Cleave","floor":5},{"not_picked":["Power Through","Shockwave"],"picked":"Intimidate","floor":6},{"not_picked":["Sword Boomerang","Berserk"],"picked":"Thunderclap","floor":8},{"not_picked":["Evolve","Clash"],"picked":"Clothesline","floor":11},{"not_picked":["Dual Wield","Heavy Blade"],"picked":"Fire Breathing","floor":13},{"not_picked":["Bludgeon","Berserk"],"picked":"Juggernaut","floor":16},{"not_picked":["Warcry","Bloodletting"],"picked":"Iron Wave","floor":17},{"not_picked":["Anger","Pommel Strike"],"picked":"Wild Strike","floor":18},{"not_picked":["Body Slam","True Grit+1"],"picked":"Shrug It Off","floor":19},{"not_picked":["Heavy Blade","True Grit"],"picked":"Headbutt","floor":20},{"not_picked":["Hemokinesis","Bloodletting","Dual Wield"],"picked":"SKIP","floor":23}],"player_experience":52689,"relics_obtained":[{"floor":6,"key":"Champion Belt"},{"floor":13,"key":"MawBank"},{"floor":23,"key":"Bird Faced Urn"}],"event_choices":[],"is_beta":false,"boss_relics":[{"not_picked":["Velvet Choker","Busted Crown"],"picked":"Tiny House"}],"items_purged_floors":[3,14],"is_endless":false,"potions_floor_spawned":[5,6,16,18],"killed_by":"Hallownest:eliteSoulWarrior","ascension_level":2}}