{"host":"mi0eibewekhugwl1","time":1608226992,"event":{"mods":["AchievementEnabler","BaseMod","Colored Map","Colored Powertips","DeckTracker","Keyboard Shortcuts","Minty Spire (QoL Compilation)","Quick Restart","Rare Cards Sparkle","Relic Stats","StSLib","SuperFastMode","everything is the same but u backflip on backflip"],"gold_per_floor":[117,137,148,148,148,179,29,48,72,72,86,86,86,98,98,177,177,188,188,188,198,216,216,247,247,270,280,280,296,296,307,307,386,386,400,425,435,446,446,446],"floor_reached":39,"playtime":1280,"items_purged":["Strike_G"],"score":860,"play_id":"67e2dcf2-28a9-4a7b-9f12-a82fd16e8ef1","local_time":"20201218024312","is_ascension_mode":true,"campfire_choices":[{"floor":12,"key":"REST"},{"data":"Adrenaline","floor":15,"key":"SMITH"},{"floor":23,"key":"REST"},{"floor":28,"key":"REST"},{"data":"Burst","floor":30,"key":"SMITH"},{"floor":32,"key":"REST"}],"circlet_count":0,"master_deck":["AscendersBane","Strike_G+1","Defend_G","Defend_G","Defend_G","Survivor","Neutralize+1","Dagger Spray","Backstab","Bouncing Flask+1","Adrenaline+1","Leg Sweep","Deadly Poison","Burst+1","Prepared+1","Predator+1","Well Laid Plans+1","Decay","PiercingWail","Blur","Heel Hook","Acrobatics","Tactician+1","Bullet Time","Dodge and Roll+1","Footwork","Catalyst"],"relics":["Ring of the Snake","Snake Skull","Akabeko","Whetstone","Lantern","Astrolabe","Regal Pillow","Bronze Scales","Fusion Hammer","Gambling Chip"],"acts_visited":["Exordium","TheCity","TheBeyond"],"potions_floor_usage":[6,22,24,39],"damage_taken":[{"damage":11,"enemies":"Cultist","floor":1,"turns":5},{"damage":0,"enemies":"Small Slimes","floor":2,"turns":2},{"damage":2,"enemies":"2 Louse","floor":3,"turns":3},{"damage":12,"enemies":"Lagavulin","floor":6,"turns":6},{"damage":0,"enemies":"Lots of Slimes","floor":8,"turns":3},{"damage":5,"enemies":"Large Slime","floor":11,"turns":6},{"damage":0,"enemies":"3 Louse","floor":14,"turns":2},{"damage":11,"enemies":"The Guardian","floor":16,"turns":9},{"damage":4,"enemies":"3 Byrds","floor":18,"turns":6},{"damage":4,"enemies":"2 Thieves","floor":21,"turns":2},{"damage":36,"enemies":"Centurion and Healer","floor":22,"turns":14},{"damage":0,"enemies":"Gremlin Leader","floor":24,"turns":4},{"damage":9,"enemies":"Sentry and Sphere","floor":27,"turns":5},{"damage":15,"enemies":"Chosen and Byrds","floor":29,"turns":5},{"damage":17,"enemies":"Snecko","floor":31,"turns":4},{"damage":26,"enemies":"Champ","floor":33,"turns":11},{"damage":44,"enemies":"3 Darklings","floor":35,"turns":8},{"damage":0,"enemies":"Mind Bloom Boss Battle","floor":36,"turns":5},{"damage":0,"enemies":"Orb Walker","floor":37,"turns":4},{"damage":3,"enemies":"4 Shapes","floor":38,"turns":8},{"damage":11,"enemies":"Jaw Worm Horde","floor":39,"turns":3}],"seed_played":"-8195261240578960301","potions_obtained":[{"floor":1,"key":"AttackPotion"},{"floor":6,"key":"ColorlessPotion"},{"floor":8,"key":"SpeedPotion"},{"floor":21,"key":"BlessingOfTheForge"},{"floor":29,"key":"Block Potion"},{"floor":36,"key":"Ancient Potion"}],"is_trial":false,"path_per_floor":["M","M","M","?","?","E","$","M","T","?","M","R","?","M","R","B",null,"M","?","?","M","M","R","E","?","T","M","R","M","R","M","R","B",null,"M","?","M","M","M"],"character_chosen":"THE_SILENT","items_purchased":["Leg Sweep"],"campfire_rested":4,"item_purchase_floors":[7],"current_hp_per_floor":[48,48,46,46,46,34,34,34,34,34,29,48,48,48,48,37,59,55,55,55,51,15,34,34,34,34,25,59,44,44,27,61,35,58,14,14,14,11,0,0],"gold":446,"neow_bonus":"RANDOM_COMMON_RELIC","is_daily":false,"chose_seed":false,"campfire_upgraded":2,"win_rate":0.0,"timestamp":1608226992,"path_taken":["M","M","M","?","?","E","$","M","T","?","?","R","?","M","R","BOSS","M","?","?","M","?","R","E","?","T","M","R","M","R","M","R","BOSS","M","?","M","M","M"],"items_purchased_type":["Card"],"build_version":"2020-12-13","purchased_purges":1,"victory":false,"max_hp_per_floor":[66,66,66,66,66,66,66,66,66,66,66,66,66,66,66,66,66,66,66,66,66,66,66,66,66,66,66,66,66,66,66,66,66,66,66,66,66,66,66,66],"relic_stats":{"Regal Pillow":30,"counters":[21,115],"Astrolabe":["Prepared","Predator","Well Laid Plans"],"Bronze Scales":[121],"Gambling Chip":[6],"Snake Skull":[169],"Whetstone":["Neutralize","Strike_G"],"obtain_stats":[{"Lantern":10,"Regal Pillow":24,"Astrolabe":17,"Bronze Scales":26,"Gambling Chip":36,"Snake Skull":0,"Fusion Hammer":34,"Whetstone":9,"Akabeko":6,"Ring of the Snake":0},{"Lantern":5,"Regal Pillow":12,"Astrolabe":8,"Bronze Scales":12,"Gambling Chip":18,"Snake Skull":0,"Fusion Hammer":16,"Whetstone":5,"Akabeko":4,"Ring of the Snake":0},{"Lantern":19,"Regal Pillow":62,"Astrolabe":36,"Bronze Scales":62,"Gambling Chip":100,"Snake Skull":0,"Fusion Hammer":87,"Whetstone":19,"Akabeko":16,"Ring of the Snake":0}],"Ring of the Snake":[42]},"card_choices":[{"not_picked":["Predator","Cloak And Dagger"],"picked":"Dagger Spray","floor":1},{"not_picked":["Distraction","Acrobatics"],"picked":"Backstab","floor":2},{"not_picked":["Acrobatics","Deflect"],"picked":"Bouncing Flask","floor":3},{"not_picked":["Flying Knee","Prepared"],"picked":"Adrenaline","floor":6},{"not_picked":["Flying Knee","Sucker Punch","Bouncing Flask"],"picked":"SKIP","floor":8},{"not_picked":["Caltrops","Backflip"],"picked":"Deadly Poison","floor":11},{"not_picked":["Concentrate","Poisoned Stab","Prepared"],"picked":"SKIP","floor":14},{"not_picked":["Die Die Die","Unload"],"picked":"Burst","floor":16},{"not_picked":["Bane","Flying Knee+1","Quick Slash"],"picked":"SKIP","floor":18},{"not_picked":["Distraction","Acrobatics"],"picked":"PiercingWail","floor":21},{"not_picked":["PiercingWail","Deflect"],"picked":"Blur","floor":22},{"not_picked":["All Out Attack","Heel Hook","Underhanded Strike"],"picked":"SKIP","floor":24},{"not_picked":["Deflect","Cloak And Dagger","Dagger Spray"],"picked":"SKIP","floor":27},{"not_picked":["Slice","Quick Slash","Dodge and Roll"],"picked":"SKIP","floor":29},{"not_picked":["Glass Knife","Dodge and Roll"],"picked":"Tactician+1","floor":31},{"not_picked":["Venomology","Burst"],"picked":"Bullet Time","floor":33},{"not_picked":["Underhanded Strike","Quick Slash"],"picked":"Dodge and Roll+1","floor":35},{"not_picked":["Accuracy","Outmaneuver"],"picked":"Footwork","floor":37},{"not_picked":["Sucker Punch","Poisoned Stab"],"picked":"Catalyst","floor":38}],"player_experience":1690411,"relics_obtained":[{"floor":6,"key":"Akabeko"},{"floor":9,"key":"Whetstone"},{"floor":24,"key":"Regal Pillow"},{"floor":26,"key":"Bronze Scales"},{"floor":36,"key":"Gambling Chip"}],"event_choices":[{"damage_healed":0,"gold_gain":0,"player_choice":"Grow","damage_taken":0,"max_hp_gain":0,"max_hp_loss":0,"event_name":"Living Wall","floor":4,"gold_loss":0,"cards_upgraded":["Bouncing Flask"]},{"damage_healed":0,"gold_gain":0,"player_choice":"Ignored","damage_taken":0,"max_hp_gain":0,"max_hp_loss":0,"event_name":"Shining Light","floor":5,"gold_loss":0},{"damage_healed":0,"gold_gain":0,"player_choice":"Gave Potion","damage_taken":0,"relics_obtained":["Lantern"],"max_hp_gain":0,"max_hp_loss":0,"event_name":"WeMeetAgain","floor":10,"gold_loss":0},{"damage_healed":0,"gold_gain":0,"player_choice":"Ignored","damage_taken":0,"max_hp_gain":0,"max_hp_loss":0,"event_name":"Liars Game","floor":13,"gold_loss":0},{"damage_healed":0,"gold_gain":0,"player_choice":"Ignored","damage_taken":0,"max_hp_gain":0,"max_hp_loss":0,"event_name":"Cursed Tome","floor":19,"gold_loss":0},{"damage_healed":0,"gold_gain":0,"player_choice":"Smashed Altar","damage_taken":0,"max_hp_gain":0,"max_hp_loss":0,"event_name":"Forgotten Altar","floor":20,"gold_loss":0,"cards_obtained":["Decay"]},{"damage_healed":0,"gold_gain":0,"cards_transformed":["Strike_G","Defend_G"],"player_choice":"Became Test Subject","damage_taken":0,"max_hp_gain":0,"max_hp_loss":0,"event_name":"Drug Dealer","floor":25,"gold_loss":0,"cards_obtained":["Heel Hook","Acrobatics"]},{"damage_healed":0,"gold_gain":0,"player_choice":"Fight","damage_taken":0,"max_hp_gain":0,"max_hp_loss":0,"event_name":"MindBloom","floor":36,"gold_loss":0}],"is_beta":false,"boss_relics":[{"not_picked":["Empty Cage","Ring of the Serpent"],"picked":"Astrolabe"},{"not_picked":["Tiny House","Black Star"],"picked":"Fusion Hammer"}],"items_purged_floors":[7],"is_endless":false,"potions_floor_spawned":[1,6,8,21,29,36,37,38],"killed_by":"Jaw Worm Horde","ascension_level":20}}