{"host":"p9t7qd83igtcp2bh","time":1608182773,"event":{"mods":["2.2 Compatiblity","AchievementEnabler","BaseMod","Colored Map","Colored Powertips","Custom Start","DeckTracker","Keyboard Shortcuts","Minty Spire (QoL Compilation)","Permanent Neow","Spicy Shops","StSLib","SuperFastMode","everything is the same but u backflip on backflip"],"gold_per_floor":[111,111,128,138,53,53,128,156,156,156,181,194,194,194,194,269,269,285,299,48,48,48,48,48,67,91,91,123,153,264,276,288,300,300],"floor_reached":33,"playtime":891,"items_purged":[],"score":461,"play_id":"d85ae030-2339-4084-bc23-20332d35c66b","local_time":"20201217142613","is_ascension_mode":true,"campfire_choices":[{"data":"Hello World","floor":6,"key":"SMITH"},{"data":"Coolheaded","floor":10,"key":"SMITH"},{"data":"Go for the Eyes","floor":15,"key":"SMITH"},{"data":"Skim","floor":23,"key":"SMITH"},{"data":"Hologram","floor":27,"key":"SMITH"},{"data":"1","floor":32,"key":"LIFT"}],"circlet_count":0,"master_deck":["AscendersBane","Zap","Dualcast","Go for the Eyes+1","Hello World+1","Stack","Coolheaded+1","Streamline","Self Repair","Turbo","Capacitor","Skim+1","Zap","All For One+1","Stack","Gash+1","Self Repair","FTL+1","Scrape+1","Hologram+1","Rip and Tear+1","Scrape+1","Gash+1","Necronomicurse","Conserve Battery","Scrape+1","Stack"],"relics":["Philosopher\u0027s Stone","Molten Egg 2","WingedGreaves","Bird Faced Urn","Tiny Chest","Pandora\u0027s Box","Mummified Hand","Necronomicon","Happy Flower","MawBank","Girya"],"acts_visited":["Exordium","TheCity"],"potions_floor_usage":[19,33,33],"damage_taken":[{"damage":3,"enemies":"Jaw Worm","floor":1,"turns":4},{"damage":0,"enemies":"Cultist","floor":3,"turns":4},{"damage":0,"enemies":"2 Louse","floor":4,"turns":2},{"damage":2,"enemies":"Lagavulin","floor":8,"turns":7},{"damage":33,"enemies":"Gremlin Nob","floor":11,"turns":5},{"damage":5,"enemies":"Looter","floor":12,"turns":4},{"damage":34,"enemies":"The Guardian","floor":16,"turns":14},{"damage":23,"enemies":"2 Thieves","floor":18,"turns":4},{"damage":14,"enemies":"3 Byrds","floor":19,"turns":4},{"damage":7,"enemies":"Snake Plant","floor":25,"turns":3},{"damage":17,"enemies":"Book of Stabbing","floor":28,"turns":3},{"damage":10,"enemies":"Snecko","floor":29,"turns":3},{"damage":76,"enemies":"Automaton","floor":33,"turns":6}],"seed_played":"-477868687983202283","potions_obtained":[{"floor":8,"key":"SteroidPotion"},{"floor":11,"key":"Swift Potion"},{"floor":19,"key":"LiquidBronze"}],"is_trial":false,"path_per_floor":["M","?","M","M","$","R","?","E","T","R","E","M","?","?","R","B",null,"M","M","$","$","T","R","?","M","T","R","E","M","?","?","R","B"],"character_chosen":"DEFECT","items_purchased":["Streamline","Self Repair","Mummified Hand"],"campfire_rested":0,"item_purchase_floors":[5,5,20],"current_hp_per_floor":[61,61,61,61,61,61,50,55,55,55,29,37,34,34,34,13,57,56,55,55,55,55,55,39,54,54,54,48,49,49,49,49,0,0],"gold":300,"neow_bonus":"BOSS_RELIC","is_daily":false,"chose_seed":false,"campfire_upgraded":5,"win_rate":0.0,"timestamp":1608182773,"path_taken":["M","?","?","M","$","R","?","E","T","R","E","M","?","?","R","BOSS","M","?","?","$","?","R","?","M","T","R","E","M","?","?","R","BOSS"],"items_purchased_type":["Card","Card","Relic"],"build_version":"2020-12-13","purchased_purges":0,"victory":false,"max_hp_per_floor":[71,71,71,71,71,71,71,71,71,71,71,71,71,71,71,71,71,71,71,71,71,71,71,71,71,71,71,71,71,71,71,71,71,71],"card_choices":[{"not_picked":["Coolheaded","Steam"],"picked":"Go for the Eyes","floor":1},{"not_picked":["Cold Snap","Hologram"],"picked":"Stack","floor":3},{"not_picked":["Force Field","Ball Lightning"],"picked":"Coolheaded","floor":4},{"not_picked":["Reprogram","Sweeping Beam+1"],"picked":"Turbo","floor":8},{"not_picked":["Redo","Steam"],"picked":"Capacitor","floor":11},{"not_picked":["Ball Lightning+1","Reboot"],"picked":"Skim","floor":12},{"not_picked":["Rainbow","Reboot"],"picked":"All For One+1","floor":16},{"not_picked":["Tempest","Compile Driver+1"],"picked":"Scrape+1","floor":18},{"not_picked":["Force Field","Storm+1"],"picked":"Gash+1","floor":19},{"not_picked":["Static Discharge","Sweeping Beam+1"],"picked":"Conserve Battery","floor":25},{"not_picked":["Electrodynamics","Multi-Cast"],"picked":"Scrape+1","floor":28},{"not_picked":["Compile Driver+1","Steam Power"],"picked":"Stack","floor":29}],"player_experience":552640,"relics_obtained":[{"floor":8,"key":"Molten Egg 2"},{"floor":9,"key":"WingedGreaves"},{"floor":11,"key":"Bird Faced Urn"},{"floor":24,"key":"Necronomicon"},{"floor":26,"key":"Happy Flower"},{"floor":28,"key":"MawBank"}],"event_choices":[{"damage_healed":0,"gold_gain":0,"cards_transformed":["Strike_B"],"player_choice":"Transformed","damage_taken":0,"max_hp_gain":0,"max_hp_loss":0,"event_name":"Transmorgrifier","floor":2,"gold_loss":0,"cards_obtained":["Hello World"]},{"damage_healed":0,"gold_gain":75,"player_choice":"Gather Gold","damage_taken":11,"max_hp_gain":0,"max_hp_loss":0,"event_name":"World of Goop","floor":7,"gold_loss":0},{"damage_healed":0,"gold_gain":0,"player_choice":"Success","damage_taken":3,"relics_obtained":["Tiny Chest"],"max_hp_gain":0,"max_hp_loss":0,"event_name":"Scrap Ooze","floor":13,"gold_loss":0},{"damage_healed":0,"gold_gain":0,"player_choice":"1 cards matched","damage_taken":0,"max_hp_gain":0,"max_hp_loss":0,"event_name":"Match and Keep!","floor":14,"gold_loss":0,"cards_obtained":["Zap"]},{"damage_healed":0,"gold_gain":0,"player_choice":"Obtained Book","damage_taken":16,"max_hp_gain":0,"max_hp_loss":0,"event_name":"Cursed Tome","floor":24,"gold_loss":0},{"damage_healed":0,"gold_gain":99,"player_choice":"Stole From Cult","damage_taken":0,"max_hp_gain":0,"max_hp_loss":0,"event_name":"Nest","floor":30,"gold_loss":0},{"damage_healed":0,"gold_gain":0,"player_choice":"Opened","damage_taken":0,"relics_obtained":["Girya"],"max_hp_gain":0,"max_hp_loss":0,"event_name":"The Mausoleum","floor":31,"gold_loss":0}],"is_beta":false,"boss_relics":[{"not_picked":["Cursed Key","SlaversCollar"],"picked":"Pandora\u0027s Box"}],"items_purged_floors":[],"is_endless":false,"potions_floor_spawned":[8,11,16,19,29],"killed_by":"Automaton","ascension_level":14}}