{"host":"utqe55yv0jihe4d6","time":1608230169,"event":{"mods":["2.2 Compatiblity","AchievementEnabler","BaseMod","Block Reminder","Colored Map","Colored Powertips","Minty Spire (QoL Compilation)","Quick Restart","Rare Cards Sparkle","Relic Stats","SuperFastMode"],"gold_per_floor":[112,123,134,209,209,209,243,243,267,285,285,301,325,325,325,325,325],"floor_reached":16,"playtime":449,"items_purged":[],"score":204,"play_id":"2f50808b-e60d-4591-9906-421cbca9fbb2","local_time":"20201217133609","is_ascension_mode":true,"campfire_choices":[{"data":"Sucker Punch","floor":6,"key":"SMITH"},{"data":"Footwork","floor":8,"key":"SMITH"},{"floor":11,"key":"REST"},{"data":"Blade Dance","floor":15,"key":"SMITH"}],"circlet_count":0,"master_deck":["AscendersBane","Strike_G","Strike_G","Strike_G","Strike_G","Strike_G","Defend_G","Defend_G","Defend_G","Defend_G","Defend_G","Survivor","Neutralize","Decay","Footwork+1","Sucker Punch+1","Bullet Time","Poisoned Stab","Dagger Spray","Blade Dance+1"],"relics":["Ring of the Snake","Du-Vu Doll","Golden Idol","Blood Vial","Ancient Tea Set"],"acts_visited":["Exordium"],"potions_floor_usage":[7,13,16],"damage_taken":[{"damage":0,"enemies":"Cultist","floor":1,"turns":4},{"damage":2,"enemies":"2 Louse","floor":2,"turns":5},{"damage":2,"enemies":"Small Slimes","floor":3,"turns":4},{"damage":21,"enemies":"Gremlin Nob","floor":7,"turns":5},{"damage":5,"enemies":"Looter","floor":10,"turns":4},{"damage":14,"enemies":"3 Louse","floor":12,"turns":3},{"damage":11,"enemies":"Exordium Thugs","floor":13,"turns":4},{"damage":12,"enemies":"Slime Boss","floor":16,"turns":10}],"seed_played":"3929300302954215622","potions_obtained":[{"floor":2,"key":"GhostInAJar"},{"floor":3,"key":"LiquidMemories"},{"floor":12,"key":"GhostInAJar"}],"is_trial":false,"path_per_floor":["M","M","M","?","?","R","E","R","T","M","R","M","M","?","R","B"],"character_chosen":"THE_SILENT","items_purchased":[],"campfire_rested":1,"item_purchase_floors":[],"current_hp_per_floor":[59,57,55,44,44,44,23,23,23,20,38,26,17,6,6,0,0],"gold":325,"neow_bonus":"ONE_RARE_RELIC","is_daily":false,"chose_seed":false,"campfire_upgraded":3,"win_rate":0.0,"timestamp":1608230169,"path_taken":["M","?","M","?","?","R","E","R","T","M","R","M","M","?","R","BOSS"],"items_purchased_type":[],"build_version":"2020-12-13","purchased_purges":0,"victory":false,"max_hp_per_floor":[66,66,66,66,60,60,60,60,60,60,60,60,60,60,60,60,60],"relic_stats":{"Blood Vial":8,"counters":[8,39],"Golden Idol":19,"obtain_stats":[{"Du-Vu Doll":0,"Blood Vial":7,"Golden Idol":5,"Ancient Tea Set":9,"Ring of the Snake":0},{"Du-Vu Doll":0,"Blood Vial":4,"Golden Idol":3,"Ancient Tea Set":4,"Ring of the Snake":0},{"Du-Vu Doll":0,"Blood Vial":18,"Golden Idol":13,"Ancient Tea Set":18,"Ring of the Snake":0}],"Ring of the Snake":[16]},"card_choices":[{"not_picked":["Outmaneuver","Cloak And Dagger"],"picked":"Footwork","floor":1},{"not_picked":["Leg Sweep","Backflip"],"picked":"Sucker Punch","floor":2},{"not_picked":["Sucker Punch","Bullet Time","Underhanded Strike"],"picked":"SKIP","floor":3},{"not_picked":["Sucker Punch","Underhanded Strike"],"picked":"Bullet Time","floor":3},{"not_picked":["Footwork","Slice"],"picked":"Poisoned Stab","floor":7},{"not_picked":["Bouncing Flask","Prepared"],"picked":"Dagger Spray","floor":10},{"not_picked":["Concentrate","Bane"],"picked":"Blade Dance","floor":12},{"not_picked":["Concentrate","Outmaneuver","Eviscerate"],"picked":"SKIP","floor":13}],"player_experience":2783811,"relics_obtained":[{"floor":7,"key":"Blood Vial"},{"floor":9,"key":"Ancient Tea Set"}],"event_choices":[{"damage_healed":0,"gold_gain":75,"player_choice":"Gather Gold","damage_taken":11,"max_hp_gain":0,"max_hp_loss":0,"event_name":"World of Goop","floor":4,"gold_loss":0},{"damage_healed":0,"gold_gain":0,"player_choice":"Lose Max HP","damage_taken":0,"relics_obtained":["Golden Idol"],"max_hp_gain":0,"max_hp_loss":6,"event_name":"Golden Idol","floor":5,"gold_loss":0},{"damage_healed":0,"gold_gain":0,"player_choice":"Fled","damage_taken":11,"max_hp_gain":0,"max_hp_loss":0,"event_name":"Scrap Ooze","floor":14,"gold_loss":0}],"is_beta":false,"boss_relics":[],"items_purged_floors":[],"is_endless":false,"potions_floor_spawned":[2,3,12],"killed_by":"Slime Boss","ascension_level":20}}