{"host":"jwbw4f4imxd0v0b0","time":1608174158,"event":{"mods":["BaseMod","Colored Map","Highlight Path","Minty Spire (QoL Compilation)","Relic Stats","StSLib"],"gold_per_floor":[114,114,129,204,11,41,41,56,56,71,71,86,6,36,36,136,136,151,180,180,90,105,105,105,135,160,160,175,25,25,25,25,125,125,140,140,190,190,27,27,27],"floor_reached":40,"playtime":1691,"items_purged":["Pain"],"score":483,"play_id":"38a3c142-3998-4272-84f0-2ea86f8ade4e","local_time":"20201216210238","daily_mods":["Specialized","Flight","Lethality"],"is_ascension_mode":false,"campfire_choices":[{"data":"Genetic Algorithm","floor":7.0,"key":"SMITH"},{"data":"Apotheosis","floor":11.0,"key":"SMITH"},{"data":"Seek","floor":15.0,"key":"SMITH"},{"floor":23.0,"key":"REST"},{"floor":24.0,"key":"REST"},{"data":"Defragment","floor":27.0,"key":"SMITH"},{"floor":30,"key":"REST"},{"data":"Loop","floor":32,"key":"SMITH"}],"circlet_count":0,"master_deck":["Defend_B","Defend_B","Defend_B","Defend_B","Zap","Dualcast+1","White Noise","White Noise","White Noise","Ball Lightning","Steam","Barrage","Apotheosis+1","Turbo","Genetic Algorithm+1","Beam Cell","Force Field","Go for the Eyes","Loop+1","Seek+1","Amplify","Auto Shields+1","Conserve Battery+1","Beam Cell+1","Recycle+1","Force Field","Bite","Bite","Bite","Bite","Bite","Defragment+1","Conserve Battery+1","Aggregate","Biased Cognition","Madness","Madness","Capacitor","Capacitor"],"relics":["Cracked Core","Strawberry","Pear","Bottled Flame","Astrolabe","Red Mask","Bottled Tornado","MealTicket","Vajra","Coffee Dripper","Emotion Chip","WarpedTongs"],"acts_visited":["Exordium","TheCity","TheBeyond"],"potions_floor_usage":[37,40,40],"damage_taken":[{"damage":0.0,"enemies":"Cultist","floor":1.0,"turns":3.0},{"damage":0.0,"enemies":"2 Louse","floor":3.0,"turns":2.0},{"damage":8.0,"enemies":"3 Sentries","floor":6.0,"turns":4.0},{"damage":0.0,"enemies":"Jaw Worm","floor":8.0,"turns":3.0},{"damage":4.0,"enemies":"2 Fungi Beasts","floor":10.0,"turns":4.0},{"damage":11.0,"enemies":"3 Louse","floor":12.0,"turns":3.0},{"damage":0.0,"enemies":"Gremlin Nob","floor":14.0,"turns":2.0},{"damage":32.0,"enemies":"Hexaghost","floor":16.0,"turns":8.0},{"damage":30.0,"enemies":"3 Byrds","floor":18.0,"turns":2.0},{"damage":32.0,"enemies":"Masked Bandits","floor":19.0,"turns":5.0},{"damage":12.0,"enemies":"Chosen","floor":22.0,"turns":5.0},{"damage":37.0,"enemies":"Slavers","floor":25.0,"turns":5.0},{"damage":39,"enemies":"Centurion and Healer","floor":28,"turns":5},{"damage":31,"enemies":"Champ","floor":33,"turns":9},{"damage":4,"enemies":"3 Shapes","floor":35,"turns":3},{"damage":35,"enemies":"Mind Bloom Boss Battle","floor":37,"turns":7},{"damage":85,"enemies":"Nemesis","floor":40,"turns":6}],"seed_played":"-4230686447748436371","potions_obtained":[{"floor":6.0,"key":"FearPotion"},{"floor":8.0,"key":"Block Potion"},{"floor":12.0,"key":"Dexterity Potion"},{"floor":14.0,"key":"EssenceOfSteel"},{"floor":22.0,"key":"Energy Potion"},{"floor":28,"key":"SkillPotion"},{"floor":33,"key":"Explosive Potion"},{"floor":37,"key":"Swift Potion"}],"is_trial":false,"path_per_floor":["M","?","M","?","$","E","R","M","T","M","R","M","$","E","R","B",null,"M","?","?","?","M","R","R","E","T","R","M","$","R","?","R","B",null,"M","?","?","?","$","E"],"character_chosen":"DEFECT","items_purchased":["Apotheosis","Turbo","Loop","Vajra","Capacitor","PowerPotion"],"campfire_rested":3,"item_purchase_floors":[5,5,13,29,39,39],"current_hp_per_floor":[75,75,75,64,64,63,63,63,73,69,69,58,58,58,58,26,92,62,30,30,30,25,44,63,38,38,38,8,23,42,31,31,15,69,68,59,45,45,60,0,0],"gold":27,"neow_bonus":"","is_daily":true,"chose_seed":false,"campfire_upgraded":5,"win_rate":0.0,"timestamp":1608174158,"path_taken":["M","?","M","?","$","E","R","M","T","M","R","M","?","E","R","BOSS","M","?","?","?","M","R","R","E","T","R","?","$","R","?","R","BOSS","M","?","?","?","$","E"],"items_purchased_type":["Card","Card","Card","Relic","Card","Potion"],"build_version":"2020-12-13","purchased_purges":1,"victory":false,"max_hp_per_floor":[75,75,75,75,75,82,82,82,92,92,92,92,92,92,92,92,92,92,92,64,64,64,64,64,64,64,64,64,64,64,69,69,69,69,69,69,69,69,69,69,69],"relic_stats":{"Emotion Chip":[2,2,0,0,0],"counters":[17,75],"Astrolabe":["Auto Shields","Conserve Battery","Beam Cell"],"MealTicket":30,"obtain_stats":[{"Bottled Flame":14,"Emotion Chip":37,"Pear":9,"Strawberry":6,"Astrolabe":17,"Vajra":29,"MealTicket":26,"Red Mask":19,"Coffee Dripper":34,"Bottled Tornado":25,"Cracked Core":0,"WarpedTongs":38},{"Bottled Flame":7,"Emotion Chip":16,"Pear":4,"Strawberry":3,"Astrolabe":8,"Vajra":13,"MealTicket":12,"Red Mask":10,"Coffee Dripper":14,"Bottled Tornado":12,"Cracked Core":0,"WarpedTongs":16},{"Bottled Flame":21,"Emotion Chip":69,"Pear":12,"Strawberry":9,"Astrolabe":28,"Vajra":50,"MealTicket":45,"Red Mask":35,"Coffee Dripper":59,"Bottled Tornado":45,"Cracked Core":0,"WarpedTongs":69}],"WarpedTongs":[2]},"card_choices":[{"not_picked":["Redo","Self Repair"],"picked":"Ball Lightning","floor":1.0},{"not_picked":["Blizzard","Storm"],"picked":"Barrage","floor":3.0},{"not_picked":["Auto Shields","Reinforced Body"],"picked":"Genetic Algorithm","floor":6.0},{"not_picked":["Steam","Chaos"],"picked":"Beam Cell","floor":8.0},{"not_picked":["Barrage","Ball Lightning"],"picked":"Force Field","floor":10.0},{"not_picked":["Steam","Conserve Battery"],"picked":"Go for the Eyes","floor":12.0},{"not_picked":["Cold Snap","Capacitor"],"picked":"Seek","floor":14.0},{"not_picked":["Hyperbeam","All For One"],"picked":"Amplify","floor":16.0},{"not_picked":["Compile Driver","Stack"],"picked":"Recycle+1","floor":18.0},{"not_picked":["Stack","Hologram"],"picked":"Force Field","floor":19.0},{"not_picked":["Sweeping Beam","Gash"],"picked":"Defragment","floor":22.0},{"not_picked":["Fusion","Scrape"],"picked":"Conserve Battery+1","floor":25.0},{"not_picked":["Compile Driver","Redo"],"picked":"Aggregate","floor":28},{"not_picked":["Reboot","Meteor Strike"],"picked":"Biased Cognition","floor":33},{"not_picked":["Darkness+1","Self Repair","Ball Lightning+1"],"picked":"SKIP","floor":35},{"not_picked":["Steam+1","Streamline"],"picked":"Capacitor","floor":37}],"player_experience":931276,"relics_obtained":[{"floor":6.0,"key":"Strawberry"},{"floor":9.0,"key":"Pear"},{"floor":14.0,"key":"Bottled Flame"},{"floor":19.0,"key":"Red Mask"},{"floor":25.0,"key":"Bottled Tornado"},{"floor":26.0,"key":"MealTicket"},{"floor":37,"key":"Emotion Chip"}],"event_choices":[{"damage_healed":0.0,"max_hp_gain":0.0,"max_hp_loss":0.0,"gold_gain":0.0,"cards_transformed":["White Noise"],"event_name":"Living Wall","player_choice":"Change","floor":2.0,"gold_loss":0.0,"damage_taken":0.0,"cards_obtained":["Steam"]},{"damage_healed":0.0,"max_hp_gain":0.0,"max_hp_loss":0.0,"gold_gain":75.0,"event_name":"World of Goop","player_choice":"Gather Gold","floor":4.0,"gold_loss":0.0,"damage_taken":11.0},{"damage_healed":0.0,"max_hp_gain":0.0,"max_hp_loss":0.0,"gold_gain":0.0,"event_name":"Masked Bandits","player_choice":"Fought Bandits","floor":19.0,"gold_loss":0.0,"damage_taken":0.0},{"damage_healed":0.0,"max_hp_gain":0.0,"max_hp_loss":28.0,"gold_gain":0.0,"event_name":"Vampires","player_choice":"Became a vampire","floor":20.0,"gold_loss":0.0,"damage_taken":0.0,"cards_obtained":["Bite","Bite","Bite","Bite","Bite"]},{"cards_removed":["White Noise"],"damage_healed":0.0,"max_hp_gain":0.0,"max_hp_loss":0.0,"gold_gain":0.0,"event_name":"Designer","player_choice":"Upgrade and Remove","floor":21.0,"gold_loss":90.0,"damage_taken":0.0,"cards_upgraded":["Dualcast"]},{"damage_healed":0,"gold_gain":0,"player_choice":"Shed Blood","damage_taken":16,"max_hp_gain":5,"max_hp_loss":0,"event_name":"Forgotten Altar","floor":31,"gold_loss":0},{"damage_healed":0,"gold_gain":0,"player_choice":"Embrace Madness","damage_taken":9,"max_hp_gain":0,"max_hp_loss":0,"event_name":"Winding Halls","floor":36,"gold_loss":0,"cards_obtained":["Madness","Madness"]},{"damage_healed":0,"gold_gain":0,"player_choice":"Fight","damage_taken":0,"max_hp_gain":0,"max_hp_loss":0,"event_name":"MindBloom","floor":37,"gold_loss":0},{"damage_healed":0,"gold_gain":0,"player_choice":"Rummage","damage_taken":0,"relics_obtained":["WarpedTongs"],"max_hp_gain":0,"max_hp_loss":0,"event_name":"Accursed Blacksmith","floor":38,"gold_loss":0,"cards_obtained":["Pain"]}],"is_beta":false,"boss_relics":[{"not_picked":["Runic Pyramid","Busted Crown"],"picked":"Astrolabe"},{"not_picked":["SacredBark","Black Star"],"picked":"Coffee Dripper"}],"items_purged_floors":[39],"is_endless":false,"potions_floor_spawned":[6,8,12,14,22,28,33,37],"killed_by":"Nemesis","ascension_level":0}}