{"host":"owox7x4ngjt9htcc","time":1608183719,"event":{"mods":["BaseMod","Colored Map","DeckTracker","Keyboard Shortcuts","Minty Spire (QoL Compilation)","SuperFastMode"],"gold_per_floor":[114,114,189,23,23,61,61,80,80,80,118,118,38,76,76,201,201,220,21,21,21,40,40,78,116,141,141,141,141,141,191,191,316,316,335,335,354,1353,785,785,823,823,848,848,291,291,310,329,329,329,329],"floor_reached":50,"playtime":1321,"items_purged":["Normality","Normality"],"score":666,"play_id":"89635c81-80b7-430e-b239-bcee581a3568","local_time":"20201217144159","daily_mods":["Specialized","Flight","Lethality"],"is_ascension_mode":false,"campfire_choices":[{"floor":7.0,"key":"REST"},{"data":"Apotheosis","floor":12.0,"key":"SMITH"},{"floor":15.0,"key":"REST"},{"floor":23.0,"key":"REST"},{"floor":29.0,"key":"REST"},{"floor":32.0,"key":"REST"},{"floor":40.0,"key":"REST"},{"floor":44.0,"key":"REST"},{"data":"Echo Form","floor":49.0,"key":"SMITH"}],"circlet_count":0,"master_deck":["Strike_B","Strike_B","Strike_B","Strike_B","Defend_B","Defend_B","Defend_B","Defend_B","Zap+1","Dualcast","White Noise+1","White Noise","White Noise","White Noise","White Noise","Self Repair","Apotheosis+1","Reinforced Body","Chill","Defragment","Recycle+1","Machine Learning","Stack+1","Leap","Loop+1","Gash","Core Surge","Ball Lightning+1","Capacitor","Stack","Capacitor","Echo Form+1","Coolheaded","Ball Lightning","Parasite"],"relics":["Cracked Core","Golden Idol","Strawberry","Pear","Sundial","Bottled Tornado","Runic Pyramid","Vajra","MealTicket","Centennial Puzzle","Tiny Chest","Blood Vial","Black Star","Symbiotic Virus","HandDrill","Toy Ornithopter","War Paint","Pantograph","Dream Catcher","Membership Card","Gremlin Horn","Meat on the Bone"],"acts_visited":["Exordium","TheCity","TheBeyond"],"potions_floor_usage":[50,50],"damage_taken":[{"damage":4.0,"enemies":"Cultist","floor":1.0,"turns":3.0},{"damage":31.0,"enemies":"3 Sentries","floor":6.0,"turns":6.0},{"damage":0.0,"enemies":"2 Louse","floor":8.0,"turns":1.0},{"damage":23.0,"enemies":"Gremlin Nob","floor":11.0,"turns":3.0},{"damage":21.0,"enemies":"3 Sentries","floor":14.0,"turns":7.0},{"damage":49.0,"enemies":"Hexaghost","floor":16.0,"turns":6.0},{"damage":39.0,"enemies":"3 Byrds","floor":18.0,"turns":2.0},{"damage":16.0,"enemies":"Chosen","floor":22.0,"turns":5.0},{"damage":25.0,"enemies":"Slavers","floor":24.0,"turns":5.0},{"damage":18.0,"enemies":"Book of Stabbing","floor":25.0,"turns":8.0},{"damage":39.0,"enemies":"Colosseum Slavers","floor":28.0,"turns":4.0},{"damage":4.0,"enemies":"Champ","floor":33.0,"turns":10.0},{"damage":4.0,"enemies":"3 Shapes","floor":35.0,"turns":3.0},{"damage":72.0,"enemies":"3 Darklings","floor":37.0,"turns":6.0},{"damage":53.0,"enemies":"Nemesis","floor":41.0,"turns":9.0},{"damage":24.0,"enemies":"Maw","floor":47.0,"turns":7.0},{"damage":14.0,"enemies":"Writhing Mass","floor":48.0,"turns":6.0},{"damage":96,"enemies":"Awakened One","floor":50,"turns":5}],"seed_played":"-4230686447748436371","potions_obtained":[{"floor":8.0,"key":"FearPotion"},{"floor":11.0,"key":"Block Potion"},{"floor":18.0,"key":"Block Potion"},{"floor":25.0,"key":"Explosive Potion"},{"floor":33.0,"key":"Swift Potion"},{"floor":35.0,"key":"PowerPotion"},{"floor":36.0,"key":"PotionOfCapacity"},{"floor":36.0,"key":"DuplicationPotion"},{"floor":37.0,"key":"CultistPotion"}],"is_trial":false,"path_per_floor":["M","?","?","$","?","E","R","M","T","?","E","R","$","E","R","B",null,"M","$","$","?","M","R","E","E","T","?","?","R","?","T","R","B",null,"M","?","M","?","$","R","E","T","T","R","$","?","M","M","R","B"],"character_chosen":"DEFECT","items_purchased":["Apotheosis","Defragment","Vajra","Leap","Stack","Symbiotic Virus","HandDrill","Capacitor","Membership Card","Echo Form","Coolheaded","Gremlin Horn","Meat on the Bone"],"campfire_rested":7,"item_purchase_floors":[4,13,19,19,39,39,39,39,45,45,45,45,45],"current_hp_per_floor":[71,71,60,60,42,28,52,52,62,62,49,49,49,35,62,23,92,53,53,53,53,44,71,56,58,58,58,33,60,54,54,81,86,92,88,88,38,38,53,80,39,39,39,66,81,81,79,81,81,0,0],"gold":329,"neow_bonus":"","is_daily":true,"chose_seed":false,"campfire_upgraded":2,"win_rate":0.0,"timestamp":1608183719,"path_taken":["M","?","?","?","?","E","R","M","T","?","E","R","?","E","R","BOSS","M","$","?","?","M","R","E","E","T","?","?","R","?","?","R","BOSS","M","?","?","?","$","R","E","?","T","R","$","?","M","?","R","BOSS"],"items_purchased_type":["Card","Card","Relic","Card","Card","Relic","Relic","Card","Relic","Card","Card","Relic","Relic"],"build_version":"2020-12-13","purchased_purges":2,"victory":false,"max_hp_per_floor":[75,75,75,75,75,82,82,82,92,92,92,92,92,92,92,92,92,92,92,92,92,92,92,92,92,92,92,92,92,92,92,92,92,92,92,92,92,92,92,92,92,92,92,92,92,92,92,92,92,92,92],"card_choices":[{"not_picked":["Redo","Ball Lightning"],"picked":"Self Repair","floor":1.0},{"not_picked":["Streamline","Redo","Compile Driver"],"picked":"SKIP","floor":6.0},{"not_picked":["Genetic Algorithm","Auto Shields"],"picked":"Reinforced Body","floor":8.0},{"not_picked":["Steam","Chaos"],"picked":"Chill","floor":11.0},{"not_picked":["Tempest","Self Repair"],"picked":"Recycle","floor":14.0},{"not_picked":["Amplify","Fission"],"picked":"Machine Learning","floor":16.0},{"not_picked":["Recycle+1","Compile Driver"],"picked":"Stack","floor":18.0},{"not_picked":["Steam","Go for the Eyes"],"picked":"Loop+1","floor":22.0},{"not_picked":["Cold Snap","Stack","Static Discharge"],"picked":"SKIP","floor":24.0},{"not_picked":["FTL+1","Blizzard"],"picked":"Gash","floor":25.0},{"not_picked":["Biased Cognition","All For One"],"picked":"Core Surge","floor":33.0},{"not_picked":["Darkness+1","Self Repair"],"picked":"Ball Lightning+1","floor":35.0},{"not_picked":["Steam+1","Streamline"],"picked":"Capacitor","floor":37.0},{"not_picked":["Compile Driver","Steam","Rebound"],"picked":"SKIP","floor":41.0},{"not_picked":["Scrape","Genetic Algorithm+1"],"picked":"Ball Lightning","floor":47.0},{"not_picked":["Echo Form","Cold Snap","Stack+1"],"picked":"SKIP","floor":48.0}],"player_experience":841521,"relics_obtained":[{"floor":6.0,"key":"Strawberry"},{"floor":9.0,"key":"Pear"},{"floor":11.0,"key":"Sundial"},{"floor":14.0,"key":"Bottled Tornado"},{"floor":24.0,"key":"MealTicket"},{"floor":25.0,"key":"Centennial Puzzle"},{"floor":26.0,"key":"Tiny Chest"},{"floor":31.0,"key":"Blood Vial"},{"floor":41.0,"key":"Toy Ornithopter"},{"floor":41.0,"key":"War Paint"},{"floor":42.0,"key":"Pantograph"},{"floor":43.0,"key":"Dream Catcher"}],"event_choices":[{"damage_healed":0.0,"max_hp_gain":0.0,"max_hp_loss":0.0,"gold_gain":0.0,"event_name":"Living Wall","player_choice":"Grow","floor":2.0,"gold_loss":0.0,"damage_taken":0.0,"cards_upgraded":["Zap"]},{"damage_healed":0.0,"max_hp_gain":0.0,"max_hp_loss":0.0,"gold_gain":75.0,"event_name":"World of Goop","player_choice":"Gather Gold","floor":3.0,"gold_loss":0.0,"damage_taken":11.0},{"damage_healed":0.0,"max_hp_gain":0.0,"max_hp_loss":0.0,"gold_gain":0.0,"event_name":"Golden Idol","player_choice":"Take Damage","floor":5.0,"gold_loss":0.0,"damage_taken":18.0,"relics_obtained":["Golden Idol"]},{"damage_healed":0.0,"max_hp_gain":0.0,"max_hp_loss":0.0,"gold_gain":0.0,"event_name":"Scrap Ooze","player_choice":"Fled","floor":10.0,"gold_loss":0.0,"damage_taken":0.0},{"damage_healed":0.0,"max_hp_gain":0.0,"max_hp_loss":0.0,"gold_gain":0.0,"event_name":"Cursed Tome","player_choice":"Ignored","floor":21.0,"gold_loss":0.0,"damage_taken":0.0},{"damage_healed":0.0,"max_hp_gain":0.0,"max_hp_loss":0.0,"gold_gain":0.0,"event_name":"Vampires","player_choice":"Ignored","floor":27.0,"gold_loss":0.0,"damage_taken":0.0},{"damage_healed":0.0,"max_hp_gain":0.0,"max_hp_loss":0.0,"gold_gain":0.0,"event_name":"Colosseum","player_choice":"Fight","floor":28.0,"gold_loss":0.0,"damage_taken":0.0},{"damage_healed":0.0,"max_hp_gain":0.0,"max_hp_loss":0.0,"gold_gain":0.0,"event_name":"Colosseum","player_choice":"Fled From Nobs","floor":28.0,"gold_loss":0.0,"damage_taken":0.0},{"damage_healed":0.0,"max_hp_gain":0.0,"max_hp_loss":0.0,"gold_gain":0.0,"event_name":"Knowing Skull","player_choice":"","floor":30.0,"potions_obtained":[],"gold_loss":0.0,"damage_taken":6.0,"cards_obtained":[]},{"damage_healed":0.0,"max_hp_gain":0.0,"max_hp_loss":0.0,"gold_gain":0.0,"event_name":"Lab","player_choice":"Got Potions","floor":36.0,"gold_loss":0.0,"damage_taken":0.0},{"damage_healed":0.0,"max_hp_gain":0.0,"max_hp_loss":0.0,"gold_gain":999.0,"event_name":"MindBloom","player_choice":"Gold","floor":38.0,"gold_loss":0.0,"damage_taken":0.0,"cards_obtained":["Normality","Normality"]},{"damage_healed":0.0,"max_hp_gain":0.0,"max_hp_loss":0.0,"gold_gain":0.0,"event_name":"Upgrade Shrine","player_choice":"Upgraded","floor":46.0,"gold_loss":0.0,"damage_taken":0.0,"cards_upgraded":["Recycle"]}],"is_beta":false,"boss_relics":[{"not_picked":["Astrolabe","Busted Crown"],"picked":"Runic Pyramid"},{"not_picked":["SacredBark","Coffee Dripper"],"picked":"Black Star"}],"items_purged_floors":[39,45],"is_endless":false,"potions_floor_spawned":[8,11,18,25,33,35,37,48],"killed_by":"Awakened One","ascension_level":0}}