{"host":"6ko66ogg91i6g7xq","time":1608190084,"event":{"mods":["AchievementEnabler","Act Like it!","BaseMod","Colored Map","Colored Powertips","Downfall","Hermit","Minty Spire (QoL Compilation)","Quick Restart","Relic Stats","StSLib","The Jungle","everything is the same but u backflip on backflip"],"gold_per_floor":[118,118,128,128,128,128,154,173,197,223,45,45,8,36,36,135,135,151,151,2,17,17,17,43,43,94,94,117,42,52,69,69,172,172,188,205,117,131,149,149,169,189,214,214,214],"floor_reached":44,"playtime":1222,"items_purged":["Regret"],"score":521,"play_id":"6b8a1428-e9ef-4b79-9b14-28b4055ace57","local_time":"20201217022804","is_ascension_mode":true,"campfire_choices":[{"floor":6,"key":"RECALL"},{"data":"Noxious Fumes","floor":12,"key":"SMITH"},{"floor":15,"key":"REST"},{"data":"Accuracy","floor":23,"key":"SMITH"},{"data":"Adrenaline","floor":25,"key":"SMITH"},{"data":"Adrenaline","floor":27,"key":"SMITH"},{"data":"Storm of Steel","floor":32,"key":"SMITH"},{"floor":40,"key":"REST"}],"circlet_count":0,"master_deck":["Strike_G","Strike_G","Strike_G","Strike_G","Strike_G","Defend_G","Defend_G","Defend_G","Defend_G","Defend_G","Survivor","Neutralize","Accuracy+1","Backflip","Noxious Fumes+1","Adrenaline+1","Blade Dance","Accuracy","Dagger Spray","Noxious Fumes","Dagger Spray","Storm of Steel+1","Backstab","Adrenaline+1","Cloak And Dagger","Footwork+1","Backstab","Glass Knife","Footwork+1","Heel Hook+1","Blade Dance","Skewer+1","Normality"],"relics":["Ring of the Snake","NeowsBlessing","PreservedInsect","Boot","Lantern","Bottled Lightning","Bag of Marbles","SlaversCollar","TwistedFunnel","Ice Cream","Oddly Smooth Stone","Regal Pillow","Cursed Key","Smiling Mask"],"acts_visited":["Exordium","TheCity","TheBeyond"],"potions_floor_usage":[10,30,33,35],"damage_taken":[{"damage":0,"enemies":"Small Slimes","floor":1,"turns":1},{"damage":0,"enemies":"Cultist","floor":3,"turns":1},{"damage":0,"enemies":"Lagavulin","floor":7,"turns":1},{"damage":0,"enemies":"2 Louse","floor":8,"turns":3},{"damage":21,"enemies":"Gremlin Nob","floor":10,"turns":5},{"damage":12,"enemies":"3 Sentries","floor":14,"turns":5},{"damage":34,"enemies":"The Guardian","floor":16,"turns":8},{"damage":11,"enemies":"Shell Parasite","floor":18,"turns":6},{"damage":3,"enemies":"Chosen","floor":21,"turns":3},{"damage":0,"enemies":"Gremlin Leader","floor":24,"turns":3},{"damage":0,"enemies":"3 Cultists","floor":30,"turns":2},{"damage":0,"enemies":"Centurion and Healer","floor":31,"turns":3},{"damage":41,"enemies":"Champ","floor":33,"turns":8},{"damage":7,"enemies":"3 Darklings","floor":35,"turns":3},{"damage":0,"enemies":"3 Shapes","floor":36,"turns":3},{"damage":39,"enemies":"Transient","floor":38,"turns":5},{"damage":0,"enemies":"3 Darklings","floor":39,"turns":3},{"damage":13,"enemies":"4 Shapes","floor":41,"turns":5},{"damage":12,"enemies":"Sphere and 2 Shapes","floor":42,"turns":5},{"damage":24,"enemies":"Writhing Mass","floor":44,"turns":3}],"seed_played":"8175440665451891351","potions_obtained":[{"floor":3,"key":"champ:CounterPotion"},{"floor":7,"key":"SkillPotion"},{"floor":8,"key":"Swift Potion"},{"floor":24,"key":"ColorlessPotion"},{"floor":41,"key":"Explosive Potion"},{"floor":42,"key":"sneckomod:MuddlingPotion"}],"is_trial":false,"path_per_floor":["M","?","M","?","?","R","E","M","T","E","$","R","$","E","R","B",null,"M","?","$","M","$","R","E","R","T","R","T","$","M","M","R","B",null,"M","M","?","M","M","R","M","M","T","M"],"character_chosen":"THE_SILENT","items_purchased":["Blade Dance","Accuracy","Dagger Spray","Noxious Fumes","TwistedFunnel"],"campfire_rested":2,"item_purchase_floors":[11,11,11,13,20],"current_hp_per_floor":[70,70,70,70,70,70,70,70,70,49,49,49,49,37,58,24,70,59,59,59,56,56,56,56,56,56,56,56,56,56,56,56,15,70,63,63,63,24,24,60,47,35,35,11,11],"gold":214,"neow_bonus":"THREE_ENEMY_KILL","is_daily":false,"chose_seed":false,"campfire_upgraded":5,"win_rate":0.0,"timestamp":1608190084,"path_taken":["M","?","?","?","?","R","E","M","T","E","$","R","$","E","R","BOSS","M","?","$","?","$","R","E","R","T","R","?","$","M","M","R","BOSS","M","M","?","?","M","R","?","M","T","M"],"items_purchased_type":["Card","Card","Card","Card","Relic"],"build_version":"2020-12-13","purchased_purges":1,"victory":false,"max_hp_per_floor":[70,70,70,70,70,70,70,70,70,70,70,70,70,70,70,70,70,70,70,70,70,70,70,70,70,70,70,70,70,70,70,70,70,70,70,70,70,70,70,70,70,70,70,70,70],"relic_stats":{"Regal Pillow":15,"counters":[20,76],"PreservedInsect":98,"Boot":[101],"Cursed Key":1,"Smiling Mask":0,"obtain_stats":[{"TwistedFunnel":20,"Ice Cream":24,"Lantern":9,"Regal Pillow":28,"NeowsBlessing":0,"Oddly Smooth Stone":26,"PreservedInsect":5,"Boot":7,"Cursed Key":34,"Smiling Mask":37,"SlaversCollar":17,"Bag of Marbles":14,"Bottled Lightning":10,"Ring of the Snake":0},{"TwistedFunnel":8,"Ice Cream":10,"Lantern":4,"Regal Pillow":10,"NeowsBlessing":0,"Oddly Smooth Stone":10,"PreservedInsect":2,"Boot":3,"Cursed Key":13,"Smiling Mask":15,"SlaversCollar":7,"Bag of Marbles":6,"Bottled Lightning":5,"Ring of the Snake":0},{"TwistedFunnel":30,"Ice Cream":36,"Lantern":6,"Regal Pillow":36,"NeowsBlessing":0,"Oddly Smooth Stone":36,"PreservedInsect":2,"Boot":3,"Cursed Key":49,"Smiling Mask":55,"SlaversCollar":24,"Bag of Marbles":16,"Bottled Lightning":11,"Ring of the Snake":0}],"Ring of the Snake":[40]},"card_choices":[{"not_picked":["Sucker Punch","Outmaneuver"],"picked":"Accuracy","floor":1},{"not_picked":["Poisoned Stab","Flying Knee"],"picked":"Backflip","floor":3},{"not_picked":["Riddle With Holes","Acrobatics","Underhanded Strike"],"picked":"SKIP","floor":7},{"not_picked":["Deadly Poison","Flying Knee"],"picked":"Noxious Fumes","floor":8},{"not_picked":["Blade Dance","Predator"],"picked":"Adrenaline","floor":10},{"not_picked":["Dagger Throw","Flying Knee"],"picked":"Dagger Spray","floor":14},{"not_picked":["Wraith Form v2","Malaise"],"picked":"Storm of Steel","floor":16},{"not_picked":["PiercingWail","Underhanded Strike"],"picked":"Backstab","floor":18},{"not_picked":["Dagger Spray","Predator"],"picked":"Cloak And Dagger","floor":21},{"not_picked":["Reflex+1","Grand Finale","Poisoned Stab"],"picked":"SKIP","floor":24},{"not_picked":["Acrobatics+1","Heel Hook"],"picked":"Footwork+1","floor":30},{"not_picked":["Deadly Poison+1","Dodge and Roll"],"picked":"Backstab","floor":31},{"not_picked":["A Thousand Cuts","Burst"],"picked":"Glass Knife","floor":33},{"not_picked":["Underhanded Strike+1","Endless Agony+1"],"picked":"Footwork+1","floor":35},{"not_picked":["Dagger Spray","Sucker Punch+1"],"picked":"Heel Hook+1","floor":36},{"not_picked":["Catalyst+1","Flechettes+1"],"picked":"Blade Dance","floor":38},{"not_picked":["Sucker Punch","Eviscerate+1","Poisoned Stab+1"],"picked":"SKIP","floor":39},{"not_picked":["Distraction","Acrobatics+1","Deadly Poison+1"],"picked":"SKIP","floor":41},{"not_picked":["PiercingWail","Slice"],"picked":"Skewer+1","floor":42}],"player_experience":281651,"relics_obtained":[{"floor":7,"key":"Boot"},{"floor":9,"key":"Lantern"},{"floor":10,"key":"Bottled Lightning"},{"floor":14,"key":"Bag of Marbles"},{"floor":24,"key":"Ice Cream"},{"floor":26,"key":"Oddly Smooth Stone"},{"floor":28,"key":"Regal Pillow"}],"event_choices":[{"damage_healed":0,"gold_gain":0,"player_choice":"Ignored","damage_taken":0,"max_hp_gain":0,"max_hp_loss":0,"event_name":"NoteForYourself","floor":2,"gold_loss":0},{"damage_healed":0,"gold_gain":0,"player_choice":"Leave","damage_taken":0,"max_hp_gain":0,"max_hp_loss":0,"event_name":"The Cleric","floor":4,"gold_loss":0},{"damage_healed":0,"gold_gain":0,"player_choice":"Box","damage_taken":0,"relics_obtained":["PreservedInsect"],"max_hp_gain":0,"max_hp_loss":0,"event_name":"Big Fish","floor":5,"gold_loss":0,"cards_obtained":["Regret"]},{"damage_healed":0,"gold_gain":0,"player_choice":"Copied","damage_taken":0,"max_hp_gain":0,"max_hp_loss":0,"event_name":"Duplicator","floor":19,"gold_loss":0,"cards_obtained":["Adrenaline"]},{"damage_healed":0,"gold_gain":0,"player_choice":"Paid Gold","damage_taken":0,"relics_obtained":["Smiling Mask"],"max_hp_gain":0,"max_hp_loss":0,"event_name":"WeMeetAgain","floor":37,"gold_loss":88}],"is_beta":false,"boss_relics":[{"not_picked":["Ectoplasm","Runic Dome"],"picked":"SlaversCollar"},{"not_picked":["Tiny House","Black Star"],"picked":"Cursed Key"}],"items_purged_floors":[29],"is_endless":false,"potions_floor_spawned":[3,7,8,24,41,42],"killed_by":"Writhing Mass","ascension_level":1}}