{"host":"uv231blk40vjdojr","time":1608241728,"event":{"mods":["BaseMod","Minty Spire (QoL Compilation)","Relic Stats"],"gold_per_floor":[112,8,28,42,42,42,71,89,144,179,198,198,232,247,247,321,321,339,93,107,120,170,198,198,113,113,113,139,13,46,62,62,62,62],"floor_reached":33,"playtime":2315,"items_purged":["Strike_B","Strike_B"],"score":616,"play_id":"5e58b368-c0bb-4b8b-a583-cdd0cb3e7bed","local_time":"20201217224848","is_ascension_mode":true,"campfire_choices":[{"data":"Genetic Algorithm","floor":6.0,"key":"SMITH"},{"floor":12,"key":"REST"},{"data":"Loop","floor":15,"key":"SMITH"},{"data":"Multi-Cast","floor":27,"key":"SMITH"},{"floor":32,"key":"REST"}],"circlet_count":0,"master_deck":["AscendersBane","Strike_B","Strike_B","Defend_B","Defend_B","Defend_B","Defend_B","Zap","Dualcast","Genetic Algorithm+1","Cold Snap","Ball Lightning","Sweeping Beam+1","Doom and Gloom","Compile Driver","Undo","Loop+1","Defragment","Rainbow","Cold Snap+1","Multi-Cast+1","Self Repair","Conserve Battery"],"relics":["Cracked Core","NeowsBlessing","White Beast Statue","Lantern","Art of War","SacredBark","Omamori","Potion Belt","Question Card","Mummified Hand","Smiling Mask","StrikeDummy"],"acts_visited":["Exordium","TheCity"],"potions_floor_usage":[10,11,13,16,18,20,21,23,28,30,33,33],"damage_taken":[{"damage":0.0,"enemies":"Small Slimes","floor":1.0,"turns":1.0},{"damage":0.0,"enemies":"Cultist","floor":3.0,"turns":1.0},{"damage":0.0,"enemies":"Jaw Worm","floor":4.0,"turns":1.0},{"damage":33.0,"enemies":"Gremlin Nob","floor":7.0,"turns":4.0},{"damage":3.0,"enemies":"2 Fungi Beasts","floor":8.0,"turns":3.0},{"damage":0,"enemies":"3 Louse","floor":10,"turns":2},{"damage":0,"enemies":"Exordium Wildlife","floor":11,"turns":1},{"damage":8,"enemies":"3 Sentries","floor":13,"turns":4},{"damage":1,"enemies":"2 Fungi Beasts","floor":14,"turns":2},{"damage":31,"enemies":"The Guardian","floor":16,"turns":8},{"damage":9,"enemies":"Chosen","floor":18,"turns":6},{"damage":10,"enemies":"Shell Parasite","floor":20,"turns":6},{"damage":5,"enemies":"Centurion and Healer","floor":21,"turns":10},{"damage":0,"enemies":"Gremlin Leader","floor":23,"turns":6},{"damage":22,"enemies":"Book of Stabbing","floor":28,"turns":4},{"damage":40,"enemies":"Gremlin Leader","floor":30,"turns":7},{"damage":16,"enemies":"Cultist and Chosen","floor":31,"turns":6},{"damage":51,"enemies":"Collector","floor":33,"turns":6}],"seed_played":"-3118986923981876405","potions_obtained":[{"floor":3.0,"key":"Swift Potion"},{"floor":4.0,"key":"ColorlessPotion"},{"floor":8.0,"key":"Explosive Potion"},{"floor":10,"key":"DuplicationPotion"},{"floor":11,"key":"Fire Potion"},{"floor":13,"key":"SmokeBomb"},{"floor":14,"key":"Explosive Potion"},{"floor":16,"key":"SpeedPotion"},{"floor":18,"key":"Block Potion"},{"floor":20,"key":"BlessingOfTheForge"},{"floor":21,"key":"AttackPotion"},{"floor":23,"key":"FairyPotion"},{"floor":28,"key":"Block Potion"},{"floor":30,"key":"Swift Potion"},{"floor":31,"key":"Dexterity Potion"}],"is_trial":false,"path_per_floor":["M","$","M","M","?","R","E","M","T","M","M","R","E","M","R","B",null,"M","$","M","M","?","E","?","?","T","R","E","$","E","M","R","B"],"character_chosen":"DEFECT","items_purchased":["Cold Snap","Strength Potion","Omamori","Self Repair"],"campfire_rested":2,"item_purchase_floors":[2,2,19,29],"current_hp_per_floor":[64,64,64,64,64,64,31,28,28,28,28,49,41,40,40,9,56,47,47,37,32,32,32,46,46,46,46,24,24,28,19,40,0,0],"gold":62,"neow_bonus":"THREE_ENEMY_KILL","is_daily":false,"chose_seed":false,"campfire_upgraded":3,"win_rate":0.0,"timestamp":1608241728,"path_taken":["M","$","M","M","?","R","E","M","T","M","M","R","E","?","R","BOSS","M","$","M","M","?","E","?","?","T","R","E","$","E","M","R","BOSS"],"items_purchased_type":["Card","Potion","Relic","Card"],"build_version":"2020-12-13","purchased_purges":2,"victory":false,"max_hp_per_floor":[71,71,71,71,71,71,71,71,71,71,71,71,71,71,71,71,71,71,71,71,71,71,71,71,71,71,71,71,71,71,71,71,71,71],"relic_stats":{"counters":[18,78],"Mummified Hand":[10],"Art of War":[9],"Question Card":3,"Smiling Mask":50,"obtain_stats":[{"Potion Belt":23,"Lantern":9,"NeowsBlessing":0,"Mummified Hand":26,"SacredBark":17,"Art of War":13,"Omamori":19,"Cracked Core":0,"Question Card":25,"Smiling Mask":28,"StrikeDummy":30,"White Beast Statue":7},{"Potion Belt":14,"Lantern":5,"NeowsBlessing":0,"Mummified Hand":14,"SacredBark":10,"Art of War":8,"Omamori":11,"Cracked Core":0,"Question Card":14,"Smiling Mask":15,"StrikeDummy":16,"White Beast Statue":4},{"Potion Belt":55,"Lantern":10,"NeowsBlessing":0,"Mummified Hand":55,"SacredBark":27,"Art of War":17,"Omamori":33,"Cracked Core":0,"Question Card":55,"Smiling Mask":59,"StrikeDummy":66,"White Beast Statue":7}]},"card_choices":[{"not_picked":["Conserve Battery","Redo"],"picked":"Genetic Algorithm","floor":1.0},{"not_picked":["Genetic Algorithm","Beam Cell"],"picked":"Ball Lightning","floor":3.0},{"not_picked":["Coolheaded","Beam Cell"],"picked":"Sweeping Beam","floor":4.0},{"not_picked":["Steam","Barrage","Beam Cell"],"picked":"SKIP","floor":7.0},{"not_picked":["Reinforced Body","Conserve Battery"],"picked":"Doom and Gloom","floor":8.0},{"not_picked":["Streamline","Steam Power"],"picked":"Compile Driver","floor":10},{"not_picked":["Barrage","Stack"],"picked":"Undo","floor":11},{"not_picked":["Reprogram","Cold Snap"],"picked":"Loop","floor":13},{"not_picked":["Cold Snap","Gash"],"picked":"Defragment","floor":14},{"not_picked":["Seek","Meteor Strike"],"picked":"Rainbow","floor":16},{"not_picked":["Rebound","Streamline"],"picked":"Cold Snap+1","floor":18},{"not_picked":["Storm","Tempest","BootSequence"],"picked":"SKIP","floor":20},{"not_picked":["Stack","Scrape","Ball Lightning"],"picked":"SKIP","floor":21},{"not_picked":["Rebound","Redo"],"picked":"Multi-Cast","floor":23},{"not_picked":["Steam","Ball Lightning+1","Hello World","Doom and Gloom"],"picked":"SKIP","floor":28},{"not_picked":["Hologram","Double Energy","Coolheaded","Sweeping Beam"],"picked":"SKIP","floor":30},{"not_picked":["Consume","Rebound","Sweeping Beam+1"],"picked":"Conserve Battery","floor":31}],"player_experience":490597,"relics_obtained":[{"floor":7.0,"key":"White Beast Statue"},{"floor":9.0,"key":"Lantern"},{"floor":13,"key":"Art of War"},{"floor":23,"key":"Potion Belt"},{"floor":26,"key":"Mummified Hand"},{"floor":28,"key":"Smiling Mask"},{"floor":30,"key":"StrikeDummy"}],"event_choices":[{"damage_healed":0.0,"max_hp_gain":0.0,"max_hp_loss":0.0,"gold_gain":0.0,"event_name":"Upgrade Shrine","player_choice":"Upgraded","floor":5.0,"gold_loss":0.0,"damage_taken":0.0,"cards_upgraded":["Sweeping Beam"]},{"damage_healed":0,"gold_gain":50,"player_choice":"Stole From Cult","damage_taken":0,"max_hp_gain":0,"max_hp_loss":0,"event_name":"Nest","floor":22,"gold_loss":0},{"damage_healed":14,"gold_gain":0,"player_choice":"Heal","damage_taken":0,"max_hp_gain":0,"max_hp_loss":0,"event_name":"The Library","floor":24,"gold_loss":0},{"damage_healed":0,"gold_gain":0,"player_choice":"Obtained Relic","damage_taken":0,"relics_obtained":["Question Card"],"max_hp_gain":0,"max_hp_loss":0,"event_name":"Addict","floor":25,"gold_loss":85}],"is_beta":false,"boss_relics":[{"not_picked":["Runic Pyramid","Empty Cage"],"picked":"SacredBark"}],"items_purged_floors":[19,29],"is_endless":false,"potions_floor_spawned":[3,4,8,10,11,13,14,16,18,20,21,23,28,30,31],"killed_by":"Collector","ascension_level":16}}