{"host":"mvlqq966zh3ccmv5","time":1608199109,"event":{"mods":["AchievementEnabler","BaseMod","DeckTracker","Minty Spire (QoL Compilation)","SuperFastMode"],"gold_per_floor":[119,119,119,119,137,137,169,169,215,215,250,264,283,296,296,369,369,381,399,410,28,48,83,83,108,135,135,135,168,168,200,200,276,276,296,296,315,315,315,315,331,350,350,370,370,395,395,15,15,15],"floor_reached":51,"playtime":1375,"items_purged":[],"score":1516,"play_id":"8345b01d-4734-41e2-a3b7-7f6d66ad2dd8","local_time":"20201217185829","is_ascension_mode":true,"campfire_choices":[{"data":"Tantrum","floor":6.0,"key":"SMITH"},{"data":"CrushJoints","floor":8.0,"key":"SMITH"},{"data":"Vigilance","floor":10.0,"key":"SMITH"},{"floor":15,"key":"REST"},{"data":"Devotion","floor":24,"key":"SMITH"},{"data":"MentalFortress","floor":27,"key":"SMITH"},{"data":"LikeWater","floor":30,"key":"SMITH"},{"floor":32,"key":"RECALL"},{"floor":40,"key":"REST"},{"floor":47,"key":"REST"},{"floor":49,"key":"REST"}],"circlet_count":0,"master_deck":["AscendersBane","Eruption+1","Vigilance+1","Tantrum+1","CrushJoints+1","Swivel+1","ForeignInfluence+1","Worship+1","ClearTheMind+1","Perseverance+1","Scrawl+1","Crescendo+1","MentalFortress+1","DeceiveReality+1","Scrawl+1","FlurryOfBlows+1","DeceiveReality+1","Protect+1","TalkToTheHand+1","Vengeance+1","Devotion+1","Perseverance+1","EmptyMind+1","Prostrate+1","DeusExMachina+1","WreathOfFlame+1","Pain","EmptyFist+1","Prostrate+1","WheelKick"],"relics":["PureWater","Bag of Preparation","Boot","Toxic Egg 2","Nunchaku","Matryoshka","Pandora\u0027s Box","Whetstone","Oddly Smooth Stone","MealTicket","InkBottle","Singing Bowl","Smiling Mask","Lantern","Strawberry","Busted Crown","WarpedTongs","Vajra","Blood Vial","Pear","FossilizedHelix","Incense Burner"],"acts_visited":["Exordium","TheCity","TheBeyond"],"potions_floor_usage":[16,23,33,50],"damage_taken":[{"damage":0.0,"enemies":"Small Slimes","floor":1.0,"turns":3.0},{"damage":1.0,"enemies":"2 Louse","floor":5.0,"turns":3.0},{"damage":0.0,"enemies":"Gremlin Nob","floor":7.0,"turns":2.0},{"damage":4.0,"enemies":"3 Sentries","floor":11.0,"turns":4.0},{"damage":0.0,"enemies":"Jaw Worm","floor":12.0,"turns":1.0},{"damage":0,"enemies":"Blue Slaver","floor":13,"turns":1},{"damage":10,"enemies":"Lots of Slimes","floor":14,"turns":3},{"damage":0,"enemies":"Slime Boss","floor":16,"turns":5},{"damage":2,"enemies":"2 Thieves","floor":18,"turns":2},{"damage":0,"enemies":"Chosen","floor":19,"turns":2},{"damage":2,"enemies":"Shelled Parasite and Fungi","floor":20,"turns":2},{"damage":0,"enemies":"Chosen and Byrds","floor":22,"turns":3},{"damage":0,"enemies":"Gremlin Leader","floor":23,"turns":1},{"damage":0,"enemies":"Book of Stabbing","floor":25,"turns":4},{"damage":17,"enemies":"Gremlin Leader","floor":29,"turns":4},{"damage":6,"enemies":"Slavers","floor":31,"turns":3},{"damage":0,"enemies":"Collector","floor":33,"turns":4},{"damage":0,"enemies":"Orb Walker","floor":35,"turns":3},{"damage":6,"enemies":"3 Darklings","floor":37,"turns":3},{"damage":3,"enemies":"Jaw Worm Horde","floor":41,"turns":3},{"damage":11,"enemies":"Maw","floor":42,"turns":3},{"damage":41,"enemies":"Sphere and 2 Shapes","floor":44,"turns":4},{"damage":16,"enemies":"Mind Bloom Boss Battle","floor":46,"turns":5},{"damage":61,"enemies":"Time Eater","floor":50,"turns":8}],"seed_played":"-6079354617996370472","potions_obtained":[{"floor":1.0,"key":"Fire Potion"},{"floor":7.0,"key":"ColorlessPotion"},{"floor":11.0,"key":"SkillPotion"},{"floor":16,"key":"Weak Potion"},{"floor":23,"key":"Strength Potion"},{"floor":33,"key":"StancePotion"}],"is_trial":false,"path_per_floor":["M","?","?","?","M","R","E","R","T","R","E","M","M","M","R","B",null,"M","M","M","$","M","E","R","E","T","R","?","E","R","E","R","B",null,"M","?","M","?","T","R","M","M","T","M","?","?","R","$","R","B",null],"character_chosen":"WATCHER","items_purchased":["TalkToTheHand","Whetstone","Oddly Smooth Stone","Incense Burner","WheelKick"],"campfire_rested":4,"item_purchase_floors":[21,21,21,48,48],"current_hp_per_floor":[65,53,58,43,42,42,42,42,42,42,38,38,38,28,51,51,71,69,69,67,67,67,67,67,67,67,67,67,52,52,53,53,53,78,78,78,72,72,72,86,85,78,88,49,49,37,67,82,102,41],"gold":15,"neow_bonus":"RANDOM_COMMON_RELIC","is_daily":false,"chose_seed":false,"campfire_upgraded":6,"win_rate":0.0,"timestamp":1608199109,"path_taken":["M","?","?","?","M","R","E","R","T","R","E","M","M","M","R","BOSS","M","M","M","$","M","E","R","E","T","R","?","E","R","E","R","BOSS","M","?","?","?","?","R","M","M","T","?","?","?","R","$","R","BOSS"],"items_purchased_type":["Card","Relic","Relic","Relic","Card"],"build_version":"2020-12-13","purchased_purges":0,"victory":true,"max_hp_per_floor":[72,72,77,77,77,77,77,77,77,77,77,77,77,77,77,77,77,77,77,77,77,77,77,77,77,77,77,77,79,79,86,86,86,86,86,86,86,86,86,86,88,90,100,100,100,102,102,102,102,102],"card_choices":[{"not_picked":["EmptyMind","Weave"],"picked":"Tantrum","floor":1.0},{"not_picked":["EmptyBody","BattleHymn"],"picked":"CrushJoints","floor":5.0},{"not_picked":["JustLucky","Establishment"],"picked":"Swivel+1","floor":7.0},{"not_picked":["JustLucky","Evaluate+1"],"picked":"ForeignInfluence+1","floor":11.0},{"not_picked":["EmptyBody+1","FlurryOfBlows"],"picked":"Worship+1","floor":12.0},{"not_picked":["Evaluate+1","SandsOfTime"],"picked":"ClearTheMind+1","floor":13},{"not_picked":["JustLucky","ThirdEye+1"],"picked":"Perseverance+1","floor":14},{"not_picked":["Omniscience+1","SpiritShield+1"],"picked":"Scrawl+1","floor":16},{"not_picked":["Collect+1","Prostrate+1","FlurryOfBlows"],"picked":"SKIP","floor":18},{"not_picked":["Protect+1","SashWhip","WheelKick"],"picked":"SKIP","floor":19},{"not_picked":["BattleHymn","PathToVictory+1","Swivel+1"],"picked":"SKIP","floor":20},{"not_picked":["FollowUp","DeceiveReality+1"],"picked":"Vengeance+1","floor":22},{"not_picked":["Conclude+1","FollowUp"],"picked":"Devotion","floor":23},{"not_picked":["Evaluate+1","Halt+1"],"picked":"Perseverance+1","floor":25},{"not_picked":["Protect+1","Consecrate","ThirdEye+1"],"picked":"Singing Bowl","floor":29},{"not_picked":["MentalFortress","Vengeance+1"],"picked":"Prostrate+1","floor":31},{"not_picked":["Scrawl+1","MasterReality"],"picked":"DeusExMachina+1","floor":33},{"not_picked":[],"picked":"WreathOfFlame+1","floor":35},{"not_picked":[],"picked":"EmptyFist+1","floor":37},{"not_picked":["PathToVictory+1"],"picked":"Singing Bowl","floor":41},{"not_picked":["FlyingSleeves"],"picked":"Singing Bowl","floor":42},{"not_picked":[],"picked":"Prostrate+1","floor":44},{"not_picked":["EmptyFist"],"picked":"Singing Bowl","floor":46}],"player_experience":211166,"relics_obtained":[{"floor":7.0,"key":"Toxic Egg 2"},{"floor":9.0,"key":"Nunchaku"},{"floor":11.0,"key":"Matryoshka"},{"floor":23,"key":"MealTicket"},{"floor":25,"key":"InkBottle"},{"floor":26,"key":"Singing Bowl"},{"floor":26,"key":"Smiling Mask"},{"floor":29,"key":"Lantern"},{"floor":31,"key":"Strawberry"},{"floor":39,"key":"Vajra"},{"floor":39,"key":"Blood Vial"},{"floor":43,"key":"Pear"},{"floor":46,"key":"FossilizedHelix"}],"event_choices":[{"damage_healed":0.0,"max_hp_gain":0.0,"max_hp_loss":0.0,"gold_gain":0.0,"event_name":"Scrap Ooze","player_choice":"Success","floor":2.0,"gold_loss":0.0,"damage_taken":12.0,"relics_obtained":["Boot"]},{"damage_healed":0.0,"max_hp_gain":5.0,"max_hp_loss":0.0,"gold_gain":0.0,"event_name":"Big Fish","player_choice":"Donut","floor":3.0,"gold_loss":0.0,"damage_taken":0.0},{"damage_healed":0.0,"max_hp_gain":0.0,"max_hp_loss":0.0,"gold_gain":0.0,"event_name":"Shining Light","player_choice":"Entered Light","floor":4.0,"gold_loss":0.0,"damage_taken":15.0,"cards_upgraded":["Eruption","Strike_P"]},{"damage_healed":0,"gold_gain":0,"player_choice":"Read","damage_taken":0,"max_hp_gain":0,"max_hp_loss":0,"event_name":"The Library","floor":28,"gold_loss":0,"cards_obtained":["EmptyMind"]},{"damage_healed":0,"gold_gain":0,"player_choice":"Rummage","damage_taken":0,"relics_obtained":["WarpedTongs"],"max_hp_gain":0,"max_hp_loss":0,"event_name":"Accursed Blacksmith","floor":36,"gold_loss":0,"cards_obtained":["Pain"]},{"damage_healed":0,"gold_gain":0,"player_choice":"Ignored","damage_taken":0,"max_hp_gain":0,"max_hp_loss":0,"event_name":"Tomb of Lord Red Mask","floor":38,"gold_loss":0},{"cards_removed":["LikeWater"],"damage_healed":0,"gold_gain":0,"player_choice":"Removed Power","damage_taken":0,"max_hp_gain":0,"max_hp_loss":0,"event_name":"Falling","floor":45,"gold_loss":0},{"damage_healed":0,"gold_gain":0,"player_choice":"Fight","damage_taken":0,"max_hp_gain":0,"max_hp_loss":0,"event_name":"MindBloom","floor":46,"gold_loss":0}],"is_beta":false,"boss_relics":[{"not_picked":["SlaversCollar","Empty Cage"],"picked":"Pandora\u0027s Box"},{"not_picked":["Snecko Eye","Velvet Choker"],"picked":"Busted Crown"}],"items_purged_floors":[],"is_endless":false,"potions_floor_spawned":[1,7,11,13,16,18,20,23,33,37,41],"ascension_level":13}}