{"host":"qfskrnw3pl1q86j0","time":1608241062,"event":{"mods":["BaseMod","Block Reminder","Hermit","Marisa????????","Minty Spire (QoL Compilation)","Quick Restart","Random Character Button","StSLib","The Poker Player","slay the spire mod where everything is the same but ironclad has a cowboy hat"],"gold_per_floor":[19,19,19,95,116,116,139,139,139,179,179,203,203,224,224,352,352,377,476,492,492,517,517,558,558,558,571,571,586,202,218,218,337,400,423,439,463,320,343,343,364,405,432,78,78,96,96,96,96,96],"floor_reached":51,"playtime":1802,"items_purged":["Injury","Strike_G","Shame"],"score":749,"play_id":"008189c9-23e7-4ff0-ab3f-47997d9f43c5","local_time":"20201217223742","is_ascension_mode":false,"campfire_choices":[{"data":"Dagger Spray","floor":6,"key":"SMITH"},{"data":"Backstab","floor":8,"key":"SMITH"},{"data":"Dash","floor":13,"key":"SMITH"},{"data":"Quick Slash","floor":15,"key":"SMITH"},{"data":"All Out Attack","floor":23,"key":"SMITH"},{"data":"Flying Knee","floor":25,"key":"SMITH"},{"data":"After Image","floor":28,"key":"SMITH"},{"data":"Glass Knife","floor":32,"key":"SMITH"},{"data":"Defend_G","floor":40,"key":"SMITH"},{"data":"Noxious Fumes","floor":45,"key":"SMITH"},{"floor":49,"key":"REST"}],"circlet_count":0,"master_deck":["Strike_G","Strike_G","Defend_G","Defend_G","Defend_G","Defend_G+1","Survivor+1","Neutralize+1","Backstab+1","Dagger Spray+1","After Image+1","Dash+1","Quick Slash+1","Phantasmal Killer+1","Blade Dance+1","All Out Attack+1","Leg Sweep+1","Cloak And Dagger+1","Glass Knife+1","After Image","Blur+1","Blade Dance+1","Finesse+1","Blade Dance+1","Noxious Fumes+1"],"relics":["Ring of the Snake","Golden Idol","Toxic Egg 2","Dream Catcher","Cursed Key","FaceOfCleric","StrikeDummy","Gambling Chip","Membership Card","Meat on the Bone","Tiny House","PreservedInsect","Bag of Preparation","Paper Crane","The Specimen"],"acts_visited":["Exordium","TheCity","TheBeyond"],"potions_floor_usage":[10,16,24,29,33,33,33,33,36,50,50,50],"damage_taken":[{"damage":0,"enemies":"Jaw Worm","floor":1,"turns":2},{"damage":0,"enemies":"Small Slimes","floor":5,"turns":4},{"damage":0,"enemies":"2 Louse","floor":7,"turns":2},{"damage":8,"enemies":"Lagavulin","floor":10,"turns":6},{"damage":0,"enemies":"Blue Slaver","floor":12,"turns":3},{"damage":0,"enemies":"2 Fungi Beasts","floor":14,"turns":3},{"damage":6,"enemies":"The Guardian","floor":16,"turns":10},{"damage":0,"enemies":"Shell Parasite","floor":18,"turns":3},{"damage":0,"enemies":"Chosen","floor":20,"turns":2},{"damage":0,"enemies":"3 Cultists","floor":22,"turns":3},{"damage":0,"enemies":"Gremlin Leader","floor":24,"turns":3},{"damage":0,"enemies":"Cultist and Chosen","floor":27,"turns":2},{"damage":0,"enemies":"Snake Plant","floor":29,"turns":3},{"damage":0,"enemies":"3 Cultists","floor":31,"turns":2},{"damage":43,"enemies":"Champ","floor":33,"turns":10},{"damage":14,"enemies":"3 Shapes","floor":35,"turns":6},{"damage":2,"enemies":"3 Darklings","floor":36,"turns":3},{"damage":4,"enemies":"4 Shapes","floor":37,"turns":3},{"damage":16,"enemies":"Sphere and 2 Shapes","floor":39,"turns":5},{"damage":2,"enemies":"Transient","floor":41,"turns":5},{"damage":22,"enemies":"Giant Head","floor":42,"turns":9},{"damage":0,"enemies":"Spire Growth","floor":46,"turns":4},{"damage":9,"enemies":"Donu and Deca","floor":50,"turns":8}],"seed_played":"-2996119804524399133","potions_obtained":[{"floor":7,"key":"DistilledChaos"},{"floor":10,"key":"Strength Potion"},{"floor":14,"key":"GamblersBrew"},{"floor":16,"key":"EntropicBrew"},{"floor":22,"key":"LiquidMemories"},{"floor":24,"key":"DistilledChaos"},{"floor":31,"key":"AttackPotion"},{"floor":34,"key":"Fire Potion"},{"floor":37,"key":"Regen Potion"}],"is_trial":false,"path_per_floor":["M","?","?","?","M","R","M","R","T","E","?","M","R","M","R","B",null,"M","?","M","?","M","R","E","R","T","M","R","M","$","M","R","B",null,"M","M","M","$","M","R","M","E","T","$","R","M","?","T","R","B",null],"character_chosen":"THE_SILENT","items_purchased":["Membership Card","Meat on the Bone","Glass Knife","Finesse+1","CultistPotion","Paper Crane","Noxious Fumes","The Specimen"],"campfire_rested":1,"item_purchase_floors":[30,30,30,38,38,44,44,44],"current_hp_per_floor":[70,70,53,53,53,53,53,53,53,45,45,45,45,45,45,39,70,70,70,70,70,71,71,72,72,72,73,73,74,74,75,75,45,81,68,67,64,64,49,49,48,39,39,39,39,52,52,52,78,83],"gold":96,"neow_bonus":"TRANSFORM_TWO_CARDS","is_daily":false,"chose_seed":false,"campfire_upgraded":10,"win_rate":0.0,"timestamp":1608241062,"path_taken":["M","?","?","?","M","R","?","R","T","E","?","M","R","?","R","BOSS","M","?","M","?","M","R","E","R","T","M","R","M","$","?","R","BOSS","M","M","M","$","M","R","M","E","T","$","R","M","?","?","R","BOSS"],"items_purchased_type":["Relic","Relic","Card","Card","Potion","Relic","Card","Relic"],"build_version":"2020-12-13","purchased_purges":3,"victory":true,"max_hp_per_floor":[70,70,70,70,70,70,70,70,70,70,70,70,70,70,70,70,70,70,70,70,70,71,71,72,72,72,73,73,74,74,75,75,76,81,82,83,84,84,85,85,86,87,87,87,87,88,88,88,88,89],"card_choices":[{"not_picked":["Cloak And Dagger","Skewer","Slice"],"picked":"SKIP","floor":1},{"not_picked":["Flying Knee","Poisoned Stab"],"picked":"Dagger Spray","floor":5},{"not_picked":["Dagger Spray","Acrobatics","Underhanded Strike"],"picked":"SKIP","floor":7},{"not_picked":["Dagger Spray","Underhanded Strike"],"picked":"After Image","floor":10},{"not_picked":["PiercingWail+1","Acrobatics+1","Outmaneuver+1"],"picked":"SKIP","floor":12},{"not_picked":["Acrobatics+1","Poisoned Stab"],"picked":"Quick Slash","floor":14},{"not_picked":["Bullet Time+1","Unload"],"picked":"Phantasmal Killer+1","floor":16},{"not_picked":["Dagger Spray","Bouncing Flask+1"],"picked":"Blade Dance+1","floor":18},{"not_picked":["Prepared+1","Underhanded Strike+1"],"picked":"All Out Attack","floor":20},{"not_picked":["Flying Knee+1","Quick Slash+1","Dagger Throw"],"picked":"SKIP","floor":22},{"not_picked":["Unload","PiercingWail+1"],"picked":"Leg Sweep+1","floor":24},{"not_picked":["Masterful Stab","Flying Knee"],"picked":"Cloak And Dagger+1","floor":27},{"not_picked":["Underhanded Strike","Setup+1","PiercingWail+1"],"picked":"SKIP","floor":29},{"not_picked":["Flying Knee","Quick Slash","Dagger Throw"],"picked":"SKIP","floor":31},{"not_picked":["Malaise+1","Bullet Time+1"],"picked":"After Image","floor":33},{"not_picked":["Cloak And Dagger+1","Slice+1"],"picked":"Blur+1","floor":35},{"not_picked":["Well Laid Plans+1","Riddle With Holes+1","Blur+1"],"picked":"SKIP","floor":36},{"not_picked":["Distraction+1","Slice"],"picked":"Blade Dance+1","floor":37},{"not_picked":["PiercingWail+1","Outmaneuver+1","Blade Dance+1"],"picked":"SKIP","floor":39},{"not_picked":["Leg Sweep+1","PiercingWail+1","Skewer"],"picked":"SKIP","floor":41},{"not_picked":["Slice+1","Bane+1"],"picked":"Blade Dance+1","floor":42},{"not_picked":["Riddle With Holes","Outmaneuver+1","Dodge and Roll+1"],"picked":"SKIP","floor":46}],"player_experience":848935,"relics_obtained":[{"floor":9,"key":"Toxic Egg 2"},{"floor":10,"key":"Dream Catcher"},{"floor":24,"key":"StrikeDummy"},{"floor":26,"key":"Gambling Chip"},{"floor":42,"key":"PreservedInsect"},{"floor":43,"key":"Bag of Preparation"}],"event_choices":[{"damage_healed":0,"gold_gain":0,"player_choice":"Grow","damage_taken":0,"max_hp_gain":0,"max_hp_loss":0,"event_name":"Living Wall","floor":2,"gold_loss":0,"cards_upgraded":["Neutralize"]},{"damage_healed":0,"gold_gain":0,"player_choice":"Take Damage","damage_taken":17,"relics_obtained":["Golden Idol"],"max_hp_gain":0,"max_hp_loss":0,"event_name":"Golden Idol","floor":3,"gold_loss":0},{"damage_healed":0,"gold_gain":76,"player_choice":"Gained Gold","damage_taken":0,"max_hp_gain":0,"max_hp_loss":0,"event_name":"Golden Wing","floor":4,"gold_loss":0},{"damage_healed":0,"gold_gain":0,"cards_transformed":["Strike_G"],"player_choice":"Transformed","damage_taken":0,"max_hp_gain":0,"max_hp_loss":0,"event_name":"Transmorgrifier","floor":11,"gold_loss":0,"cards_obtained":["Dash"]},{"damage_healed":0,"gold_gain":99,"player_choice":"Stole From Cult","damage_taken":0,"max_hp_gain":0,"max_hp_loss":0,"event_name":"Nest","floor":19,"gold_loss":0},{"damage_healed":0,"gold_gain":0,"player_choice":"Trade","damage_taken":0,"relics_obtained":["FaceOfCleric"],"max_hp_gain":0,"max_hp_loss":0,"event_name":"FaceTrader","floor":21,"gold_loss":0},{"cards_removed":["Flying Knee"],"damage_healed":0,"gold_gain":0,"player_choice":"Removed Attack","damage_taken":0,"max_hp_gain":0,"max_hp_loss":0,"event_name":"Falling","floor":47,"gold_loss":0}],"is_beta":false,"boss_relics":[{"not_picked":["HoveringKite","Ring of the Serpent"],"picked":"Cursed Key"},{"not_picked":["Velvet Choker","Snecko Eye"],"picked":"Tiny House"}],"items_purged_floors":[30,38,44],"is_endless":false,"potions_floor_spawned":[7,10,14,16,22,24,27,31,35,37,39],"ascension_level":0}}