{"host":"j61pjxqytd94o6ng","time":1608236480,"event":{"mods":["BaseMod","Colored Map","Colored Powertips","Downfall","Minty Spire (QoL Compilation)","StSLib"],"gold_per_floor":[99,99,119,144,319,330,353,353,366,366,377,377,397,64,74,171,171,171,171,185,201,201,201,201],"floor_reached":23,"playtime":868,"items_purged":["Doubt"],"score":191,"play_id":"19f9d815-a64a-4666-a383-4eaf7c96a681","local_time":"20201217132120","is_ascension_mode":false,"campfire_choices":[{"data":"Slimebound:CorrosiveSpit","floor":1,"key":"SMITH"},{"data":"Slimebound:RejuvenatingLick","floor":8,"key":"SMITH"},{"data":"Slimebound:LeechEnergy","floor":10,"key":"SMITH"},{"data":"Slimebound:SlimeSlap","floor":18,"key":"SMITH"},{"data":"Slimebound:HauntingLick","floor":22,"key":"SMITH"}],"circlet_count":0,"master_deck":["Slimebound:Strike_Slimebound","Slimebound:Strike_Slimebound","Slimebound:Tackle","Slimebound:Defend_Slimebound","Slimebound:Defend_Slimebound","Slimebound:Defend_Slimebound","Slimebound:Defend_Slimebound","Slimebound:Split+1","Slimebound:CorrosiveSpit+1","Panache","Slimebound:RejuvenatingLick+1","Slimebound:Gluttony","Slimebound:SplitAcid","Slimebound:LeechEnergy+1","Slimebound:RejuvenatingLick+1","Slimebound:GoopSpray","Slimebound:WasteNot","Slimebound:HauntingLick+1","Slimebound:SlimeSlap+1","Slimebound:SplitAcid","Slimebound:Repurpose+1"],"relics":["Slimebound:AbsorbEndCombat","Smiling Mask","Ancient Tea Set","Membership Card","Gremlin Horn","Runic Pyramid"],"acts_visited":["Exordium","TheCity"],"potions_floor_usage":[16,21],"damage_taken":[{"damage":8,"enemies":"2 Louse","floor":3,"turns":2},{"damage":38,"enemies":"Lagavulin","floor":4,"turns":8},{"damage":12,"enemies":"Cultist","floor":6,"turns":4},{"damage":15,"enemies":"Jaw Worm","floor":9,"turns":3},{"damage":20,"enemies":"2 Fungi Beasts","floor":11,"turns":4},{"damage":10,"enemies":"3 Louse","floor":13,"turns":3},{"damage":12,"enemies":"downfall:FleeingMerchant","floor":14,"turns":4},{"damage":12,"enemies":"Lots of Slimes","floor":15,"turns":2},{"damage":73,"enemies":"downfall:Defect","floor":16,"turns":5},{"damage":32,"enemies":"3 Byrds","floor":20,"turns":3},{"damage":46,"enemies":"Spheric Guardian","floor":21,"turns":4},{"damage":59,"enemies":"Snecko","floor":23,"turns":4}],"seed_played":"804056638074967553","potions_obtained":[{"floor":4,"key":"SpeedPotion"},{"floor":9,"key":"GamblersBrew"},{"floor":13,"key":"sneckomod:MuddlingPotion"}],"is_trial":false,"path_per_floor":["R","?","M","E","?","M","T","R","M","R","M","?","M","$","M","B",null,"R","?","M","M","R","M"],"character_chosen":"SLIMEBOUND","items_purchased":["Membership Card","Gremlin Horn"],"campfire_rested":0,"item_purchase_floors":[14,14],"current_hp_per_floor":[42,42,44,24,24,26,26,26,31,31,29,29,35,47,53,15,60,60,60,50,30,30,0,0],"gold":201,"neow_bonus":"RANDOM_COLORLESS_2","is_daily":false,"chose_seed":false,"campfire_upgraded":5,"win_rate":0.0,"timestamp":1608236480,"path_taken":["R","?","?","E","?","M","T","R","M","R","M","?","M","$","M","BOSS","R","?","?","M","R","M"],"items_purchased_type":["Relic","Relic"],"build_version":"2020-12-13","purchased_purges":1,"victory":false,"max_hp_per_floor":[60,60,60,60,60,60,60,60,60,60,60,60,60,60,60,60,60,60,60,60,60,60,60,60],"card_choices":[{"not_picked":["Magnetism","Master of Strategy"],"picked":"Panache","floor":0},{"not_picked":["Slimebound:FirmFortitude","Slimebound:ServeAndProtect"],"picked":"Slimebound:RejuvenatingLick","floor":3},{"not_picked":["Slimebound:RejuvenatingLick","Slimebound:ItLooksTasty"],"picked":"Slimebound:Gluttony","floor":4},{"not_picked":["Slimebound:PressTheAttack","Slimebound:SlimeSpikes"],"picked":"Slimebound:SplitAcid","floor":6},{"not_picked":["Slimebound:ViciousTackle","Slimebound:SpikyOuterGoop"],"picked":"Slimebound:LeechEnergy","floor":9},{"not_picked":["Slimebound:SplitMire","Slimebound:SplitBruiser"],"picked":"Slimebound:RejuvenatingLick","floor":11},{"not_picked":["Slimebound:LeadByExample","Slimebound:Schlurp"],"picked":"Slimebound:GoopSpray","floor":13},{"not_picked":["Slimebound:BestDefense","Slimebound:SplitLeeching"],"picked":"Slimebound:WasteNot","floor":14},{"not_picked":["Slimebound:FinishingTackle","Slimebound:LeechingTouch"],"picked":"Slimebound:HauntingLick","floor":15},{"not_picked":["Slimebound:CheckThePlaybook","Slimebound:DuplicatedForm"],"picked":"Slimebound:SlimeSlap","floor":16},{"not_picked":["Slimebound:BestDefense+1","Slimebound:SlimeSpikes"],"picked":"Slimebound:SplitAcid","floor":20},{"not_picked":["Slimebound:DivideAndConquer+1","Slimebound:LeechEnergy"],"picked":"Slimebound:Repurpose+1","floor":21}],"player_experience":464168,"relics_obtained":[{"floor":4,"key":"Smiling Mask"},{"floor":7,"key":"Ancient Tea Set"}],"event_choices":[{"damage_healed":0,"gold_gain":0,"player_choice":"Upgraded","damage_taken":0,"max_hp_gain":0,"max_hp_loss":0,"event_name":"Upgrade Shrine","floor":2,"gold_loss":0,"cards_upgraded":["Slimebound:Split"]},{"damage_healed":0,"gold_gain":0,"player_choice":"Grow","damage_taken":0,"max_hp_gain":0,"max_hp_loss":0,"event_name":"Living Wall","floor":12,"gold_loss":0,"cards_upgraded":["Slimebound:RejuvenatingLick"]},{"cards_removed":["Slimebound:Strike_Slimebound"],"damage_healed":0,"gold_gain":0,"player_choice":"Purged","damage_taken":0,"max_hp_gain":0,"max_hp_loss":0,"event_name":"Purifier","floor":19,"gold_loss":0}],"is_beta":false,"boss_relics":[{"not_picked":["Velvet Choker","Coffee Dripper"],"picked":"Runic Pyramid"}],"items_purged_floors":[14],"is_endless":false,"potions_floor_spawned":[4,9,13],"killed_by":"Snecko","ascension_level":0}}