{"host":"agga6lej02o7kt08","time":1608204973,"event":{"mods":["Aspiration","BaseMod","Better Third Choice","BetterRewards","Colored Map","Colored Powertips","Downfall","Hubris","Minty Spire (QoL Compilation)","Replay The Spire","Spicy Shops","StSLib","¡¼?Úª?ø«¡½REMEMod"],"gold_per_floor":[99,9,39,39,57,57,80,110,130,164,176,91,91,91,110,210,210,210,267,367,97,107,107,107,107,107,170,170,170,182,182,230,333,333,258,286,286,317,328,361,438,438,454,518,93,108,148,160,206,206],"floor_reached":51,"playtime":3244,"items_purged":["champ:Defend","champ:FalseCounter","champ:Defend","champ:CrownThrow"],"score":923,"play_id":"36afc923-964c-4a45-922b-910a07600a22","local_time":"20201217203613","is_ascension_mode":true,"campfire_choices":[{"data":"champ:Taunt","floor":1.0,"key":"SMITH"},{"floor":4.0,"key":"REST"},{"data":"Wish","floor":6.0,"key":"SMITH"},{"data":"champ:EnchantSword","floor":18,"key":"SMITH"},{"data":"champ:AdrenalArmor","floor":25,"key":"SMITH"},{"data":"champ:StrikeOfGenius","floor":35,"key":"SMITH"}],"circlet_count":0,"master_deck":["champ:Strike","champ:Execute","champ:Taunt+1","Wish+1","champ:AdrenalArmor","champ:Encircle+1","champ:EndlessRage","champ:EnchantSword+1","AbeCurse","champ:AdrenalArmor+1","champ:StrikeOfGenius+1","champ:CalledShot","champ:EndlessRage"],"relics":["champ:ChampionCrown","REME_ComplimentaryCards","Juzu Bracelet","Replay:Wax Seal","Odd Mushroom","Meat on the Bone","Abe\u0027s Treasure","hubris:CuriousFeather","MutagenicStrength","Anchor","Strawberry","PreservedInsect","downfall:HeartBlessingBlue","Replay:Multitool","hubris:MedicalManual","InkBottle","Mercury Hourglass","FossilizedHelix","Pantograph","Frozen Eye","Unceasing Top"],"acts_visited":["Exordium","TheCity","TheBeyond"],"potions_floor_usage":[8,15,16,19,20,39,50],"damage_taken":[{"damage":15.0,"enemies":"downfall:FleeingMerchant","floor":2.0,"turns":4.0},{"damage":60.0,"enemies":"3 Sentries","floor":3.0,"turns":8.0},{"damage":14.0,"enemies":"Small Slimes","floor":5.0,"turns":6.0},{"damage":29,"enemies":"The Mushroom Lair","floor":8,"turns":5},{"damage":20,"enemies":"Jaw Worm","floor":9,"turns":6},{"damage":34,"enemies":"Gremlin Nob","floor":10,"turns":5},{"damage":19,"enemies":"Cultist","floor":11,"turns":6},{"damage":22,"enemies":"downfall:FleeingMerchant","floor":12,"turns":4},{"damage":24,"enemies":"Exordium Thugs","floor":15,"turns":3},{"damage":50,"enemies":"downfall:Ironclad","floor":16,"turns":6},{"damage":70,"enemies":"Gremlin Leader","floor":19,"turns":7},{"damage":53,"enemies":"downfall:Augmenter","floor":20,"turns":4},{"damage":50,"enemies":"downfall:FleeingMerchant","floor":21,"turns":4},{"damage":23,"enemies":"Shell Parasite","floor":22,"turns":4},{"damage":73,"enemies":"Replay:Snechameleon","floor":27,"turns":6},{"damage":58,"enemies":"Spheric Guardian","floor":30,"turns":5},{"damage":60,"enemies":"Snake Plant","floor":32,"turns":4},{"damage":129,"enemies":"downfall:Watcher","floor":33,"turns":8},{"damage":99,"enemies":"Nemesis","floor":36,"turns":5},{"damage":71,"enemies":"R_Hoarder","floor":38,"turns":7},{"damage":27,"enemies":"3 Shapes","floor":39,"turns":4},{"damage":65,"enemies":"Giant Head","floor":40,"turns":5},{"damage":41,"enemies":"Orb Walker","floor":43,"turns":3},{"damage":50,"enemies":"R_Hoarder","floor":44,"turns":6},{"damage":65,"enemies":"downfall:FleeingMerchant","floor":45,"turns":4},{"damage":58,"enemies":"Spire Growth","floor":46,"turns":4},{"damage":13,"enemies":"downfall:FleeingMerchant","floor":47,"turns":2},{"damage":86,"enemies":"Transient","floor":48,"turns":5},{"damage":80,"enemies":"Jaw Worm Horde","floor":49,"turns":5},{"damage":128,"enemies":"downfall:Defect","floor":50,"turns":7}],"seed_played":"-7719757384067617200","potions_obtained":[{"floor":3.0,"key":"DistilledChaos"},{"floor":10,"key":"champ:CounterPotion"},{"floor":13,"key":"Guardian:BlockOnCardUsePotion"},{"floor":13,"key":"Doom Potion"},{"floor":15,"key":"PowerPotion"},{"floor":16,"key":"LifebloodPotion"},{"floor":22,"key":"Fire Potion"},{"floor":30,"key":"champ:CounterPotion"},{"floor":38,"key":"PowerPotion"},{"floor":39,"key":"Reflective Coating"}],"is_trial":false,"path_per_floor":["R","$","E","R","M","R","T","?","M","E","M","$","?","?","M","B",null,"R","E","?","$","M","?","T","R","?","E","?","T","M","?","M","B",null,"R","E","?","E","M","E","T","?","M","E","$","M","$","M","M","B",null],"character_chosen":"THE_CHAMP","items_purchased":["champ:EndlessRage","Anchor","Pantograph","Frozen Eye","champ:EndlessRage","Unceasing Top"],"campfire_rested":1,"item_purchase_floors":[12,21,45,45,47,47],"current_hp_per_floor":[81,81,36,60,54,54,54,40,36,17,29,31,31,26,47,55,81,81,81,72,61,69,69,76,76,76,88,88,88,88,88,88,88,88,98,72,72,59,73,98,98,98,98,98,98,98,98,98,98,98],"gold":206,"neow_bonus":"REMOVE_TWO","is_daily":false,"chose_seed":false,"campfire_upgraded":5,"win_rate":0.0,"timestamp":1608204973,"path_taken":["R","$","E","R","M","R","T","?","M","E","M","?","?","?","M","BOSS","R","E","?","$","M","?","T","R","?","E","?","?","M","?","M","BOSS","R","E","?","E","M","E","T","?","M","E","$","M","$","M","M","BOSS"],"items_purchased_type":["Card","Relic","Relic","Relic","Card","Relic"],"build_version":"2020-12-13","purchased_purges":4,"victory":true,"max_hp_per_floor":[81,81,81,81,81,81,81,81,81,81,81,81,81,81,81,81,81,81,81,81,81,81,81,88,88,88,88,88,88,88,88,88,88,88,98,98,98,98,98,98,98,98,98,98,98,98,98,98,98,98],"card_choices":[{"not_picked":["champ:GladiatorsShout","champ:Backstep","champ:GutPunch"],"picked":"SKIP","floor":2.0},{"not_picked":["champ:TornadoPunch","champ:Aggression","champ:CrookedStrike"],"picked":"SKIP","floor":3.0},{"not_picked":["champ:FocusedGladiator","champ:SwordSigil","champ:BladeFlurry"],"picked":"SKIP","floor":5.0},{"not_picked":["champ:CrookedStrike","champ:Circumvent","champ:ShieldThrow"],"picked":"SKIP","floor":9},{"not_picked":["champ:Duel","champ:PreciseThrust"],"picked":"champ:AdrenalArmor","floor":10},{"not_picked":["champ:SwordSigil","champ:GladiatorsShout"],"picked":"champ:Encircle","floor":11},{"not_picked":["champ:Haymaker","champ:Encircle","champ:FocusedGladiator"],"picked":"SKIP","floor":12},{"not_picked":["champ:FaceSlap","champ:DefensiveShout","champ:Riposte"],"picked":"SKIP","floor":15},{"not_picked":["champ:PerfectForm","champ:CheapShot"],"picked":"champ:EnchantSword","floor":16},{"not_picked":["champ:HeavySlash","champ:BringItOn","champ:Shatter"],"picked":"SKIP","floor":19},{"not_picked":["champ:ShieldWall+1","champ:FocusedDefense","champ:FlashCut"],"picked":"SKIP","floor":21},{"not_picked":["champ:Backstep","champ:ShieldSigil"],"picked":"champ:AdrenalArmor","floor":22},{"not_picked":["champ:BringItOn","champ:IgnorePain","champ:Circumvent"],"picked":"SKIP","floor":27},{"not_picked":["champ:RageSigil","champ:StanceDance","champ:CrookedStrike"],"picked":"SKIP","floor":30},{"not_picked":["champ:BladeFlurry+1","champ:FocusedBerserking","champ:SwordSigil+1"],"picked":"SKIP","floor":32},{"not_picked":["champ:Devastate","champ:HoldFirm"],"picked":"champ:StrikeOfGenius","floor":33},{"not_picked":["champ:CrookedStrike+1","champ:IronFortress","champ:DefensiveStyle+1"],"picked":"SKIP","floor":36},{"not_picked":["champ:SkillfulDodge+1","champ:DeathBlow+1","champ:Backstep+1"],"picked":"SKIP","floor":38},{"not_picked":["champ:CrookedStrike","champ:BladeFlurry+1","champ:Backstep"],"picked":"SKIP","floor":39},{"not_picked":["champ:Circumvent+1","champ:BerserkersShout+1","champ:EnragedBash"],"picked":"SKIP","floor":40},{"not_picked":["champ:GladiatorsShout","champ:Encircle+1"],"picked":"champ:CalledShot","floor":43},{"not_picked":["champ:FanOfKnives","champ:Riposte+1","champ:Duel+1"],"picked":"SKIP","floor":44},{"not_picked":["champ:ShieldWall+1","champ:Shatter","champ:GladiatorStyle+1"],"picked":"SKIP","floor":45},{"not_picked":["champ:ShieldSlam","champ:PerfectedStrike","champ:GladiatorsShout"],"picked":"SKIP","floor":46},{"not_picked":["champ:RecklessLeap","champ:Balance","champ:SwordSigil"],"picked":"SKIP","floor":47},{"not_picked":["champ:Encircle+1","champ:BladeFlurry+1","champ:FocusedGladiator+1"],"picked":"SKIP","floor":48},{"not_picked":["champ:FlashCut+1","champ:RageSigil+1","champ:AdrenalArmor"],"picked":"SKIP","floor":49}],"player_experience":747955,"relics_obtained":[{"floor":3.0,"key":"Juzu Bracelet"},{"floor":7.0,"key":"Replay:Wax Seal"},{"floor":8,"key":"Odd Mushroom"},{"floor":10,"key":"Meat on the Bone"},{"floor":19,"key":"hubris:CuriousFeather"},{"floor":20,"key":"MutagenicStrength"},{"floor":24,"key":"Strawberry"},{"floor":27,"key":"PreservedInsect"},{"floor":36,"key":"Replay:Multitool"},{"floor":38,"key":"hubris:MedicalManual"},{"floor":40,"key":"InkBottle"},{"floor":41,"key":"Mercury Hourglass"},{"floor":44,"key":"FossilizedHelix"}],"event_choices":[{"damage_healed":0,"gold_gain":0,"player_choice":"Fought Mushrooms","damage_taken":0,"max_hp_gain":0,"max_hp_loss":0,"event_name":"Mushrooms","floor":8,"gold_loss":0},{"damage_healed":0,"gold_gain":0,"player_choice":"Got Potions","damage_taken":0,"max_hp_gain":0,"max_hp_loss":0,"event_name":"Lab","floor":13,"gold_loss":0},{"cards_removed":["champ:Defend"],"damage_healed":0,"gold_gain":0,"player_choice":"Card Removal","damage_taken":0,"max_hp_gain":0,"max_hp_loss":0,"event_name":"Wheel of Change","floor":23,"gold_loss":0},{"damage_healed":0,"gold_gain":0,"player_choice":"Ignored","damage_taken":0,"max_hp_gain":0,"max_hp_loss":0,"event_name":"Vampires","floor":28,"gold_loss":0},{"damage_healed":0,"gold_gain":0,"player_choice":"Upgraded","damage_taken":0,"max_hp_gain":0,"max_hp_loss":0,"event_name":"Upgrade Shrine","floor":42,"gold_loss":0,"cards_upgraded":["champ:Encircle"]}],"is_beta":false,"boss_relics":[{"not_picked":["Ring of Chaos","Honey Jar"],"picked":"Abe\u0027s Treasure"},{"not_picked":["hubris:BlackHole","aspiration:SilentSkillbook","REME_DuelDisc"]}],"items_purged_floors":[2,21,45,47],"is_endless":false,"potions_floor_spawned":[3,10,15,16,22,30,32,38,39,48,49],"ascension_level":3}}