{"host":"4c7oxphrh4ok8x7u","time":1608220128,"event":{"mods":["2.2 Compatiblity","Act Like it!","Aspiration","BaseMod","Better Skull","Better Vampires","BetterRewards","Challenge The Spire","Conjunction","Conspire","Custom Start","Dota2Spire","Friendly Minions","FruityMod","GifTheSpireLib","Halation","Hermit","HololiveMod","Hubris","Hyrulean Relics","Jedi Mod","Kratos Character Expansion","Minty Spire (QoL Compilation)","MostiFishMod","Permanent Neow","Prisma Mod","Quarter Circle Forward PUNCH!","RatMod","Replay The Spire","Robot Space Explorer","SCP261 Mod","Shade Mod","Slay the Relics Exporter","Small Relic Pack","Spicy Shops","Spikes Relics","Spires And Sneckos","StSLib","Stuff the Spire","The Animator","The Blue Laboratory","The Death Knight","The Edgeheg","The Exalted","The Fake Hero","The Trickster","TheWitcher","Wandering Minibosses"],"gold_per_floor":[119,119,23,43,60,60,60,60,60,76,110,110,110,126,126,231,231,242,258,66,82,98,124,124,124,205,6,6,40,40,40],"floor_reached":30,"playtime":1449,"items_purged":["Strike_B","Strike_B+1"],"score":318,"play_id":"7a907204-d599-48f4-b338-6cd85eb1c6ce","local_time":"20201217184848","is_ascension_mode":false,"campfire_choices":[{"data":"conspire:Banana","floor":6,"key":"SMITH"},{"data":"StuffTheSpire:Synthwave","floor":8,"key":"SMITH"},{"data":"Zap","floor":15,"key":"SMITH"},{"floor":24,"key":"RECALL"}],"circlet_count":0,"master_deck":["Strike_B+1","Defend_B+1","Defend_B+1","Defend_B+1","Defend_B+1","Zap+1","Dualcast+1","StuffTheSpire:Synthwave+1","conspire:Banana+1","jedi:BurstFrost+1","StuffTheSpire:Plugnplay+1","Redo+1","Auto Shields+1","Echo Form+1","StuffTheSpire:Synthwave+1","White Noise+1","ReplayTheSpireMod:Calculation Training+1","RefreshScreen+1","jedi:markofdeath"],"relics":["Cracked Core","DaveBox","Toy Ornithopter","DSteel32","Question Card","halation:EternalFortune","Dota2Spire:ShadowBlade","ImportantClient","halation:Risk","Replay:Wax Seal","StuffTheSpire:SapphireSignet","DeathKnight:SindragosasSkull","Orichalcum","hubris:DeckOfHolding"],"acts_visited":["Exordium","TheCity"],"potions_floor_usage":[11,23],"damage_taken":[{"damage":1,"enemies":"Jaw Worm","floor":1,"turns":4},{"damage":7,"enemies":"Small Slimes","floor":4,"turns":3},{"damage":0,"enemies":"Cultist","floor":5,"turns":3},{"damage":4,"enemies":"Exordium Wildlife","floor":10,"turns":5},{"damage":11,"enemies":"Gremlin Nob","floor":11,"turns":3},{"damage":1,"enemies":"2 Fungi Beasts","floor":14,"turns":6},{"damage":3,"enemies":"Fading Forest","floor":16,"turns":11},{"damage":22,"enemies":"3 Byrds","floor":18,"turns":4},{"damage":15,"enemies":"Chosen","floor":19,"turns":8},{"damage":2,"enemies":"Snake Plant","floor":21,"turns":5},{"damage":12,"enemies":"Centurion and Healer","floor":22,"turns":6},{"damage":22,"enemies":"Slavers","floor":23,"turns":4},{"damage":33,"enemies":"Gremlin Leader","floor":29,"turns":6},{"damage":15,"enemies":"3 Cultists","floor":30,"turns":3}],"seed_played":"7238753233754578171","potions_obtained":[{"floor":5,"key":"SpiresAndSneckos:LightningMarble"},{"floor":21,"key":"DuplicationPotion"},{"floor":29,"key":"jedi:coolantleak"}],"is_trial":false,"path_per_floor":["M","?","$","M","M","R","?","R","T","M","E","$","?","M","R","B",null,"M","M","$","M","M","E","R","?","T","$","?","E","M"],"character_chosen":"DEFECT","items_purchased":["conspire:Banana","Replay:Wax Seal","White Noise","Orichalcum"],"campfire_rested":0,"item_purchase_floors":[3,20,20,27],"current_hp_per_floor":[74,77,77,71,72,72,72,72,72,70,66,66,66,67,67,76,88,70,59,59,61,53,40,40,40,40,40,40,11,0,0],"gold":40,"neow_bonus":"RANDOM_COMMON_RELIC","is_daily":false,"chose_seed":false,"campfire_upgraded":3,"win_rate":0.0,"timestamp":1608220128,"path_taken":["M","?","$","M","M","R","?","R","T","?","E","?","?","?","R","BOSS","M","M","$","M","M","E","R","?","T","$","?","E","M"],"items_purchased_type":["Card","Relic","Card","Relic"],"build_version":"2020-12-13","purchased_purges":2,"victory":false,"max_hp_per_floor":[75,78,78,79,80,80,80,80,80,82,84,84,84,86,86,88,88,92,96,96,100,104,108,108,108,108,108,108,112,116,116],"card_choices":[{"not_picked":["Coolheaded","Conserve Battery"],"picked":"StuffTheSpire:Synthwave","floor":1},{"not_picked":["Hologram","Sunder","Fusion"],"picked":"jedi:BurstFrost","floor":4},{"not_picked":["Rebound","ReplayTheSpireMod:GoodbyeWorld","Gash","Beam Cell"],"picked":"SKIP","floor":5},{"not_picked":["conspire:SharedLibrary","Leap","ReplayTheSpireMod:GoodbyeWorld"],"picked":"StuffTheSpire:Plugnplay","floor":10},{"not_picked":["Sweeping Beam","Compile Driver","hubris:Prefetch"],"picked":"Redo","floor":11},{"not_picked":["Stack","Fusion","ReplaySolidLightProjector"],"picked":"Auto Shields","floor":14},{"not_picked":["Reboot","Rainbow","MostiFishMod:FluxCapactior"],"picked":"Echo Form","floor":16},{"not_picked":["Redo","Cold Snap+1","Gash"],"picked":"StuffTheSpire:Synthwave+1","floor":18},{"not_picked":["Coolheaded+1","Time Bomb","jedi:BurstLightning","Barrage"],"picked":"SKIP","floor":19},{"not_picked":["StuffTheSpire:LoadUp+1","Compile Driver","Beam Cell"],"picked":"ReplayTheSpireMod:Calculation Training+1","floor":21},{"not_picked":["Conserve Battery+1","ReplayTheSpireMod:Dual Polarity","Steam"],"picked":"RefreshScreen+1","floor":22},{"not_picked":["Redo","jedi:blockon","ReplayTheSpireMod:System Scan","Leap"],"picked":"SKIP","floor":23},{"not_picked":["Go for the Eyes","FTL","Chaos"],"picked":"jedi:markofdeath","floor":29}],"player_experience":625223,"relics_obtained":[{"floor":1,"key":"Question Card"},{"floor":11,"key":"Dota2Spire:ShadowBlade"},{"floor":16,"key":"ImportantClient"},{"floor":23,"key":"StuffTheSpire:SapphireSignet"},{"floor":26,"key":"DeathKnight:SindragosasSkull"},{"floor":29,"key":"hubris:DeckOfHolding"}],"event_choices":[{"damage_healed":0,"gold_gain":0,"player_choice":"Leave","damage_taken":0,"max_hp_gain":0,"max_hp_loss":0,"event_name":"conspire:Investor","floor":7,"gold_loss":0},{"cards_removed":["Strike_B"],"damage_healed":0,"gold_gain":0,"player_choice":"Offered Basic","damage_taken":0,"max_hp_gain":0,"max_hp_loss":0,"event_name":"Bonfire Elementals","floor":13,"gold_loss":0},{"damage_healed":0,"gold_gain":0,"player_choice":"Ignored","damage_taken":0,"max_hp_gain":0,"max_hp_loss":0,"event_name":"Vampires","floor":25,"gold_loss":0},{"damage_healed":0,"gold_gain":0,"player_choice":"Ignored","damage_taken":0,"max_hp_gain":0,"max_hp_loss":0,"event_name":"WeMeetAgain","floor":28,"gold_loss":0}],"is_beta":false,"boss_relics":[{"not_picked":["hubris:Stopwatch","ReplayTheSpireMod:DimensionalGlitch"],"picked":"halation:Risk"}],"items_purged_floors":[20,27],"is_endless":false,"potions_floor_spawned":[4,5,21,29],"killed_by":"3 Cultists","ascension_level":0}}