{"host":"63yhhrjweyj22b0v","time":1608184284,"event":{"mods":["BaseMod","Minty Spire (QoL Compilation)","Quick Restart"],"gold_per_floor":[114,114,64,139,21,54,54,72,72,93,93,93,132,153,153,284,284,299,214,252,272,24,24,68,68,139,139,139,164,191,191,191,322,322,345,345,368,10,24,24,24,24,24,24,44,68,11,25,25,25,25],"floor_reached":50,"playtime":1408,"items_purged":["Strike_B"],"score":565,"play_id":"1918a42f-814f-4e55-aa8c-6363045adb88","local_time":"20201216235124","is_ascension_mode":true,"campfire_choices":[{"data":"Redo","floor":7,"key":"SMITH"},{"floor":12,"key":"REST"},{"data":"Barrage","floor":15,"key":"SMITH"},{"floor":23,"key":"REST"},{"floor":28,"key":"REST"},{"data":"Creative AI","floor":32,"key":"SMITH"},{"floor":40,"key":"REST"},{"floor":49,"key":"REST"}],"circlet_count":0,"master_deck":["Strike_B","Strike_B","Defend_B","Defend_B","Defend_B","Defend_B","Zap","Dualcast","Redo+1","Self Repair","Ball Lightning","Ball Lightning","Ball Lightning","Electrodynamics","Barrage+1","Buffer","Defragment","White Noise","Creative AI+1","Echo Form+1","Consume+1","Melter","Hello World+1","Capacitor","Capacitor","Chaos"],"relics":["Cracked Core","NeowsBlessing","Golden Idol","InkBottle","Blood Vial","Anchor","Lantern","SlaversCollar","Bag of Marbles","Red Mask","Mummified Hand","Pantograph","The Courier","Smiling Mask","SacredBark","Bronze Scales","Regal Pillow","Eternal Feather","Pen Nib"],"acts_visited":["Exordium","TheCity","TheBeyond"],"potions_floor_usage":[13,18,33,33,50,50],"damage_taken":[{"damage":0,"enemies":"2 Louse","floor":1,"turns":1},{"damage":0,"enemies":"Gremlin Nob","floor":6,"turns":1},{"damage":0,"enemies":"Cultist","floor":8,"turns":1},{"damage":0,"enemies":"Small Slimes","floor":10,"turns":2},{"damage":8,"enemies":"3 Sentries","floor":13,"turns":6},{"damage":0,"enemies":"Exordium Wildlife","floor":14,"turns":2},{"damage":61,"enemies":"The Guardian","floor":16,"turns":9},{"damage":44,"enemies":"2 Thieves","floor":18,"turns":4},{"damage":10,"enemies":"Masked Bandits","floor":20,"turns":3},{"damage":0,"enemies":"Spheric Guardian","floor":21,"turns":3},{"damage":9,"enemies":"Slavers","floor":24,"turns":3},{"damage":7,"enemies":"Centurion and Healer","floor":29,"turns":5},{"damage":45,"enemies":"Collector","floor":33,"turns":7},{"damage":19,"enemies":"3 Darklings","floor":35,"turns":3},{"damage":21,"enemies":"Orb Walker","floor":37,"turns":3},{"damage":98,"enemies":"Transient","floor":39,"turns":5},{"damage":35,"enemies":"Jaw Worm Horde","floor":45,"turns":3},{"damage":0,"enemies":"4 Shapes","floor":46,"turns":4},{"damage":48,"enemies":"3 Darklings","floor":48,"turns":4},{"damage":72,"enemies":"Donu and Deca","floor":50,"turns":5}],"seed_played":"-1417174354398373480","potions_obtained":[{"floor":6,"key":"Energy Potion"},{"floor":13,"key":"ColorlessPotion"},{"floor":20,"key":"FairyPotion"},{"floor":24,"key":"PotionOfCapacity"},{"floor":29,"key":"ColorlessPotion"},{"floor":37,"key":"Dexterity Potion"},{"floor":45,"key":"FairyPotion"},{"floor":48,"key":"Ancient Potion"}],"is_trial":false,"path_per_floor":["M","?","?","?","$","E","R","M","T","M","?","R","E","M","R","B",null,"M","?","?","M","$","R","E","$","T","?","R","M","T","?","R","B",null,"M","?","M","$","M","R","?","?","T","?","M","M","$","M","R","B"],"character_chosen":"DEFECT","items_purchased":["Self Repair","Ball Lightning","Mummified Hand","Bronze Scales","Regal Pillow","Melter","Capacitor"],"campfire_rested":5,"item_purchase_floors":[5,5,22,38,38,38,47],"current_hp_per_floor":[75,57,57,46,46,46,46,46,46,55,37,59,53,62,62,10,75,38,38,30,32,32,54,54,54,54,54,75,68,68,75,75,37,75,63,63,51,51,14,51,51,51,51,51,18,27,27,31,71,0,0],"gold":25,"neow_bonus":"THREE_ENEMY_KILL","is_daily":false,"chose_seed":false,"campfire_upgraded":3,"win_rate":0.0,"timestamp":1608184284,"path_taken":["M","?","?","?","?","E","R","M","T","?","?","R","E","M","R","BOSS","M","?","?","M","$","R","E","?","T","?","R","?","?","?","R","BOSS","M","?","M","?","M","R","?","?","T","?","M","?","?","M","R","BOSS"],"items_purchased_type":["Card","Card","Relic","Relic","Relic","Card","Card"],"build_version":"2020-12-13","purchased_purges":1,"victory":false,"max_hp_per_floor":[75,75,75,75,75,75,75,75,75,75,75,75,75,75,75,75,75,75,75,75,75,75,75,75,75,75,75,75,75,75,75,75,75,75,75,75,75,75,75,75,75,71,71,71,71,71,71,71,71,71,71],"card_choices":[{"not_picked":["Hologram","Rebound"],"picked":"Redo","floor":1},{"not_picked":["Compile Driver","Chaos"],"picked":"Ball Lightning","floor":6},{"not_picked":["Go for the Eyes","Steam"],"picked":"Ball Lightning","floor":8},{"not_picked":["Steam Power","Coolheaded"],"picked":"Fusion","floor":10},{"not_picked":["Turbo","Coolheaded"],"picked":"Electrodynamics","floor":13},{"not_picked":["Rip and Tear","Turbo"],"picked":"Barrage","floor":14},{"not_picked":["Amplify","All For One"],"picked":"Buffer","floor":16},{"not_picked":["Beam Cell","Go for the Eyes"],"picked":"Defragment","floor":18},{"not_picked":["Hello World","Recycle+1"],"picked":"White Noise","floor":20},{"not_picked":["Sweeping Beam","Steam"],"picked":"Chill+1","floor":21},{"not_picked":["Sweeping Beam","Darkness"],"picked":"Creative AI","floor":24},{"not_picked":["Ball Lightning","Coolheaded","Undo"],"picked":"SKIP","floor":29},{"not_picked":["Amplify","Multi-Cast"],"picked":"Echo Form","floor":33},{"not_picked":["Steam Power","Conserve Battery","Darkness+1"],"picked":"SKIP","floor":35},{"not_picked":["Reinforced Body+1","Streamline+1"],"picked":"Consume+1","floor":37},{"not_picked":["Stack+1","Aggregate","Recycle+1"],"picked":"SKIP","floor":39},{"not_picked":["Beam Cell","Reinforced Body"],"picked":"Hello World+1","floor":45},{"not_picked":["Glacier","Fusion"],"picked":"Capacitor","floor":46},{"not_picked":["Sweeping Beam","Stack"],"picked":"Chaos","floor":48}],"player_experience":616353,"relics_obtained":[{"floor":6,"key":"InkBottle"},{"floor":9,"key":"Blood Vial"},{"floor":13,"key":"Lantern"},{"floor":20,"key":"Red Mask"},{"floor":24,"key":"Pantograph"},{"floor":26,"key":"The Courier"},{"floor":30,"key":"Smiling Mask"},{"floor":43,"key":"Eternal Feather"},{"floor":44,"key":"Pen Nib"}],"event_choices":[{"damage_healed":0,"gold_gain":0,"player_choice":"Take Damage","damage_taken":18,"relics_obtained":["Golden Idol"],"max_hp_gain":0,"max_hp_loss":0,"event_name":"Golden Idol","floor":2,"gold_loss":0},{"cards_removed":["Strike_B"],"damage_healed":0,"gold_gain":0,"player_choice":"Card Removal","damage_taken":0,"max_hp_gain":0,"max_hp_loss":0,"event_name":"The Cleric","floor":3,"gold_loss":50},{"damage_healed":0,"gold_gain":75,"player_choice":"Gather Gold","damage_taken":11,"max_hp_gain":0,"max_hp_loss":0,"event_name":"World of Goop","floor":4,"gold_loss":0},{"damage_healed":0,"gold_gain":0,"player_choice":"Success","damage_taken":18,"relics_obtained":["Anchor"],"max_hp_gain":0,"max_hp_loss":0,"event_name":"Scrap Ooze","floor":11,"gold_loss":0},{"damage_healed":0,"gold_gain":0,"player_choice":"Obtained Relic","damage_taken":0,"relics_obtained":["Bag of Marbles"],"max_hp_gain":0,"max_hp_loss":0,"event_name":"Addict","floor":19,"gold_loss":85},{"damage_healed":0,"gold_gain":0,"player_choice":"Fought Bandits","damage_taken":0,"max_hp_gain":0,"max_hp_loss":0,"event_name":"Masked Bandits","floor":20,"gold_loss":0},{"damage_healed":0,"gold_gain":0,"player_choice":"Ignored","damage_taken":0,"max_hp_gain":0,"max_hp_loss":0,"event_name":"Cursed Tome","floor":27,"gold_loss":0},{"cards_removed":["Chill"],"damage_healed":7,"gold_gain":0,"player_choice":"Offered Uncommon","damage_taken":0,"max_hp_gain":0,"max_hp_loss":0,"event_name":"Bonfire Elementals","floor":31,"gold_loss":0},{"damage_healed":0,"gold_gain":0,"player_choice":"Forge","damage_taken":0,"max_hp_gain":0,"max_hp_loss":0,"event_name":"Accursed Blacksmith","floor":36,"gold_loss":0,"cards_upgraded":["Echo Form"]},{"cards_removed":["Fusion"],"damage_healed":0,"gold_gain":0,"player_choice":"Removed Skill","damage_taken":0,"max_hp_gain":0,"max_hp_loss":0,"event_name":"Falling","floor":41,"gold_loss":0},{"damage_healed":0,"gold_gain":0,"player_choice":"Max HP","damage_taken":0,"max_hp_gain":0,"max_hp_loss":4,"event_name":"Winding Halls","floor":42,"gold_loss":0},{"damage_healed":0,"gold_gain":0,"player_choice":"Relic","damage_taken":0,"max_hp_gain":0,"max_hp_loss":0,"event_name":"Wheel of Change","floor":44,"gold_loss":0}],"is_beta":false,"boss_relics":[{"not_picked":["Cursed Key","FrozenCore"],"picked":"SlaversCollar"},{"not_picked":["Astrolabe","Philosopher\u0027s Stone"],"picked":"SacredBark"}],"items_purged_floors":[38],"is_endless":false,"potions_floor_spawned":[6,13,20,24,29,37,45,48],"killed_by":"Donu and Deca","ascension_level":2}}