{"host":"brlhu57vzmgrzvkq","time":1608185429,"event":{"mods":["AchievementEnabler","BaseMod","Colored Map","Hermit","Minty Spire (QoL Compilation)","StSLib","SuperFastMode","The Cursed","The Servant 0.9.4"],"gold_per_floor":[111,111,61,79,98,98,124,124,124,135,235,235,246,273,273,375,375,388,9,26,42,42,70,70,86,137,137,147,159,159,59,59,155,205,215,227,102,113,126,126,159,159,232,232,244,244,279,279,279,279],"floor_reached":51,"playtime":1755,"items_purged":["Strike_B","Defend_B","Defend_B"],"score":806,"play_id":"297d00fe-a476-4dbb-b1e5-fb0c1e02be0c","local_time":"20201216231029","is_ascension_mode":true,"campfire_choices":[{"data":"Streamline","floor":6,"key":"SMITH"},{"data":"Dualcast","floor":12,"key":"SMITH"},{"floor":15,"key":"REST"},{"data":"Barrage","floor":27,"key":"SMITH"},{"data":"Machine Learning","floor":30,"key":"SMITH"},{"data":"Go for the Eyes","floor":32,"key":"SMITH"},{"data":"Compile Driver","floor":40,"key":"SMITH"},{"data":"Electrodynamics","floor":42,"key":"SMITH"},{"data":"Defend_B","floor":44,"key":"SMITH"},{"data":"Strike_B","floor":49,"key":"SMITH"}],"circlet_count":0,"master_deck":["Strike_B","Strike_B+1","Defend_B+1","Defend_B+1","Zap+1","Dualcast+1","Electrodynamics+1","Streamline+1","Go for the Eyes+1","Barrage+1","Compile Driver+1","Coolheaded+1","Coolheaded+1","Conserve Battery+1","Reboot+1","Cold Snap+1","Necronomicurse","Chill+1","BootSequence+1","Machine Learning+1","Static Discharge+1","Stack+1","Amplify+1","Conserve Battery+1","Leap+1","Hologram+1","Lockon+1","White Noise+1","Doubt","Hologram+1"],"relics":["Cracked Core","StoneCalendar","Toxic Egg 2","Shuriken","Coffee Dripper","Ancient Tea Set","Potion Belt","Necronomicon","Prayer Wheel","Centennial Puzzle","Tiny House","Pen Nib","Pantograph","Frozen Egg 2"],"acts_visited":["Exordium","TheCity","TheBeyond"],"potions_floor_usage":[23,28,29,33,38,38,38,39,39,47,50],"damage_taken":[{"damage":9,"enemies":"2 Louse","floor":1,"turns":2},{"damage":5,"enemies":"Small Slimes","floor":4,"turns":2},{"damage":1,"enemies":"Cultist","floor":5,"turns":3},{"damage":12,"enemies":"3 Sentries","floor":7,"turns":3},{"damage":0,"enemies":"3 Louse","floor":10,"turns":1},{"damage":0,"enemies":"Lots of Slimes","floor":13,"turns":1},{"damage":20,"enemies":"Lagavulin","floor":14,"turns":5},{"damage":14,"enemies":"Hexaghost","floor":16,"turns":7},{"damage":7,"enemies":"Chosen","floor":18,"turns":4},{"damage":0,"enemies":"Spheric Guardian","floor":20,"turns":3},{"damage":0,"enemies":"Cultist and Chosen","floor":21,"turns":4},{"damage":22,"enemies":"Gremlin Leader","floor":23,"turns":4},{"damage":3,"enemies":"3 Cultists","floor":25,"turns":4},{"damage":12,"enemies":"Snake Plant","floor":28,"turns":4},{"damage":0,"enemies":"Snecko","floor":29,"turns":5},{"damage":9,"enemies":"Automaton","floor":33,"turns":7},{"damage":8,"enemies":"3 Darklings","floor":35,"turns":3},{"damage":0,"enemies":"3 Shapes","floor":36,"turns":4},{"damage":13,"enemies":"Writhing Mass","floor":38,"turns":5},{"damage":5,"enemies":"Maw","floor":39,"turns":7},{"damage":40,"enemies":"Reptomancer","floor":41,"turns":9},{"damage":3,"enemies":"Sphere and 2 Shapes","floor":45,"turns":4},{"damage":16,"enemies":"Giant Head","floor":47,"turns":7},{"damage":44,"enemies":"Donu and Deca","floor":50,"turns":7}],"seed_played":"-175855698213595004","potions_obtained":[{"floor":4,"key":"BlessingOfTheForge"},{"floor":13,"key":"GamblersBrew"},{"floor":14,"key":"Block Potion"},{"floor":20,"key":"EssenceOfSteel"},{"floor":29,"key":"Weak Potion"},{"floor":33,"key":"FocusPotion"},{"floor":34,"key":"EntropicBrew"},{"floor":35,"key":"SteroidPotion"},{"floor":38,"key":"Energy Potion"},{"floor":47,"key":"ColorlessPotion"}],"is_trial":false,"path_per_floor":["M","?","?","M","M","R","E","?","T","M","?","R","M","E","R","B",null,"M","$","M","M","?","E","$","M","T","R","M","M","R","$","R","B",null,"M","M","$","M","M","R","E","R","T","R","M","?","E","?","R","B",null],"character_chosen":"DEFECT","items_purchased":["Ancient Tea Set","Potion Belt"],"campfire_rested":1,"item_purchase_floors":[19,19],"current_hp_per_floor":[66,66,66,61,60,60,48,48,48,48,48,48,48,28,50,36,75,68,68,68,68,52,30,30,27,27,27,15,15,15,15,15,6,80,72,72,72,59,54,54,14,14,14,14,11,80,64,64,64,36],"gold":279,"neow_bonus":"ONE_RANDOM_RARE_CARD","is_daily":false,"chose_seed":false,"campfire_upgraded":9,"win_rate":0.0,"timestamp":1608185429,"path_taken":["M","?","?","M","M","R","E","?","T","?","?","R","M","E","R","BOSS","M","?","M","M","?","E","?","M","T","R","M","M","R","$","R","BOSS","M","M","$","M","M","R","E","R","T","R","M","?","E","?","R","BOSS"],"items_purchased_type":["Relic","Relic"],"build_version":"2020-12-13","purchased_purges":3,"victory":true,"max_hp_per_floor":[75,75,75,75,75,75,75,75,75,75,75,75,75,75,75,75,75,75,75,75,75,75,75,75,75,75,75,75,75,75,75,75,75,80,80,80,80,80,80,80,80,80,80,80,80,80,80,80,80,80],"card_choices":[{"not_picked":["Steam","Static Discharge"],"picked":"Streamline","floor":1},{"not_picked":["Compile Driver","Barrage"],"picked":"Go for the Eyes","floor":4},{"not_picked":["Steam","Loop"],"picked":"Barrage","floor":5},{"not_picked":["Aggregate","Force Field"],"picked":"Compile Driver","floor":7},{"not_picked":["Auto Shields+1","Sweeping Beam"],"picked":"Coolheaded+1","floor":10},{"not_picked":["Steam+1","Ball Lightning"],"picked":"Coolheaded+1","floor":13},{"not_picked":["Thunder Strike","Redo+1"],"picked":"Conserve Battery+1","floor":14},{"not_picked":["Fission+1","Meteor Strike"],"picked":"Reboot+1","floor":16},{"not_picked":["Steam+1","Coolheaded+1","Gash"],"picked":"SKIP","floor":18},{"not_picked":["Coolheaded+1","Hello World"],"picked":"Cold Snap+1","floor":20},{"not_picked":["Force Field+1","Compile Driver+1","Fusion+1"],"picked":"SKIP","floor":21},{"not_picked":["Compile Driver+1","Consume+1"],"picked":"Chill+1","floor":23},{"not_picked":["All For One","Leap+1"],"picked":"BootSequence+1","floor":25},{"not_picked":["Coolheaded+1","Barrage","Turbo+1"],"picked":"SKIP","floor":25},{"not_picked":["Conserve Battery+1","Cold Snap+1"],"picked":"Machine Learning","floor":28},{"not_picked":["Heatsinks","Tempest+1","Turbo+1"],"picked":"SKIP","floor":28},{"not_picked":["Consume+1","Gash+1"],"picked":"Static Discharge","floor":29},{"not_picked":["Coolheaded+1","Go for the Eyes"],"picked":"Stack+1","floor":29},{"not_picked":["Electrodynamics","Biased Cognition"],"picked":"Amplify+1","floor":33},{"not_picked":["Compile Driver","Beam Cell"],"picked":"Conserve Battery+1","floor":34},{"not_picked":["Recycle+1","Conserve Battery+1"],"picked":"Leap+1","floor":35},{"not_picked":["Heatsinks+1","Redo+1","Chill+1"],"picked":"SKIP","floor":35},{"not_picked":["Double Energy+1","Gash"],"picked":"Hologram+1","floor":36},{"not_picked":["Darkness+1","Scrape+1","Auto Shields+1"],"picked":"SKIP","floor":36},{"not_picked":["Stack+1","Redo+1","Chaos+1"],"picked":"SKIP","floor":38},{"not_picked":["Turbo+1","Consume+1","Electrodynamics"],"picked":"SKIP","floor":38},{"not_picked":["Rebound","Redo+1","Scrape+1"],"picked":"SKIP","floor":39},{"not_picked":["Recycle+1","Darkness+1","Turbo+1"],"picked":"SKIP","floor":39},{"not_picked":["Storm","Compile Driver"],"picked":"Lockon+1","floor":41},{"not_picked":["Ball Lightning+1","Melter"],"picked":"White Noise+1","floor":45},{"not_picked":["Sweeping Beam+1","Steam+1","Rebound"],"picked":"SKIP","floor":45},{"not_picked":["Compile Driver+1","Beam Cell+1","Hologram+1"],"picked":"SKIP","floor":47},{"not_picked":["Compile Driver+1","Beam Cell+1"],"picked":"Hologram+1","floor":47}],"player_experience":61134,"relics_obtained":[{"floor":7,"key":"StoneCalendar"},{"floor":9,"key":"Toxic Egg 2"},{"floor":14,"key":"Shuriken"},{"floor":22,"key":"Necronomicon"},{"floor":23,"key":"Prayer Wheel"},{"floor":26,"key":"Centennial Puzzle"},{"floor":41,"key":"Pen Nib"},{"floor":43,"key":"Pantograph"},{"floor":47,"key":"Frozen Egg 2"}],"event_choices":[{"damage_healed":0,"gold_gain":0,"player_choice":"Ignored","damage_taken":0,"max_hp_gain":0,"max_hp_loss":0,"event_name":"Golden Idol","floor":2,"gold_loss":0},{"cards_removed":["Strike_B"],"damage_healed":0,"gold_gain":0,"player_choice":"Card Removal","damage_taken":0,"max_hp_gain":0,"max_hp_loss":0,"event_name":"The Cleric","floor":3,"gold_loss":50},{"damage_healed":0,"gold_gain":0,"player_choice":"Forge","damage_taken":0,"max_hp_gain":0,"max_hp_loss":0,"event_name":"Accursed Blacksmith","floor":8,"gold_loss":0,"cards_upgraded":["Zap"]},{"damage_healed":0,"gold_gain":100,"player_choice":"Pray","damage_taken":0,"max_hp_gain":0,"max_hp_loss":0,"event_name":"Golden Shrine","floor":11,"gold_loss":0},{"damage_healed":0,"gold_gain":0,"player_choice":"Obtained Book","damage_taken":16,"max_hp_gain":0,"max_hp_loss":0,"event_name":"Cursed Tome","floor":22,"gold_loss":0},{"damage_healed":69,"gold_gain":0,"player_choice":"Heal","damage_taken":0,"max_hp_gain":0,"max_hp_loss":0,"event_name":"MindBloom","floor":46,"gold_loss":0,"cards_obtained":["Doubt"]},{"damage_healed":0,"gold_gain":0,"player_choice":"Upgraded","damage_taken":0,"max_hp_gain":0,"max_hp_loss":0,"event_name":"Upgrade Shrine","floor":48,"gold_loss":0,"cards_upgraded":["Static Discharge"]}],"is_beta":false,"boss_relics":[{"not_picked":["Snecko Eye","Cursed Key"],"picked":"Coffee Dripper"},{"not_picked":["Fusion Hammer","FrozenCore"],"picked":"Tiny House"}],"items_purged_floors":[19,31,37],"is_endless":false,"potions_floor_spawned":[4,13,14,20,29,33,35,38,47],"ascension_level":2}}