{"host":"aljlpqwbzkm6w4ix","time":1608241243,"event":{"mods":["AchievementEnabler","BaseMod","Colored Map","Colored Powertips","Curses Come First","Friendly Minions","Infinite Spire","Mimic Mod","Minty Spire (QoL Compilation)","Relic Sorter","Shop Mod","StSLib","SuperFastMode"],"gold_per_floor":[110,127,143,143,155,155,9616,9642,9678,9706,8918,8937,8957,8957,8957,9058,9058,9069,8369,8468,7792,7792,7792,7824,7844,7844,7844,7876,7876,7886,7897,7897,7994,7994,8008,8022,8041,7928,7979,8014,8014,8041,8067,8092,8092,8092,7766,7726,7726,7726,7726,7726,7339,7372,7372],"floor_reached":56,"playtime":1176,"items_purged":["Vigilance","Defend_P","Strike_P","Defend_P","Strike_P","BowlingBash+1","Indignation+1"],"score":1763,"play_id":"7f40e62d-38bc-4a8d-83ba-b8526358f665","local_time":"20201217224043","is_ascension_mode":true,"campfire_choices":[{"data":"Eruption","floor":6,"key":"SMITH"},{"data":"Tantrum","floor":15,"key":"SMITH"},{"data":"Consecrate","floor":23,"key":"SMITH"},{"data":"Consecrate","floor":27,"key":"SMITH"},{"data":"BowlingBash","floor":32,"key":"SMITH"},{"data":"Indignation","floor":41,"key":"SMITH"},{"floor":46,"key":"RECALL"},{"floor":49,"key":"REST"},{"floor":52,"key":"REST"}],"circlet_count":0,"master_deck":["Eruption+1","Consecrate+1","Tantrum+1","Trip+1","Consecrate+1","FlyingSleeves+1","Consecrate+1","Conclude+1"],"relics":["PureWater","MealTicket","Oddly Smooth Stone","Bronze Scales","MawBank","Vajra","InkBottle","Lizard Tail","ClockworkSouvenir","Empty Cage","Bottled Flame","Whetstone","TheAbacus","infinitespire:Beetle Shell","StoneCalendar","Membership Card","HornCleat","Gremlin Horn","Dream Catcher","Busted Crown","infinitespire:Joker Card","infinitespire:BottledMercury","infinitespire:EmpoweringShard","infinitespire:PuzzleCube","Potion Belt","Molten Egg 2","PreservedInsect","Regal Pillow","Lee\u0027s Waffle","Pear","Nunchaku","OrangePellets","Bird Faced Urn"],"acts_visited":["Exordium","TheCity","TheBeyond","TheEnding"],"potions_floor_usage":[39],"damage_taken":[{"damage":24,"enemies":"Jaw Worm","floor":1,"turns":3},{"damage":11,"enemies":"Small Slimes","floor":2,"turns":3},{"damage":0,"enemies":"Cultist","floor":3,"turns":2},{"damage":16,"enemies":"Large Slime","floor":5,"turns":4},{"damage":0,"enemies":"Lagavulin","floor":8,"turns":2},{"damage":0,"enemies":"2 Fungi Beasts","floor":10,"turns":1},{"damage":0,"enemies":"Gremlin Gang","floor":12,"turns":1},{"damage":16,"enemies":"Exordium Thugs","floor":13,"turns":2},{"damage":59,"enemies":"The Guardian","floor":16,"turns":5},{"damage":0,"enemies":"2 Thieves","floor":18,"turns":1},{"damage":26,"enemies":"Slavers","floor":24,"turns":2},{"damage":0,"enemies":"Shell Parasite","floor":25,"turns":1},{"damage":28,"enemies":"Book of Stabbing","floor":28,"turns":2},{"damage":0,"enemies":"Snecko","floor":30,"turns":2},{"damage":0,"enemies":"Centurion and Healer","floor":31,"turns":1},{"damage":0,"enemies":"Collector","floor":33,"turns":2},{"damage":0,"enemies":"Orb Walker","floor":35,"turns":1},{"damage":0,"enemies":"3 Darklings","floor":36,"turns":1},{"damage":36,"enemies":"Spire Growth","floor":37,"turns":2},{"damage":0,"enemies":"2 Orb Walkers","floor":39,"turns":1},{"damage":112,"enemies":"Nemesis","floor":40,"turns":3},{"damage":0,"enemies":"Reptomancer","floor":42,"turns":1},{"damage":0,"enemies":"Nemesis","floor":44,"turns":1},{"damage":113,"enemies":"infinitespire:MassOfShapes","floor":50,"turns":2},{"damage":0,"enemies":"Shield and Spear","floor":54,"turns":1},{"damage":130,"enemies":"The Heart","floor":55,"turns":4}],"seed_played":"-4028652738540551501","potions_obtained":[{"floor":1,"key":"Swift Potion"},{"floor":2,"key":"LiquidBronze"},{"floor":8,"key":"Energy Potion"},{"floor":29,"key":"Ambrosia"},{"floor":40,"key":"ColorlessPotion"},{"floor":44,"key":"StancePotion"},{"floor":48,"key":"PowerPotion"}],"is_trial":false,"path_per_floor":["M","M","M","?","M","R","$","E","T","M","$","M","M","?","R","B",null,"M","$","?","$","?","R","E","M","T","R","E","?","M","M","R","B",null,"M","M","M","$","?","E","R","E","T","E","T","R","$","?","R","B",null,"R","$","E","B",null],"character_chosen":"WATCHER","items_purchased":["Oddly Smooth Stone","Bronze Scales","Tantrum","Trip","InkBottle","Lizard Tail","ClockworkSouvenir","Consecrate","Bottled Flame","Whetstone","TheAbacus","infinitespire:Beetle Shell","StoneCalendar","Membership Card","Swift Potion","PreservedInsect","Regal Pillow","Lee\u0027s Waffle","Pear","Nunchaku","OrangePellets"],"campfire_rested":2,"item_purchase_floors":[7,7,7,7,11,11,11,19,19,19,19,21,21,21,38,47,47,47,53,53,53],"current_hp_per_floor":[48,37,37,30,14,14,29,29,29,29,44,44,28,28,28,34,72,72,72,72,72,72,72,46,46,46,46,18,18,18,18,18,18,72,72,72,36,51,51,72,72,72,72,72,72,72,79,79,79,35,79,79,89,89,84],"gold":7372,"neow_bonus":"TRANSFORM_CARD","is_daily":false,"chose_seed":false,"campfire_upgraded":6,"win_rate":0.0,"timestamp":1608241243,"path_taken":["M","M","M","?","M","R","$","E","T","M","$","M","M","?","R","BOSS","M","$","?","$","?","R","E","M","T","R","E","?","?","M","R","BOSS","M","M","M","$","?","E","R","E","T","E","?","R","$","?","R","BOSS","R","$","E","BOSS"],"items_purchased_type":["Relic","Relic","Card","Card","Relic","Relic","Relic","Card","Relic","Relic","Relic","Relic","Relic","Relic","Potion","Relic","Relic","Relic","Relic","Relic","Relic"],"build_version":"2020-12-13","purchased_purges":7,"victory":true,"max_hp_per_floor":[72,72,72,72,72,72,72,72,72,72,72,72,72,72,72,72,72,72,72,72,72,72,72,72,72,72,72,72,72,72,72,72,72,72,72,72,72,72,72,72,72,72,72,72,72,72,79,79,79,79,79,79,89,89,89],"card_choices":[{"not_picked":["FlyingSleeves","ForeignInfluence"],"picked":"Consecrate","floor":1},{"not_picked":["Collect","Evaluate"],"picked":"Indignation","floor":2},{"not_picked":["FearNoEvil","CarveReality","Halt"],"picked":"SKIP","floor":3},{"not_picked":["Vengeance","CutThroughFate","FlurryOfBlows"],"picked":"SKIP","floor":5},{"not_picked":["PathToVictory","EmptyBody","Wireheading"],"picked":"SKIP","floor":8},{"not_picked":["ConjureBlade","FollowUp"],"picked":"Consecrate","floor":10},{"not_picked":["SpiritShield","BowlingBash"],"picked":"FlyingSleeves","floor":12},{"not_picked":["Study","ForeignInfluence","ThirdEye"],"picked":"SKIP","floor":13},{"not_picked":["CrushJoints","FlurryOfBlows","Protect"],"picked":"SKIP","floor":18},{"not_picked":["Pray+1","EmptyFist","Halt"],"picked":"SKIP","floor":24},{"not_picked":["EmptyFist+1","TalkToTheHand","WheelKick"],"picked":"SKIP","floor":25},{"not_picked":["BowlingBash+1","FollowUp"],"picked":"Conclude+1","floor":28},{"not_picked":["Wireheading","EmptyMind","BowlingBash"],"picked":"SKIP","floor":30},{"not_picked":["Nirvana+1","Prostrate","FollowUp"],"picked":"SKIP","floor":31},{"not_picked":["BattleHymn+1"],"picked":"SKIP","floor":35},{"not_picked":["ThirdEye"],"picked":"SKIP","floor":36},{"not_picked":["Evaluate+1"],"picked":"SKIP","floor":37},{"not_picked":["Meditate"],"picked":"SKIP","floor":40},{"not_picked":["EmptyBody+1"],"picked":"SKIP","floor":42},{"not_picked":["PathToVictory"],"picked":"SKIP","floor":44},{"not_picked":["Perseverance"],"picked":"SKIP","floor":54}],"player_experience":323339,"relics_obtained":[{"floor":8,"key":"MawBank"},{"floor":9,"key":"Vajra"},{"floor":24,"key":"HornCleat"},{"floor":26,"key":"Gremlin Horn"},{"floor":28,"key":"Dream Catcher"},{"floor":39,"key":"infinitespire:Joker Card"},{"floor":40,"key":"infinitespire:BottledMercury"},{"floor":42,"key":"infinitespire:EmpoweringShard"},{"floor":43,"key":"infinitespire:PuzzleCube"},{"floor":44,"key":"Potion Belt"},{"floor":45,"key":"Molten Egg 2"},{"floor":54,"key":"Bird Faced Urn"}],"event_choices":[{"damage_healed":0,"gold_gain":0,"player_choice":"Success","damage_taken":7,"relics_obtained":["MealTicket"],"max_hp_gain":0,"max_hp_loss":0,"event_name":"Scrap Ooze","floor":4,"gold_loss":0},{"damage_healed":0,"gold_gain":0,"player_choice":"Upgraded","damage_taken":0,"max_hp_gain":0,"max_hp_loss":0,"event_name":"Upgrade Shrine","floor":14,"gold_loss":0,"cards_upgraded":["Trip"]},{"damage_healed":0,"gold_gain":99,"player_choice":"Stole From Cult","damage_taken":0,"max_hp_gain":0,"max_hp_loss":0,"event_name":"Nest","floor":20,"gold_loss":0},{"cards_removed":["Strike_P"],"damage_healed":0,"gold_gain":0,"player_choice":"Elegance","damage_taken":0,"max_hp_gain":0,"max_hp_loss":0,"event_name":"Back to Basics","floor":22,"gold_loss":0},{"damage_healed":0,"gold_gain":0,"player_choice":"Got Potions","damage_taken":0,"max_hp_gain":0,"max_hp_loss":0,"event_name":"Lab","floor":29,"gold_loss":0},{"damage_healed":0,"gold_gain":0,"player_choice":"Fight","damage_taken":0,"max_hp_gain":0,"max_hp_loss":0,"event_name":"Mysterious Sphere","floor":39,"gold_loss":0},{"damage_healed":0,"gold_gain":0,"player_choice":"Bought 3 Potions","damage_taken":0,"max_hp_gain":0,"max_hp_loss":0,"event_name":"The Woman in Blue","floor":48,"gold_loss":0}],"is_beta":false,"boss_relics":[{"not_picked":["Calling Bell","Ectoplasm"],"picked":"Empty Cage"},{"not_picked":["infinitespire:Cupcake","SlaversCollar"],"picked":"Busted Crown"}],"items_purged_floors":[7,11,19,21,38,47,53],"is_endless":false,"potions_floor_spawned":[1,2,8,16,18,24,30,36,40,42,44],"ascension_level":3}}