{"host":"k0d0avqto4hu4k85","time":1608175405,"event":{"mods":["AchievementEnabler","BaseMod","BetterRewards","Colored Map","Colored Powertips","Minty Spire (QoL Compilation)"],"gold_per_floor":[117,117,117,117,142,142,165,165,165,183,183,221,221,221,221,350,350,363,363,383,383,239,254,272,285,285,7,7,28,28,41,41,162,162,182,132,147,171,171,189,189,41,65,65,99,99,99,123,123,123],"floor_reached":51,"playtime":1107,"items_purged":["Strike_R"],"score":900,"play_id":"29deb608-ae4e-42e9-bf8b-8c2630bfb2ea","local_time":"20201216222325","is_ascension_mode":false,"campfire_choices":[{"data":"Bash","floor":6,"key":"SMITH"},{"data":"Defend_R","floor":8,"key":"SMITH"},{"floor":13,"key":"REST"},{"floor":15,"key":"REST"},{"floor":30,"key":"REST"},{"floor":32,"key":"REST"},{"data":"Demon Form","floor":41,"key":"SMITH"},{"data":"Inflame","floor":44,"key":"SMITH"},{"floor":49,"key":"REST"}],"circlet_count":0,"master_deck":["Strike_R+1","Strike_R","Strike_R","Strike_R","Defend_R+1","Defend_R","Defend_R+1","Bash+1","Pommel Strike+1","Cleave+1","Spot Weakness","Demon Form+1","Berserk","Inflame+1","Sword Boomerang+1","Iron Wave+1","Heavy Blade+1","Pummel+1","Inflame","Seeing Red+1","Iron Wave+1","Reaper+1"],"relics":["Burning Blood","ClockworkSouvenir","Pocketwatch","Mercury Hourglass","Akabeko","Molten Egg 2","Golden Idol","Blue Candle","Smiling Mask","White Beast Statue","Lantern","Bag of Marbles","Ornamental Fan","Bottled Tornado","Velvet Choker","HandDrill","Happy Flower","Frozen Egg 2","Centennial Puzzle"],"acts_visited":["Exordium","TheCity","TheBeyond"],"potions_floor_usage":[12,16,16,25,25,29,29,50,50,50],"damage_taken":[{"damage":0,"enemies":"Cultist","floor":1,"turns":2},{"damage":0,"enemies":"Small Slimes","floor":5,"turns":2},{"damage":6,"enemies":"2 Louse","floor":7,"turns":2},{"damage":0,"enemies":"2 Fungi Beasts","floor":10,"turns":1},{"damage":18,"enemies":"Lagavulin","floor":12,"turns":3},{"damage":12,"enemies":"The Guardian","floor":16,"turns":9},{"damage":34,"enemies":"Shell Parasite","floor":18,"turns":4},{"damage":17,"enemies":"Spheric Guardian","floor":20,"turns":4},{"damage":5,"enemies":"Snake Plant","floor":23,"turns":3},{"damage":8,"enemies":"Snecko","floor":24,"turns":3},{"damage":10,"enemies":"Shelled Parasite and Fungi","floor":25,"turns":2},{"damage":0,"enemies":"Sentry and Sphere","floor":29,"turns":3},{"damage":21,"enemies":"Snake Plant","floor":31,"turns":2},{"damage":57,"enemies":"Collector","floor":33,"turns":4},{"damage":6,"enemies":"Orb Walker","floor":35,"turns":2},{"damage":7,"enemies":"3 Shapes","floor":37,"turns":3},{"damage":0,"enemies":"Sphere and 2 Shapes","floor":38,"turns":3},{"damage":16,"enemies":"Jaw Worm Horde","floor":40,"turns":2},{"damage":47,"enemies":"Nemesis","floor":45,"turns":5},{"damage":62,"enemies":"Time Eater","floor":50,"turns":6}],"seed_played":"6968620016807350680","potions_obtained":[{"floor":1,"key":"SpeedPotion"},{"floor":7,"key":"Dexterity Potion"},{"floor":10,"key":"Fire Potion"},{"floor":18,"key":"CultistPotion"},{"floor":20,"key":"Explosive Potion"},{"floor":23,"key":"ColorlessPotion"},{"floor":24,"key":"BlessingOfTheForge"},{"floor":25,"key":"Block Potion"},{"floor":29,"key":"Fruit Juice"},{"floor":31,"key":"FearPotion"},{"floor":33,"key":"BloodPotion"},{"floor":35,"key":"EssenceOfSteel"},{"floor":38,"key":"CultistPotion"}],"is_trial":false,"path_per_floor":["M","?","$","?","M","R","M","R","T","M","?","E","R","?","R","B",null,"M","T","M","?","$","M","M","M","T","$","?","M","R","M","R","B",null,"M","$","M","M","?","M","R","$","T","R","E","?","$","T","R","B",null],"character_chosen":"IRONCLAD","items_purchased":["ClockworkSouvenir","Mercury Hourglass","Akabeko","Bag of Marbles","Bottled Tornado","Pummel+1","HandDrill"],"campfire_rested":5,"item_purchase_floors":[0,0,0,22,27,27,42],"current_hp_per_floor":[52,45,45,45,51,51,51,51,51,57,42,30,52,52,74,68,74,46,46,35,35,35,36,34,30,30,30,30,41,64,49,72,21,79,79,79,78,79,75,65,65,65,65,65,24,24,24,24,46,30],"gold":123,"neow_bonus":"","is_daily":false,"chose_seed":false,"campfire_upgraded":4,"win_rate":0.0,"timestamp":1608175405,"path_taken":["M","?","$","?","M","R","M","R","T","M","?","E","R","?","R","BOSS","M","?","M","?","$","M","?","?","T","$","?","M","R","M","R","BOSS","M","?","?","M","?","M","R","$","T","R","E","?","$","?","R","BOSS"],"items_purchased_type":["Relic","Relic","Relic","Relic","Relic","Card","Relic"],"build_version":"2020-12-13","purchased_purges":1,"victory":true,"max_hp_per_floor":[80,80,80,74,74,74,74,74,74,74,74,74,74,74,74,74,74,74,74,74,74,74,74,74,74,74,74,74,79,79,79,79,79,79,79,79,79,79,75,75,75,75,75,75,75,75,75,75,75,75],"card_choices":[{"not_picked":["Perfected Strike","Sentinel","Dark Embrace"],"picked":"SKIP","floor":1},{"not_picked":["Heavy Blade+1","Headbutt+1"],"picked":"Pommel Strike+1","floor":5},{"not_picked":["Evolve","Dual Wield"],"picked":"Cleave+1","floor":7},{"not_picked":["Warcry","Bloodletting"],"picked":"Spot Weakness","floor":10},{"not_picked":["Burning Pact","Cleave+1"],"picked":"Demon Form","floor":12},{"not_picked":["Immolate+1","Fiend Fire+1"],"picked":"Berserk","floor":16},{"not_picked":["Shrug It Off","Clothesline+1"],"picked":"Inflame","floor":18},{"not_picked":["Metallicize","Rupture","True Grit+1"],"picked":"SKIP","floor":20},{"not_picked":["Rampage+1","Sever Soul+1"],"picked":"Sword Boomerang+1","floor":23},{"not_picked":["Headbutt+1","Flame Barrier"],"picked":"Iron Wave+1","floor":24},{"not_picked":["Wild Strike+1","Exhume"],"picked":"Heavy Blade+1","floor":25},{"not_picked":["Thunderclap+1","Flame Barrier","True Grit"],"picked":"SKIP","floor":29},{"not_picked":["Clothesline+1","Hemokinesis+1","Burning Pact"],"picked":"SKIP","floor":31},{"not_picked":["Dual Wield","Perfected Strike+1","Flame Barrier+1"],"picked":"SKIP","floor":35},{"not_picked":["Perfected Strike+1","Uppercut+1"],"picked":"Seeing Red+1","floor":37},{"not_picked":["Thunderclap+1","Second Wind"],"picked":"Iron Wave+1","floor":38},{"not_picked":["Dual Wield","Twin Strike+1","Clothesline+1"],"picked":"SKIP","floor":40},{"not_picked":["Pummel+1","Dropkick+1"],"picked":"Reaper+1","floor":45}],"player_experience":1167934,"relics_obtained":[{"floor":9,"key":"Blue Candle"},{"floor":12,"key":"Smiling Mask"},{"floor":19,"key":"White Beast Statue"},{"floor":26,"key":"Ornamental Fan"},{"floor":43,"key":"Happy Flower"},{"floor":45,"key":"Frozen Egg 2"},{"floor":48,"key":"Centennial Puzzle"}],"event_choices":[{"damage_healed":0,"gold_gain":0,"player_choice":"Success","damage_taken":7,"relics_obtained":["Molten Egg 2"],"max_hp_gain":0,"max_hp_loss":0,"event_name":"Scrap Ooze","floor":2,"gold_loss":0},{"damage_healed":0,"gold_gain":0,"player_choice":"Lose Max HP","damage_taken":0,"relics_obtained":["Golden Idol"],"max_hp_gain":0,"max_hp_loss":6,"event_name":"Golden Idol","floor":4,"gold_loss":0},{"damage_healed":0,"gold_gain":0,"player_choice":"Entered Light","damage_taken":15,"max_hp_gain":0,"max_hp_loss":0,"event_name":"Shining Light","floor":11,"gold_loss":0,"cards_upgraded":["Strike_R","Defend_R"]},{"damage_healed":0,"gold_gain":0,"player_choice":"Ignored","damage_taken":0,"max_hp_gain":0,"max_hp_loss":0,"event_name":"NoteForYourself","floor":14,"gold_loss":0},{"damage_healed":0,"gold_gain":0,"player_choice":"Gave Potion","damage_taken":0,"relics_obtained":["Lantern"],"max_hp_gain":0,"max_hp_loss":0,"event_name":"WeMeetAgain","floor":21,"gold_loss":0},{"damage_healed":0,"gold_gain":0,"player_choice":"Copied","damage_taken":0,"max_hp_gain":0,"max_hp_loss":0,"event_name":"Duplicator","floor":28,"gold_loss":0,"cards_obtained":["Inflame"]},{"damage_healed":0,"gold_gain":0,"player_choice":"Max HP","damage_taken":0,"max_hp_gain":0,"max_hp_loss":4,"event_name":"Winding Halls","floor":39,"gold_loss":0},{"cards_removed":["Defend_R"],"damage_healed":0,"gold_gain":0,"player_choice":"Removed Skill","damage_taken":0,"max_hp_gain":0,"max_hp_loss":0,"event_name":"Falling","floor":46,"gold_loss":0}],"is_beta":false,"boss_relics":[{"not_picked":["SacredBark","Busted Crown","Coffee Dripper"]},{"not_picked":["Runic Dome","Mark of Pain"],"picked":"Velvet Choker"}],"items_purged_floors":[36],"is_endless":false,"potions_floor_spawned":[1,7,10,16,18,20,23,24,25,29,31,33,35,37,38,40,45],"ascension_level":0}}