{"host":"jwbw4f4imxd0v0b0","time":1608179423,"event":{"mods":["BaseMod","Colored Map","Highlight Path","Minty Spire (QoL Compilation)","Relic Stats","StSLib"],"gold_per_floor":[114,114,189,23,23,61,61,80,80,80,80,80,12,50,50,175,175,194,44,44,44],"floor_reached":20,"playtime":465,"items_purged":[],"score":201,"play_id":"ca95f1d5-e171-4a1e-97f6-332aeebf614e","local_time":"20201216223023","daily_mods":["Specialized","Flight","Lethality"],"is_ascension_mode":false,"campfire_choices":[{"data":"Apotheosis","floor":7.0,"key":"SMITH"},{"data":"Genetic Algorithm","floor":11.0,"key":"SMITH"},{"floor":12.0,"key":"REST"},{"data":"Reprogram","floor":15.0,"key":"SMITH"}],"circlet_count":0,"master_deck":["Strike_B","Defend_B","Defend_B","Defend_B","Defend_B","Zap","Dualcast","White Noise","White Noise","White Noise","White Noise","White Noise","Ball Lightning+1","Apotheosis+1","Genetic Algorithm+1","Reprogram+1","Undo","Core Surge","Auto Shields+1","Conserve Battery+1","Beam Cell+1","Recycle+1"],"relics":["Cracked Core","Golden Idol","Strawberry","Pear","Sundial","Pantograph","Astrolabe","Vajra"],"acts_visited":["Exordium","TheCity"],"potions_floor_usage":[18],"damage_taken":[{"damage":9.0,"enemies":"Cultist","floor":1.0,"turns":3.0},{"damage":16.0,"enemies":"3 Sentries","floor":6.0,"turns":3.0},{"damage":0.0,"enemies":"2 Louse","floor":8.0,"turns":2.0},{"damage":21.0,"enemies":"Gremlin Nob","floor":14.0,"turns":3.0},{"damage":26.0,"enemies":"Hexaghost","floor":16.0,"turns":8.0},{"damage":79,"enemies":"3 Byrds","floor":18,"turns":3}],"seed_played":"-4230686447748436371","potions_obtained":[{"floor":8.0,"key":"FearPotion"},{"floor":16.0,"key":"PotionOfCapacity"}],"is_trial":false,"path_per_floor":["M","?","?","$","?","E","R","M","T","?","R","R","$","E","R","B",null,"M","$","?"],"character_chosen":"DEFECT","items_purchased":["Apotheosis","Reprogram","Vajra"],"campfire_rested":1,"item_purchase_floors":[4,13,19],"current_hp_per_floor":[66,66,55,55,55,46,46,46,56,23,23,48,48,27,27,26,86,7,7,0,0],"gold":44,"neow_bonus":"","is_daily":true,"chose_seed":false,"campfire_upgraded":3,"win_rate":0.0,"timestamp":1608179423,"path_taken":["M","?","?","?","?","E","R","M","T","?","R","R","?","E","R","BOSS","M","?","?"],"items_purchased_type":["Card","Card","Relic"],"build_version":"2020-12-13","purchased_purges":0,"victory":false,"max_hp_per_floor":[75,75,75,75,69,76,76,76,86,86,86,86,86,86,86,86,86,86,86,86,86],"relic_stats":{"counters":[6,22],"Golden Idol":49,"Sundial":[0],"Pantograph":25,"Astrolabe":["Auto Shields","Conserve Battery","Beam Cell"],"obtain_stats":[{"Pear":9,"Golden Idol":5,"Sundial":10,"Strawberry":6,"Pantograph":14,"Astrolabe":17,"Vajra":19,"Cracked Core":0},{"Pear":3,"Golden Idol":1,"Sundial":3,"Strawberry":2,"Pantograph":4,"Astrolabe":5,"Vajra":6,"Cracked Core":0},{"Pear":8,"Golden Idol":3,"Sundial":8,"Strawberry":6,"Pantograph":11,"Astrolabe":19,"Vajra":22,"Cracked Core":0}]},"card_choices":[{"not_picked":["Redo","Self Repair"],"picked":"Ball Lightning","floor":1.0},{"not_picked":["Streamline","Redo","Compile Driver"],"picked":"SKIP","floor":6.0},{"not_picked":["Auto Shields","Reinforced Body"],"picked":"Genetic Algorithm","floor":8.0},{"not_picked":["Streamline","Stack"],"picked":"Undo","floor":14.0},{"not_picked":["Meteor Strike","Fission"],"picked":"Core Surge","floor":16.0},{"not_picked":["Compile Driver","Stack"],"picked":"Recycle+1","floor":18}],"player_experience":933311,"relics_obtained":[{"floor":6.0,"key":"Strawberry"},{"floor":9.0,"key":"Pear"},{"floor":14.0,"key":"Pantograph"}],"event_choices":[{"damage_healed":0.0,"max_hp_gain":0.0,"max_hp_loss":0.0,"gold_gain":0.0,"event_name":"Living Wall","player_choice":"Grow","floor":2.0,"gold_loss":0.0,"damage_taken":0.0,"cards_upgraded":["Ball Lightning"]},{"damage_healed":0.0,"max_hp_gain":0.0,"max_hp_loss":0.0,"gold_gain":75.0,"event_name":"World of Goop","player_choice":"Gather Gold","floor":3.0,"gold_loss":0.0,"damage_taken":11.0},{"damage_healed":0.0,"max_hp_gain":0.0,"max_hp_loss":6.0,"gold_gain":0.0,"event_name":"Golden Idol","player_choice":"Lose Max HP","floor":5.0,"gold_loss":0.0,"damage_taken":0.0,"relics_obtained":["Golden Idol"]},{"damage_healed":0.0,"max_hp_gain":0.0,"max_hp_loss":0.0,"gold_gain":0.0,"event_name":"Scrap Ooze","player_choice":"Success","floor":10.0,"gold_loss":0.0,"damage_taken":33.0,"relics_obtained":["Sundial"]}],"is_beta":false,"boss_relics":[{"not_picked":["Runic Pyramid","Busted Crown"],"picked":"Astrolabe"}],"items_purged_floors":[],"is_endless":false,"potions_floor_spawned":[8,16],"ascension_level":0}}