{"host":"4vhnentjshwu7xz9","time":1608226293,"event":{"mods":["BaseMod","Minty Spire (QoL Compilation)","Permanent Neow","Relic Stats","StSLib","everything is the same but u backflip on backflip"],"gold_per_floor":[109,120,120,145,145,145,145],"floor_reached":6,"playtime":286,"items_purged":[],"score":40,"play_id":"1060d570-99cd-4446-8240-4593f12fe30e","local_time":"20201217183133","is_ascension_mode":true,"campfire_choices":[],"circlet_count":0,"master_deck":["Strike_B","Strike_B","Strike_B","Strike_B","Defend_B","Defend_B","Defend_B","Defend_B","Zap","Dualcast","Regret","Mayhem","Turbo","Gash","Genetic Algorithm"],"relics":["Cracked Core","Golden Idol"],"acts_visited":["Exordium"],"potions_floor_usage":[6],"damage_taken":[{"damage":0,"enemies":"2 Louse","floor":1,"turns":1},{"damage":0,"enemies":"Small Slimes","floor":2,"turns":2},{"damage":7,"enemies":"Cultist","floor":4,"turns":3},{"damage":57,"enemies":"Gremlin Nob","floor":6,"turns":4}],"seed_played":"-6384575924293446671","potions_obtained":[{"floor":4,"key":"SkillPotion"}],"is_trial":false,"path_per_floor":["M","M","?","M","?","E"],"character_chosen":"DEFECT","items_purchased":[],"campfire_rested":0,"item_purchase_floors":[],"current_hp_per_floor":[75,75,57,50,55,0,0],"gold":145,"neow_bonus":"RANDOM_COLORLESS_2","is_daily":false,"chose_seed":false,"campfire_upgraded":0,"win_rate":0.0,"timestamp":1608226293,"path_taken":["M","M","?","M","?","E"],"items_purchased_type":[],"build_version":"2020-12-13","purchased_purges":0,"victory":false,"max_hp_per_floor":[75,75,75,75,80,80,80],"relic_stats":{"counters":[4,10],"Golden Idol":5,"obtain_stats":[{"Golden Idol":3,"Cracked Core":0},{"Golden Idol":2,"Cracked Core":0},{"Golden Idol":3,"Cracked Core":0}]},"card_choices":[{"not_picked":["Violence","Thinking Ahead"],"picked":"Mayhem","floor":0},{"not_picked":["Conserve Battery","Coolheaded"],"picked":"Turbo","floor":1},{"not_picked":["Conserve Battery","Blizzard"],"picked":"Gash","floor":2},{"not_picked":["Lockon","Beam Cell"],"picked":"Genetic Algorithm","floor":4}],"player_experience":135344,"relics_obtained":[],"event_choices":[{"damage_healed":0,"gold_gain":0,"player_choice":"Take Damage","damage_taken":18,"relics_obtained":["Golden Idol"],"max_hp_gain":0,"max_hp_loss":0,"event_name":"Golden Idol","floor":3,"gold_loss":0},{"damage_healed":0,"gold_gain":0,"player_choice":"Donut","damage_taken":0,"max_hp_gain":5,"max_hp_loss":0,"event_name":"Big Fish","floor":5,"gold_loss":0}],"is_beta":false,"boss_relics":[],"items_purged_floors":[],"is_endless":false,"potions_floor_spawned":[4],"killed_by":"Gremlin Nob","ascension_level":2}}