{"host":"8e68pzgs4bln6t6e","time":1608216422,"event":{"mods":["AchievementEnabler","Act Like it!","BaseMod","Better Note","BetterRewards","Colored Powertips","Googly Eyes","Hallownest","Hubris","Infinite Spire","Jorbs\u0027s Wanderer Trilogy","Marisa????????","Minty Spire (QoL Compilation)","Quick Restart","Rare Cards Sparkle","Replay The Spire","Shop Mod","StSLib","The Animator","The Bug Knight","The Cursed","The Disciple","The Hierophant","The Servant 0.9.4"],"gold_per_floor":[209,220,220,97,110,110,136,28,28,28,45,61,88,88,88,190,190,201,201,213,213,213,213,238,238,238,256,269,269,419,173,173,293,293,314,331,331,409,442,442,442,442,442,442,479,479,512,530,530,558,558],"floor_reached":50,"playtime":5430,"items_purged":[],"score":680,"play_id":"e9800c22-a6d3-411a-9e21-6a678fe832a3","local_time":"20201217154702","is_ascension_mode":true,"campfire_choices":[{"data":"TheCursedMod:CursedWand","floor":6.0,"key":"SMITH"},{"data":"TheCursedMod:Obscuration","floor":10.0,"key":"SMITH"},{"data":"TheCursedMod:DarkBarrier","floor":15.0,"key":"SMITH"},{"floor":23.0,"key":"REST"},{"data":"ReplayTheSpireMod:Black Plague","floor":25.0,"key":"SMITH"},{"data":"TheCursedMod:Hemoplague","floor":40,"key":"SMITH"},{"floor":44,"key":"REST"},{"data":"TheCursedMod:AntiAging","floor":46,"key":"SMITH"},{"floor":49,"key":"DIG"}],"circlet_count":0,"master_deck":["TheCursedMod:Strike_TheCursed","TheCursedMod:Strike_TheCursed","TheCursedMod:Strike_TheCursed","TheCursedMod:Strike_TheCursed","TheCursedMod:Defend_TheCursed","TheCursedMod:Defend_TheCursed","TheCursedMod:Defend_TheCursed","TheCursedMod:Defend_TheCursed","TheCursedMod:CursedWand","TheCursedMod:CleanUpWorkshop","TheCursedMod:Dregs","TheCursedMod:CursedAmulet","TheCursedMod:Obscuration+1","TheCursedMod:CursedWand+1","TheCursedMod:SpitefulStrike","TheCursedMod:SpitefulPlan","TheCursedMod:CursedBoomerang","TheCursedMod:Hemoplague+1","TheCursedMod:StunningStrike+1","TheCursedMod:CursedShiv","TheCursedMod:DarkBarrier+1","TheCursedMod:AshesToAshes","TheCursedMod:DemonSword","TheCursedMod:SpitefulStrike","Pain","TheCursedMod:AbyssShockwave","Hallownest:curseDreamersLament","ReplayTheSpireMod:Black Plague+1","infinitespire:Collect+1","TheCursedMod:WearCloak","TheCursedMod:RapidMovement","TheCursedMod:SoulCrush+1","TheCursedMod:DemonicPact","TheCursedMod:WearCloak+1","Wraith","infinitespire:Starlight","TheCursedMod:AntiAging+1","TheCursedMod:SpitefulStrike","TheCursedMod:SpitefulStrike"],"relics":["TheCursedMod:BlackMagic101","Regal Pillow","infinitespire:Bottled Soul","Bag of Preparation","Painkiller Herb","Mercury Hourglass","Hallownest:WatcherSealRelic","infinitespire:CheckeredPen","Tiny Chest","infinitespire:Midas Blood","Sozu","Matryoshka","Letter Opener","hubris:Icosahedron","Centennial Puzzle","Bronze Scales","Replay:Wax Seal","Nunchaku","hubris:AstralHammer"],"acts_visited":["Exordium","Exordium","TheBeyond"],"potions_floor_usage":[35,35,50],"damage_taken":[{"damage":4.0,"enemies":"Jaw Worm","floor":1.0,"turns":5.0},{"damage":0.0,"enemies":"Cultist","floor":2.0,"turns":4.0},{"damage":0.0,"enemies":"Small Slimes","floor":5.0,"turns":5.0},{"damage":15.0,"enemies":"Replay:BlueRogue","floor":7.0,"turns":12.0},{"damage":0.0,"enemies":"Exordium Wildlife","floor":11.0,"turns":4.0},{"damage":0.0,"enemies":"Blue Slaver","floor":12.0,"turns":3.0},{"damage":0.0,"enemies":"Lagavulin","floor":13.0,"turns":7.0},{"damage":15.0,"enemies":"Hexaghost","floor":16.0,"turns":12.0},{"damage":10.0,"enemies":"Hallownest:Flukemon_and_Top","floor":18.0,"turns":6.0},{"damage":16.0,"enemies":"Hallownest:3_Youths","floor":20.0,"turns":7.0},{"damage":5.0,"enemies":"Nightmare","floor":24.0,"turns":5.0},{"damage":31.0,"enemies":"Hallownest:2_Flukemon","floor":27.0,"turns":5.0},{"damage":2.0,"enemies":"Hallownest:monsterMisterMushroom","floor":28.0,"turns":3.0},{"damage":20.0,"enemies":"Hallownest:BossGrimm","floor":33.0,"turns":7.0},{"damage":13,"enemies":"3 Darklings","floor":35,"turns":4},{"damage":8,"enemies":"3 Shapes","floor":36,"turns":3},{"damage":21,"enemies":"Transient","floor":39,"turns":5},{"damage":1,"enemies":"Giant Head","floor":45,"turns":6},{"damage":3,"enemies":"Reptomancer","floor":47,"turns":5},{"damage":3,"enemies":"Jaw Worm Horde","floor":48,"turns":3},{"damage":89,"enemies":"Time Eater","floor":50,"turns":6}],"seed_played":"-1722261651063453059","potions_obtained":[{"floor":1.0,"key":"Milkshake"},{"floor":7.0,"key":"Regen Potion"},{"floor":12.0,"key":"Weak Potion"},{"floor":16.0,"key":"SteroidPotion"},{"floor":20.0,"key":"PowerPotion"},{"floor":28.0,"key":"Energy Potion"},{"floor":32.0,"key":"Explosive Potion"},{"floor":32.0,"key":"EssenceOfSteel"},{"floor":33.0,"key":"Energy Potion"}],"is_trial":false,"path_per_floor":["M","M","?","$","M","R","E","$","T","R","M","M","E","$","R","B",null,"?","?","?","?","AVR","T","NM","T","T","?","?","?","?","T","T","B",null,"?","?","?","T","?","T","AVR","?","T","T","E","T","E","?","T","B"],"character_chosen":"THE_CURSED","items_purchased":["TheCursedMod:SpitefulStrike","TheCursedMod:SpitefulPlan","TheCursedMod:StunningStrike+1","infinitespire:Midas Blood"],"campfire_rested":2,"item_purchase_floors":[4,4,8,31],"current_hp_per_floor":[71,71,71,71,71,71,56,56,56,56,56,56,56,56,56,56,75,65,65,49,49,49,75,70,70,70,39,37,37,37,37,37,17,75,62,54,54,54,33,33,33,33,33,70,69,69,69,79,79,0,0],"gold":558,"neow_bonus":"HUNDRED_GOLD","is_daily":false,"chose_seed":false,"campfire_upgraded":6,"win_rate":0.0,"timestamp":1608216422,"path_taken":["M","M","?","?","M","R","E","?","T","R","M","M","E","$","R","BOSS","?","?","?","?","AVR","T","NM","T","T","?","?","?","?","T","T","BOSS","?","?","?","?","?","T","AVR","?","T","T","E","T","E","?","T","BOSS"],"items_purchased_type":["Card","Card","Card","Relic"],"build_version":"2020-12-13","purchased_purges":0,"victory":false,"max_hp_per_floor":[75,75,75,75,75,75,75,75,75,75,75,75,75,75,75,75,75,75,75,75,75,75,75,75,75,75,75,75,75,75,75,75,75,75,75,75,75,75,75,75,75,75,75,75,75,75,78,81,81,84,84],"card_choices":[{"not_picked":["TheCursedMod:SmokeScreen","TheCursedMod:CursedShiv"],"picked":"TheCursedMod:CursedAmulet","floor":1.0},{"not_picked":["TheCursedMod:CursedBoomerang","TheCursedMod:VitalStrike"],"picked":"TheCursedMod:Obscuration","floor":2.0},{"not_picked":["TheCursedMod:CursedMace","TheCursedMod:RavingStaff"],"picked":"TheCursedMod:CursedBoomerang","floor":5.0},{"not_picked":["TheCursedMod:CursedAmulet","TheCursedMod:CursedArmor"],"picked":"TheCursedMod:Hemoplague","floor":7.0},{"not_picked":["TheCursedMod:Torture","TheCursedMod:CircleOfAmplification"],"picked":"TheCursedMod:CursedShiv","floor":11.0},{"not_picked":["TheCursedMod:ReleasedKnowledge","TheCursedMod:FuryStrike"],"picked":"TheCursedMod:DarkBarrier","floor":12.0},{"not_picked":["TheCursedMod:TroublousMinions","TheCursedMod:TacticalStrike"],"picked":"TheCursedMod:AshesToAshes","floor":13.0},{"not_picked":["TheCursedMod:StunningStrike","TheCursedMod:ManaCirculation"],"picked":"TheCursedMod:DemonSword","floor":16.0},{"not_picked":["TheCursedMod:TacticalStrike","TheCursedMod:RavingStaff"],"picked":"TheCursedMod:SpitefulStrike","floor":18.0},{"not_picked":["TheCursedMod:SurpriseAttack","TheCursedMod:Obscuration"],"picked":"TheCursedMod:AbyssShockwave","floor":20.0},{"not_picked":["TheCursedMod:CircleOfCorruption","TheCursedMod:RavingStaff"],"picked":"TheCursedMod:WearCloak","floor":24.0},{"not_picked":["TheCursedMod:PrepareRite","TheCursedMod:CursedAmulet"],"picked":"TheCursedMod:RapidMovement","floor":27.0},{"not_picked":["TheCursedMod:PrepareRite","TheCursedMod:SpitefulStrike"],"picked":"TheCursedMod:SoulCrush+1","floor":28.0},{"not_picked":["TheCursedMod:OutForBlood","TheCursedMod:DarkBarrier"],"picked":"TheCursedMod:DemonicPact","floor":33.0},{"not_picked":["TheCursedMod:LuckyCharm","TheCursedMod:SmokeScreen"],"picked":"TheCursedMod:WearCloak+1","floor":35},{"not_picked":["TheCursedMod:Stretching","TheCursedMod:Stigma","TheCursedMod:CursedSpellbook"],"picked":"SKIP","floor":36},{"not_picked":["TheCursedMod:FleshFromBone","TheCursedMod:CursedShiv","TheCursedMod:VitalStrike"],"picked":"SKIP","floor":39},{"not_picked":["TheCursedMod:Obscuration+1","TheCursedMod:SurpriseAttack+1"],"picked":"TheCursedMod:AntiAging","floor":45},{"not_picked":["TheCursedMod:RapidMovement+1","TheCursedMod:Stigma"],"picked":"TheCursedMod:SpitefulStrike","floor":47},{"not_picked":["TheCursedMod:SmokeScreen+1","TheCursedMod:TacticalStrike"],"picked":"TheCursedMod:SpitefulStrike","floor":48}],"player_experience":174710,"relics_obtained":[{"floor":7.0,"key":"Regal Pillow"},{"floor":9.0,"key":"infinitespire:Bottled Soul"},{"floor":13.0,"key":"Bag of Preparation"},{"floor":24.0,"key":"Tiny Chest"},{"floor":38,"key":"Matryoshka"},{"floor":43,"key":"Centennial Puzzle"},{"floor":43,"key":"Bronze Scales"},{"floor":45,"key":"Replay:Wax Seal"},{"floor":47,"key":"Nunchaku"},{"floor":49,"key":"hubris:AstralHammer"}],"event_choices":[{"damage_healed":0.0,"max_hp_gain":0.0,"max_hp_loss":0.0,"gold_gain":0.0,"event_name":"Match and Keep!","player_choice":"1 cards matched","floor":3.0,"gold_loss":0.0,"damage_taken":0.0,"cards_obtained":["TheCursedMod:CursedWand"]},{"damage_healed":0,"gold_gain":0,"player_choice":"Ignored","damage_taken":0,"max_hp_gain":0,"max_hp_loss":0,"event_name":"OrinTheCat","floor":37,"gold_loss":0}],"is_beta":false,"boss_relics":[{"not_picked":["Empty Cage","Busted Crown"],"picked":"Painkiller Herb"},{"not_picked":["Kintsugi","Replay:Wanted Poster"],"picked":"Sozu"}],"items_purged_floors":[],"is_endless":true,"potions_floor_spawned":[1,7,12,16,20,28,33,35,45],"killed_by":"Time Eater","ascension_level":1}}