{"host":"zi8o4akxlgxypwgb","time":1608219901,"event":{"mods":["BaseMod","Minty Spire (QoL Compilation)","Replay The Spire","StSLib","SuperFastMode"],"gold_per_floor":[116,127,142,156,331,331,331,352,379,390,409,441,441,391,391,492,492,505,505,64,74,74,74,109,119,143,143,143],"floor_reached":27,"playtime":1843,"items_purged":["Delirium"],"score":268,"play_id":"6f3b2263-e3ea-4adb-a380-72f735a3008d","local_time":"20201217234501","is_ascension_mode":true,"campfire_choices":[{"data":"Armaments","floor":6.0,"key":"SMITH"},{"data":"Carnage","floor":15.0,"key":"SMITH"},{"data":"Double Tap","floor":23.0,"key":"SMITH"}],"circlet_count":0,"master_deck":["Strike_R","Strike_R","Strike_R","Strike_R","Strike_R","Defend_R","Defend_R","Defend_R","Defend_R","Bash","Wild Strike+1","Carnage+1","Twin Strike","Armaments+1","Cleave","Run Through","ReplayTheSpireMod:Strike From Hell","Iron Wave+1","Double Tap+1","Heavy Blade","Spot Weakness+1","Headbutt","Fire Breathing","Chrysalis","Perfected Strike+1","Pain","Heavy Blade","ReplayTheSpireMod:Corrosion Curse+1"],"relics":["Burning Blood","NeowsBlessing","King of Hearts","Odd Mushroom","Lantern","Replay:Bottled Steam","Bronze Scales","Black Star","Centennial Puzzle","BargainBundle","Happy Flower","WarpedTongs","Whetstone","Juzu Bracelet","Blue Doll"],"acts_visited":["Exordium","TheCity"],"potions_floor_usage":[24,24],"damage_taken":[{"damage":0.0,"enemies":"Cultist","floor":1.0,"turns":1.0},{"damage":0.0,"enemies":"Jaw Worm","floor":2.0,"turns":1.0},{"damage":0.0,"enemies":"2 Louse","floor":3.0,"turns":1.0},{"damage":7.0,"enemies":"Exordium Wildlife","floor":4.0,"turns":3.0},{"damage":28.0,"enemies":"The Mushroom Lair","floor":8.0,"turns":4.0},{"damage":3.0,"enemies":"3 Louse","floor":10.0,"turns":2.0},{"damage":0.0,"enemies":"Large Slime","floor":11.0,"turns":3.0},{"damage":16.0,"enemies":"Gremlin Nob","floor":12.0,"turns":3.0},{"damage":43.0,"enemies":"Hexaghost","floor":16.0,"turns":8.0},{"damage":3.0,"enemies":"3 Byrds","floor":18.0,"turns":3.0},{"damage":23.0,"enemies":"Shell Parasite","floor":21.0,"turns":4.0},{"damage":28,"enemies":"Book of Stabbing","floor":24,"turns":3},{"damage":30,"enemies":"Centurion and Healer","floor":25,"turns":3},{"damage":29,"enemies":"Slavers","floor":27,"turns":1}],"seed_played":"4887456648268616915","potions_obtained":[{"floor":1.0,"key":"SmokeBomb"},{"floor":4.0,"key":"Weak Potion"},{"floor":10.0,"key":"Adrenaline Potion"},{"floor":11.0,"key":"Adrenaline Potion"},{"floor":18.0,"key":"Toxic Potion"},{"floor":24,"key":"BlessingOfTheForge"},{"floor":25,"key":"ElixirPotion"}],"is_trial":false,"path_per_floor":["M","M","M","M","?","R","T","?","T","M","M","E","?","?","R","B",null,"M","?","$","M","?","R","E","M","T","E"],"character_chosen":"IRONCLAD","items_purchased":["BargainBundle","Spot Weakness+1","Headbutt","Fire Breathing","Chrysalis","Fruit Juice","SteroidPotion","Happy Flower"],"campfire_rested":0,"item_purchase_floors":[20,20,20,20,20,20,20,20],"current_hp_per_floor":[80,80,80,79,79,79,79,57,57,60,66,56,44,44,44,7,80,80,80,85,68,68,68,46,22,22,0,0],"gold":143,"neow_bonus":"THREE_ENEMY_KILL","is_daily":false,"chose_seed":false,"campfire_upgraded":3,"win_rate":0.0,"timestamp":1608219901,"path_taken":["M","?","M","M","?","R","?","?","T","?","M","E","?","?","R","BOSS","M","?","$","M","?","R","E","M","T","E"],"items_purchased_type":["Relic","Card","Card","Card","Card","Potion","Potion","Relic"],"build_version":"2020-12-13","purchased_purges":1,"victory":false,"max_hp_per_floor":[80,80,80,80,80,80,80,80,80,80,80,80,80,80,80,80,80,80,80,85,85,85,85,85,85,85,85,85],"card_choices":[{"not_picked":["Second Wind","Thunderclap"],"picked":"Wild Strike","floor":1.0},{"not_picked":["Seeing Red","ReplayTheSpireMod:Strike From Hell"],"picked":"Carnage","floor":2.0},{"not_picked":["Flame Barrier","Shrug It Off"],"picked":"Twin Strike","floor":3.0},{"not_picked":["Impervious","Pommel Strike"],"picked":"Armaments","floor":4.0},{"not_picked":["Twin Strike","Sever Soul"],"picked":"Cleave","floor":8.0},{"not_picked":["Anger","Life Link"],"picked":"Run Through","floor":10.0},{"not_picked":["Iron Wave","Thunderclap"],"picked":"ReplayTheSpireMod:Strike From Hell","floor":11.0},{"not_picked":["Feel No Pain","Dark Embrace"],"picked":"Iron Wave","floor":12.0},{"not_picked":["Demonic Infusion","Immolate"],"picked":"Double Tap","floor":16.0},{"not_picked":["ReplayTheSpireMod:Stacked","Clothesline"],"picked":"Heavy Blade","floor":18.0},{"not_picked":["Armaments","Thunderclap"],"picked":"Perfected Strike+1","floor":21.0},{"not_picked":["Metallicize+1","Life Link"],"picked":"Heavy Blade","floor":24},{"not_picked":["Fire Breathing","Havoc+1"],"picked":"ReplayTheSpireMod:Corrosion Curse+1","floor":25}],"player_experience":342007,"relics_obtained":[{"floor":7.0,"key":"King of Hearts"},{"floor":8.0,"key":"Odd Mushroom"},{"floor":9.0,"key":"Lantern"},{"floor":12.0,"key":"Replay:Bottled Steam"},{"floor":24,"key":"Whetstone"},{"floor":24,"key":"Juzu Bracelet"},{"floor":26,"key":"Blue Doll"}],"event_choices":[{"damage_healed":0.0,"max_hp_gain":0.0,"max_hp_loss":0.0,"gold_gain":175.0,"event_name":"Liars Game","player_choice":"AGREE","floor":5.0,"gold_loss":0.0,"damage_taken":0.0,"cards_obtained":["Doubt"]},{"damage_healed":0.0,"max_hp_gain":0.0,"max_hp_loss":0.0,"gold_gain":0.0,"event_name":"Mushrooms","player_choice":"Fought Mushrooms","floor":8.0,"gold_loss":0.0,"damage_taken":0.0},{"damage_healed":0.0,"max_hp_gain":0.0,"max_hp_loss":0.0,"gold_gain":0.0,"event_name":"Scrap Ooze","player_choice":"Success","floor":13.0,"gold_loss":0.0,"damage_taken":12.0,"relics_obtained":["Bronze Scales"]},{"cards_removed":["Doubt"],"damage_healed":0.0,"max_hp_gain":0.0,"max_hp_loss":0.0,"gold_gain":0.0,"event_name":"The Cleric","player_choice":"Card Removal","floor":14.0,"gold_loss":50.0,"damage_taken":0.0},{"damage_healed":0.0,"max_hp_gain":0.0,"max_hp_loss":0.0,"gold_gain":0.0,"event_name":"Accursed Blacksmith","player_choice":"Rummage","floor":22.0,"gold_loss":0.0,"damage_taken":0.0,"relics_obtained":["WarpedTongs"],"cards_obtained":["Pain"]}],"is_beta":false,"boss_relics":[{"not_picked":["Runic Pyramid","Abe\u0027s Treasure"],"picked":"Black Star"}],"items_purged_floors":[20],"is_endless":false,"potions_floor_spawned":[1,4,10,11,18,24,25],"killed_by":"Slavers","ascension_level":3}}