{"host":"p245q48pmopyklqs","time":1608182617,"event":{"mods":["AchievementEnabler","BaseMod","DeckTracker","Minty Spire (QoL Compilation)","Relic Stats","StSLib","SuperFastMode"],"gold_per_floor":[109,119,131,131,151,151,76,102,102,165,185,199,217,233,233,311,311,331,342,164,180,180,180,200,200,200,231,231,146,146,164,164,164,164],"floor_reached":33,"playtime":1969,"items_purged":[],"score":542,"play_id":"49dc4017-98aa-4102-bf9a-068658176c11","local_time":"20201217142337","is_ascension_mode":true,"campfire_choices":[{"data":"Sunder","floor":6.0,"key":"SMITH"},{"data":"White Noise","floor":15.0,"key":"SMITH"},{"data":"Go for the Eyes","floor":23.0,"key":"SMITH"},{"floor":25.0,"key":"REST"},{"floor":28.0,"key":"REST"},{"data":"Hello World","floor":32.0,"key":"SMITH"}],"circlet_count":0,"master_deck":["AscendersBane","Defend_B","Defend_B","Defend_B","Defend_B","Zap","Dualcast","Master of Strategy","Ball Lightning","Sunder+1","Streamline","Go for the Eyes+1","Go for the Eyes","Coolheaded","Conserve Battery","White Noise+1","Biased Cognition","Steam Power+1","Aggregate+1","Reinforced Body+1","Glacier","Hologram","Finesse","Hello World+1","BootSequence","Turbo"],"relics":["Cracked Core","CultistMask","Kunai","Mercury Hourglass","Matryoshka","Astrolabe","Pen Nib","StrikeDummy","Mummified Hand"],"acts_visited":["Exordium","TheCity"],"potions_floor_usage":[33],"damage_taken":[{"damage":20.0,"enemies":"Small Slimes","floor":1.0,"turns":3.0},{"damage":6.0,"enemies":"Cultist","floor":2.0,"turns":3.0},{"damage":9.0,"enemies":"Jaw Worm","floor":3.0,"turns":3.0},{"damage":0.0,"enemies":"Large Slime","floor":5.0,"turns":3.0},{"damage":19.0,"enemies":"3 Sentries","floor":8.0,"turns":6.0},{"damage":10.0,"enemies":"3 Sentries","floor":10.0,"turns":4.0},{"damage":3.0,"enemies":"Looter","floor":11.0,"turns":2.0},{"damage":2.0,"enemies":"Exordium Wildlife","floor":12.0,"turns":2.0},{"damage":1.0,"enemies":"Blue Slaver","floor":13.0,"turns":2.0},{"damage":3.0,"enemies":"Gremlin Gang","floor":14.0,"turns":3.0},{"damage":5.0,"enemies":"The Guardian","floor":16.0,"turns":12.0},{"damage":17.0,"enemies":"2 Thieves","floor":18.0,"turns":3.0},{"damage":5.0,"enemies":"Shell Parasite","floor":19.0,"turns":4.0},{"damage":0.0,"enemies":"3 Cultists","floor":21.0,"turns":4.0},{"damage":16.0,"enemies":"Snecko","floor":24.0,"turns":5.0},{"damage":14.0,"enemies":"Book of Stabbing","floor":27.0,"turns":6.0},{"damage":4.0,"enemies":"Snake Plant","floor":31.0,"turns":4.0},{"damage":27,"enemies":"Automaton","floor":33,"turns":6}],"seed_played":"-5770089135178438231","potions_obtained":[{"floor":1.0,"key":"Dexterity Potion"},{"floor":3.0,"key":"SpeedPotion"},{"floor":8.0,"key":"FairyPotion"},{"floor":12.0,"key":"Strength Potion"},{"floor":14.0,"key":"LiquidMemories"},{"floor":18.0,"key":"LiquidMemories"},{"floor":31.0,"key":"Fire Potion"}],"is_trial":false,"path_per_floor":["M","M","M","?","M","R","?","E","T","?","M","M","M","M","R","B",null,"M","M","$","M","?","R","M","R","T","E","R","?","?","M","R","B"],"character_chosen":"DEFECT","items_purchased":["Finesse","Hello World"],"campfire_rested":2,"item_purchase_floors":[20,20],"current_hp_per_floor":[44,38,29,29,29,29,29,10,10,19,16,14,13,10,10,5,49,32,27,27,27,27,27,11,30,30,16,35,35,18,14,14,0,0],"gold":164,"neow_bonus":"RANDOM_COLORLESS_2","is_daily":false,"chose_seed":false,"campfire_upgraded":4,"win_rate":0.0,"timestamp":1608182617,"path_taken":["M","M","M","?","?","R","?","E","T","?","M","M","M","M","R","BOSS","M","M","$","M","?","R","M","R","T","E","R","?","?","M","R","BOSS"],"items_purchased_type":["Card","Card"],"build_version":"2020-12-13","purchased_purges":0,"victory":false,"max_hp_per_floor":[64,64,64,64,64,64,64,64,64,64,64,64,64,64,64,64,64,64,64,64,64,64,64,64,64,64,64,64,64,69,69,69,69,69],"relic_stats":{"counters":[18,74],"Mummified Hand":[5],"Astrolabe":["Steam Power","Aggregate","Reinforced Body"],"Pen Nib":[2],"Kunai":[11],"obtain_stats":[{"Matryoshka":10,"Mummified Hand":29,"Astrolabe":17,"CultistMask":4,"Pen Nib":26,"Kunai":8,"Cracked Core":0,"StrikeDummy":27,"Mercury Hourglass":9},{"Matryoshka":5,"Mummified Hand":16,"Astrolabe":11,"CultistMask":3,"Pen Nib":15,"Kunai":5,"Cracked Core":0,"StrikeDummy":16,"Mercury Hourglass":5},{"Matryoshka":18,"Mummified Hand":64,"Astrolabe":42,"CultistMask":9,"Pen Nib":58,"Kunai":18,"Cracked Core":0,"StrikeDummy":64,"Mercury Hourglass":18}],"Mercury Hourglass":[217]},"card_choices":[{"not_picked":["Thinking Ahead","Violence"],"picked":"Master of Strategy","floor":0.0},{"not_picked":["Streamline","Hologram"],"picked":"Ball Lightning","floor":1.0},{"not_picked":["Streamline","Conserve Battery"],"picked":"Sunder","floor":2.0},{"not_picked":["Steam","Turbo"],"picked":"Streamline","floor":3.0},{"not_picked":["Conserve Battery","Turbo"],"picked":"Go for the Eyes","floor":5.0},{"not_picked":["Streamline","Gash"],"picked":"Go for the Eyes","floor":8.0},{"not_picked":["Aggregate","Multi-Cast"],"picked":"Coolheaded","floor":10.0},{"not_picked":["Redo","Scrape"],"picked":"Conserve Battery","floor":11.0},{"not_picked":["Rebound","Barrage"],"picked":"White Noise","floor":12.0},{"not_picked":["Heatsinks","Go for the Eyes","Force Field"],"picked":"SKIP","floor":13.0},{"not_picked":["White Noise","Doom and Gloom","Turbo"],"picked":"SKIP","floor":14.0},{"not_picked":["All For One","Fission"],"picked":"Biased Cognition","floor":16.0},{"not_picked":["Consume","Cold Snap"],"picked":"Glacier","floor":18.0},{"not_picked":["Streamline+1","Skim"],"picked":"Hologram","floor":19.0},{"not_picked":["Hologram+1","Tempest","Coolheaded"],"picked":"SKIP","floor":21.0},{"not_picked":["Hello World","Conserve Battery+1"],"picked":"BootSequence","floor":24.0},{"not_picked":["Hologram","Fission"],"picked":"Turbo","floor":27.0},{"not_picked":["Chaos","Leap","Go for the Eyes"],"picked":"SKIP","floor":31.0}],"player_experience":2291995,"relics_obtained":[{"floor":8.0,"key":"Kunai"},{"floor":9.0,"key":"Mercury Hourglass"},{"floor":26.0,"key":"Pen Nib"},{"floor":27.0,"key":"StrikeDummy"}],"event_choices":[{"damage_healed":0.0,"max_hp_gain":0.0,"max_hp_loss":0.0,"gold_gain":0.0,"event_name":"FaceTrader","player_choice":"Trade","floor":4.0,"gold_loss":0.0,"damage_taken":0.0,"relics_obtained":["CultistMask"]},{"cards_removed":["Strike_B"],"damage_healed":0.0,"max_hp_gain":0.0,"max_hp_loss":0.0,"gold_gain":0.0,"event_name":"The Cleric","player_choice":"Card Removal","floor":7.0,"gold_loss":75.0,"damage_taken":0.0},{"damage_healed":0.0,"max_hp_gain":0.0,"max_hp_loss":0.0,"gold_gain":0.0,"event_name":"Dead Adventurer","player_choice":"Searched \u00273\u0027 times","floor":10.0,"gold_loss":0.0,"damage_taken":0.0,"relics_obtained":["Matryoshka"]},{"damage_healed":0.0,"max_hp_gain":0.0,"max_hp_loss":0.0,"gold_gain":0.0,"event_name":"Beggar","player_choice":"Ignored","floor":22.0,"gold_loss":0.0,"damage_taken":0.0},{"damage_healed":0.0,"max_hp_gain":0.0,"max_hp_loss":0.0,"gold_gain":0.0,"event_name":"Addict","player_choice":"Obtained Relic","floor":29.0,"gold_loss":85.0,"damage_taken":0.0,"relics_obtained":["Mummified Hand"]},{"damage_healed":0.0,"max_hp_gain":5.0,"max_hp_loss":0.0,"gold_gain":0.0,"event_name":"Forgotten Altar","player_choice":"Shed Blood","floor":30.0,"gold_loss":0.0,"damage_taken":22.0}],"is_beta":false,"boss_relics":[{"not_picked":["SlaversCollar","Calling Bell"],"picked":"Astrolabe"}],"items_purged_floors":[],"is_endless":false,"potions_floor_spawned":[1,3,8,12,14,18,21,31],"killed_by":"Automaton","ascension_level":20}}