{"host":"1s2i2u841ofwoqaa","time":1608173841,"event":{"mods":["AchievementEnabler","Aspiration","BaseMod","Better Third Choice","Colored Powertips","Downfall","Hubris","Minty Spire (QoL Compilation)","StSLib","SuperFastMode","The Animator"],"gold_per_floor":[109,109,124,135,58,58,0,28,28,61,74,74,124,158,158,233,233,253,264,264,264,264],"floor_reached":21,"playtime":503,"items_purged":[],"score":364,"play_id":"c121ee84-6e8b-4c21-9a49-e086bc2d1bda","local_time":"20201217155721","is_ascension_mode":true,"campfire_choices":[{"data":"Spot Weakness","floor":6,"key":"SMITH"},{"floor":12,"key":"REST"},{"floor":15,"key":"REST"}],"circlet_count":0,"master_deck":["AscendersBane","Strike_R","Strike_R","Strike_R","Strike_R","Strike_R","Defend_R","Defend_R","Defend_R","Defend_R","Bash","Cleave","Cleave","Exhume","Spot Weakness+1","Enlightenment","Inflame","Sword Boomerang","Seeing Red","Shrug It Off","Offering","Armaments","Shame"],"relics":["Burning Blood","NeowsBlessing","hubris:Towel","Red Skull","aspiration:StickyExplosives_weak","hubris:64BitClover","Toy Ornithopter","Cursed Key"],"acts_visited":["Exordium","TheCity"],"potions_floor_usage":[14,16,16],"damage_taken":[{"damage":0,"enemies":"2 Louse","floor":1,"turns":1},{"damage":0,"enemies":"Small Slimes","floor":3,"turns":1},{"damage":0,"enemies":"Cultist","floor":4,"turns":1},{"damage":46,"enemies":"Gremlin Nob","floor":8,"turns":5},{"damage":20,"enemies":"3 Sentries","floor":10,"turns":5},{"damage":0,"enemies":"2 Fungi Beasts","floor":11,"turns":2},{"damage":32,"enemies":"Gremlin Nob","floor":14,"turns":4},{"damage":51,"enemies":"The Guardian","floor":16,"turns":10},{"damage":46,"enemies":"Shell Parasite","floor":18,"turns":5},{"damage":16,"enemies":"Spheric Guardian","floor":19,"turns":4},{"damage":9,"enemies":"Centurion and Healer","floor":21,"turns":4}],"seed_played":"-1155375218767849484","potions_obtained":[{"floor":4,"key":"sneckomod:MuddlingPotion"},{"floor":8,"key":"Strength Potion"},{"floor":10,"key":"AttackPotion"},{"floor":14,"key":"SkillPotion"},{"floor":18,"key":"LiquidBronze"}],"is_trial":false,"path_per_floor":["M","?","M","M","$","R","?","E","T","E","M","R","?","E","R","B",null,"M","M","?","M"],"character_chosen":"IRONCLAD","items_purchased":["Spot Weakness"],"campfire_rested":2,"item_purchase_floors":[5],"current_hp_per_floor":[74,74,75,75,75,75,81,41,41,27,33,57,49,23,47,12,64,24,14,14,5,5],"gold":264,"neow_bonus":"THREE_ENEMY_KILL","is_daily":false,"chose_seed":false,"campfire_upgraded":1,"win_rate":0.0,"timestamp":1608173841,"path_taken":["M","?","M","M","$","R","?","E","T","E","M","R","?","E","R","BOSS","M","M","?","M"],"items_purchased_type":["Card"],"build_version":"2020-12-13","purchased_purges":0,"victory":false,"max_hp_per_floor":[75,75,75,75,75,75,81,81,81,81,81,81,81,81,81,81,81,81,81,81,81,81],"card_choices":[{"not_picked":["Heavy Blade","Flame Barrier"],"picked":"Cleave","floor":1},{"not_picked":["Thunderclap","Pummel"],"picked":"Cleave","floor":3},{"not_picked":["Flex","Cleave"],"picked":"Exhume","floor":4},{"not_picked":["Dark Embrace","Evolve"],"picked":"Inflame","floor":8},{"not_picked":["Warcry","Spot Weakness"],"picked":"Sword Boomerang","floor":10},{"not_picked":["Flex","Headbutt"],"picked":"Seeing Red","floor":11},{"not_picked":["Dark Embrace","Clash"],"picked":"Shrug It Off","floor":14},{"not_picked":["Demon Form","Juggernaut"],"picked":"Offering","floor":16},{"not_picked":["Headbutt","hubris:CleavingFinish","Anger"],"picked":"SKIP","floor":18},{"not_picked":["True Grit","Infernal Blade"],"picked":"Armaments","floor":19}],"player_experience":449432,"relics_obtained":[{"floor":8,"key":"Red Skull"},{"floor":9,"key":"aspiration:StickyExplosives_weak"},{"floor":10,"key":"hubris:64BitClover"},{"floor":14,"key":"Toy Ornithopter"}],"event_choices":[{"damage_healed":0,"gold_gain":0,"player_choice":"RENOUNCE","damage_taken":58,"max_hp_gain":0,"max_hp_loss":0,"event_name":"betterThird:BetterSerpent","floor":7,"gold_loss":58,"cards_obtained":["Enlightenment"]},{"damage_healed":0,"gold_gain":50,"player_choice":"Touch","damage_taken":8,"max_hp_gain":0,"max_hp_loss":0,"event_name":"FaceTrader","floor":13,"gold_loss":0}],"is_beta":false,"boss_relics":[{"not_picked":["Pandora\u0027s Box","Sozu"],"picked":"Cursed Key"}],"items_purged_floors":[],"is_endless":false,"potions_floor_spawned":[4,8,10,14,18],"killed_by":"Centurion and Healer","ascension_level":17}}