{"host":"vumwfieg2b2mnrfl","time":1608234077,"event":{"mods":["AchievementEnabler","BaseMod","Minty Spire (QoL Compilation)","Rare Cards Sparkle","Relic Stats"],"gold_per_floor":[364,364,215,228,158,186,201,201,228,247,260,435,461,536,536,638,638,650,650,650,429,441,472,488,181,181,181,181,210,210,190,190,293,293,309,309,359,369,295,321,321,349,407,419,419],"floor_reached":44,"playtime":1722,"items_purged":["Doubt"],"score":688,"play_id":"266ded1d-fce5-43b1-bda1-ef628b9340d1","local_time":"20201217134117","is_ascension_mode":true,"campfire_choices":[{"floor":8.0,"key":"REST"},{"data":"Defragment","floor":15.0,"key":"SMITH"},{"floor":28,"key":"REST"},{"floor":32,"key":"REST"},{"data":"Seek","floor":41,"key":"SMITH"}],"circlet_count":0,"master_deck":["Strike_B","Strike_B","Strike_B","Strike_B","Defend_B","Defend_B","Defend_B","Defend_B","Zap","Dualcast","Rip and Tear","Ball Lightning","Multi-Cast","Genetic Algorithm","Defragment+1","Melter","Cold Snap","Glacier","Glacier","Conserve Battery","Ball Lightning","Chaos","Chill","Amplify","Conserve Battery+1","Self Repair","Blizzard+1","Self Repair","Undo+1","Defragment","Seek+1","Reinforced Body","Capacitor+1"],"relics":["Cracked Core","Orrery","Pen Nib","Strawberry","Eternal Feather","Black Star","Centennial Puzzle","DataDisk","Bronze Scales","StoneCalendar","Chemical X","Orichalcum","Prayer Wheel","Frozen Egg 2","Busted Crown","Ice Cream","Letter Opener","Du-Vu Doll","MawBank","Toxic Egg 2","Boot"],"acts_visited":["Exordium","TheCity","TheBeyond"],"potions_floor_usage":[24],"damage_taken":[{"damage":1.0,"enemies":"Cultist","floor":1.0,"turns":3.0},{"damage":6.0,"enemies":"Jaw Worm","floor":4.0,"turns":3.0},{"damage":17.0,"enemies":"Gremlin Nob","floor":6.0,"turns":5.0},{"damage":0.0,"enemies":"Small Slimes","floor":7.0,"turns":2.0},{"damage":2.0,"enemies":"Looter","floor":10.0,"turns":4.0},{"damage":0.0,"enemies":"2 Fungi Beasts","floor":11.0,"turns":2.0},{"damage":5.0,"enemies":"3 Sentries","floor":13.0,"turns":8.0},{"damage":15.0,"enemies":"Slime Boss","floor":16.0,"turns":6.0},{"damage":5.0,"enemies":"Shell Parasite","floor":18.0,"turns":8.0},{"damage":8,"enemies":"3 Byrds","floor":22,"turns":9},{"damage":32,"enemies":"Book of Stabbing","floor":23,"turns":7},{"damage":17,"enemies":"Shelled Parasite and Fungi","floor":24,"turns":7},{"damage":24,"enemies":"Gremlin Leader","floor":29,"turns":7},{"damage":34,"enemies":"Champ","floor":33,"turns":10},{"damage":2,"enemies":"Orb Walker","floor":35,"turns":4},{"damage":0,"enemies":"Mind Bloom Boss Battle","floor":37,"turns":8},{"damage":5,"enemies":"3 Darklings","floor":38,"turns":6},{"damage":13,"enemies":"Reptomancer","floor":40,"turns":7},{"damage":26,"enemies":"Nemesis","floor":42,"turns":7},{"damage":62,"enemies":"Giant Head","floor":44,"turns":11}],"seed_played":"-175158822781928117","potions_obtained":[{"floor":1.0,"key":"Block Potion"},{"floor":7.0,"key":"DistilledChaos"},{"floor":11.0,"key":"Swift Potion"},{"floor":16.0,"key":"Strength Potion"},{"floor":18.0,"key":"Fire Potion"},{"floor":22,"key":"SkillPotion"},{"floor":31,"key":"Ancient Potion"}],"is_trial":false,"path_per_floor":["M","?","$","M","$","E","M","R","T","M","M","?","E","?","R","B",null,"M","?","?","$","M","E","M","$","T","?","R","E","$","?","R","B",null,"M","?","?","M","$","E","R","E","T","E"],"character_chosen":"DEFECT","items_purchased":["Orrery","Glacier","DataDisk","Self Repair","Defragment","Chemical X","Capacitor+1"],"campfire_rested":3,"item_purchase_floors":[3,5,21,21,25,25,39],"current_hp_per_floor":[49,49,49,43,43,26,26,48,55,53,53,53,48,37,49,34,70,65,65,65,65,57,25,15,15,15,15,57,33,33,33,75,55,75,80,78,78,78,78,72,78,52,52,0,0],"gold":419,"neow_bonus":"TWO_FIFTY_GOLD","is_daily":false,"chose_seed":false,"campfire_upgraded":2,"win_rate":0.0,"timestamp":1608234077,"path_taken":["M","?","$","M","?","E","?","R","T","M","M","?","E","?","R","BOSS","M","?","?","?","?","E","M","$","T","?","R","E","$","?","R","BOSS","M","?","?","M","?","E","R","E","T","E"],"items_purchased_type":["Relic","Card","Relic","Card","Card","Relic","Card"],"build_version":"2020-12-13","purchased_purges":1,"victory":false,"max_hp_per_floor":[75,75,75,75,75,75,75,75,82,82,82,82,82,82,82,82,82,82,82,82,82,82,82,82,82,82,82,82,82,82,82,82,82,82,82,78,78,78,78,78,78,78,78,78,78],"relic_stats":{"counters":[20,124],"Eternal Feather":54,"StoneCalendar":[311],"Pen Nib":[12],"Letter Opener":[31],"Orichalcum":[66],"MawBank":24,"Boot":[0],"Centennial Puzzle":[30],"Busted Crown":14,"Bronze Scales":[209],"Prayer Wheel":2,"Black Star":4,"Chemical X":[12],"obtain_stats":[{"Ice Cream":37,"Eternal Feather":13,"StoneCalendar":23,"Pen Nib":6,"Letter Opener":40,"Orichalcum":26,"Frozen Egg 2":29,"MawBank":42,"Boot":43,"Du-Vu Doll":40,"Centennial Puzzle":19,"DataDisk":21,"Busted Crown":34,"Strawberry":9,"Bronze Scales":23,"Orrery":3,"Prayer Wheel":29,"Black Star":17,"Chemical X":25,"Toxic Egg 2":42,"Cracked Core":0},{"Ice Cream":16,"Eternal Feather":7,"StoneCalendar":11,"Pen Nib":3,"Letter Opener":18,"Orichalcum":12,"Frozen Egg 2":13,"MawBank":19,"Boot":19,"Du-Vu Doll":18,"Centennial Puzzle":9,"DataDisk":9,"Busted Crown":14,"Strawberry":4,"Bronze Scales":11,"Orrery":1,"Prayer Wheel":13,"Black Star":8,"Chemical X":12,"Toxic Egg 2":19,"Cracked Core":0},{"Ice Cream":93,"Eternal Feather":27,"StoneCalendar":57,"Pen Nib":11,"Letter Opener":106,"Orichalcum":64,"Frozen Egg 2":71,"MawBank":113,"Boot":113,"Du-Vu Doll":106,"Centennial Puzzle":41,"DataDisk":41,"Busted Crown":81,"Strawberry":13,"Bronze Scales":57,"Orrery":3,"Prayer Wheel":71,"Black Star":33,"Chemical X":64,"Toxic Egg 2":113,"Cracked Core":0}]},"card_choices":[{"not_picked":["Redo","Hologram"],"picked":"Rip and Tear","floor":1.0},{"not_picked":["Streamline","Stack"],"picked":"Ball Lightning","floor":3.0},{"not_picked":["Redo","Go for the Eyes"],"picked":"Multi-Cast","floor":3.0},{"not_picked":["Compile Driver","Chaos"],"picked":"Genetic Algorithm","floor":3.0},{"not_picked":["Rebound","Machine Learning"],"picked":"Defragment","floor":3.0},{"not_picked":["Gash","Beam Cell"],"picked":"Melter","floor":3.0},{"not_picked":["Turbo","Compile Driver"],"picked":"Cold Snap","floor":4.0},{"not_picked":["Redo","Sweeping Beam"],"picked":"Glacier","floor":6.0},{"not_picked":["Compile Driver","Stack"],"picked":"Conserve Battery","floor":7.0},{"not_picked":["Double Energy","Streamline"],"picked":"Ball Lightning","floor":10.0},{"not_picked":["Redo","Ball Lightning"],"picked":"Chaos","floor":11.0},{"not_picked":["Hologram","Storm"],"picked":"Chill","floor":13.0},{"not_picked":["Machine Learning","Creative AI"],"picked":"Amplify","floor":16.0},{"not_picked":["Beam Cell","Gash"],"picked":"Conserve Battery+1","floor":18.0},{"not_picked":["Skim+1","Steam+1"],"picked":"Blizzard+1","floor":22},{"not_picked":["Redo+1","FTL"],"picked":"Self Repair","floor":23},{"not_picked":["Melter","Storm+1"],"picked":"Undo+1","floor":24},{"not_picked":["Barrage","Stack+1","Cold Snap"],"picked":"SKIP","floor":29},{"not_picked":["Hyperbeam","Machine Learning+1"],"picked":"Seek","floor":33},{"not_picked":[],"picked":"Reinforced Body","floor":35},{"not_picked":["Stack"],"picked":"SKIP","floor":35},{"not_picked":["Steam"],"picked":"SKIP","floor":38},{"not_picked":["Darkness+1"],"picked":"SKIP","floor":38},{"not_picked":["Leap+1"],"picked":"SKIP","floor":40},{"not_picked":["Creative AI+1"],"picked":"SKIP","floor":42}],"player_experience":232798,"relics_obtained":[{"floor":6.0,"key":"Pen Nib"},{"floor":9.0,"key":"Strawberry"},{"floor":13.0,"key":"Eternal Feather"},{"floor":23,"key":"Bronze Scales"},{"floor":23,"key":"StoneCalendar"},{"floor":26,"key":"Orichalcum"},{"floor":29,"key":"Prayer Wheel"},{"floor":29,"key":"Frozen Egg 2"},{"floor":37,"key":"Ice Cream"},{"floor":40,"key":"Letter Opener"},{"floor":40,"key":"Du-Vu Doll"},{"floor":42,"key":"MawBank"},{"floor":42,"key":"Toxic Egg 2"},{"floor":43,"key":"Boot"}],"event_choices":[{"damage_healed":0.0,"max_hp_gain":0.0,"max_hp_loss":0.0,"gold_gain":0.0,"event_name":"Golden Wing","player_choice":"Ignored","floor":2.0,"gold_loss":0.0,"damage_taken":0.0},{"damage_healed":0.0,"max_hp_gain":0.0,"max_hp_loss":0.0,"gold_gain":175.0,"event_name":"Liars Game","player_choice":"AGREE","floor":12.0,"gold_loss":0.0,"damage_taken":0.0,"cards_obtained":["Doubt"]},{"damage_healed":0.0,"max_hp_gain":0.0,"max_hp_loss":0.0,"gold_gain":75.0,"event_name":"World of Goop","player_choice":"Gather Gold","floor":14.0,"gold_loss":0.0,"damage_taken":11.0},{"damage_healed":0.0,"max_hp_gain":0.0,"max_hp_loss":0.0,"gold_gain":0.0,"event_name":"The Mausoleum","player_choice":"Opened","floor":19.0,"gold_loss":0.0,"damage_taken":0.0,"relics_obtained":["Centennial Puzzle"]},{"damage_healed":0,"gold_gain":0,"player_choice":"Ignored","damage_taken":0,"max_hp_gain":0,"max_hp_loss":0,"event_name":"Cursed Tome","floor":20,"gold_loss":0},{"damage_healed":0,"gold_gain":0,"player_choice":"Ignored","damage_taken":0,"max_hp_gain":0,"max_hp_loss":0,"event_name":"Beggar","floor":27,"gold_loss":0},{"damage_healed":0,"gold_gain":0,"player_choice":"Bought 1 Potion","damage_taken":0,"max_hp_gain":0,"max_hp_loss":0,"event_name":"The Woman in Blue","floor":31,"gold_loss":0},{"damage_healed":0,"gold_gain":0,"player_choice":"Max HP","damage_taken":0,"max_hp_gain":0,"max_hp_loss":4,"event_name":"Winding Halls","floor":36,"gold_loss":0},{"damage_healed":0,"gold_gain":0,"player_choice":"Fight","damage_taken":0,"max_hp_gain":0,"max_hp_loss":0,"event_name":"MindBloom","floor":37,"gold_loss":0}],"is_beta":false,"boss_relics":[{"not_picked":["SacredBark","Snecko Eye"],"picked":"Black Star"},{"not_picked":["Runic Dome","Calling Bell"],"picked":"Busted Crown"}],"items_purged_floors":[25],"is_endless":false,"potions_floor_spawned":[1,7,11,16,18,22,37],"killed_by":"Giant Head","ascension_level":6}}