{"host":"br1k745010e75u9o","time":1608227642,"event":{"mods":["BaseMod","CCEM","Conspire","Downfall","Friendly Minions","Hermit","Hubris","Infinite Spire","Mari Mod (Legacy)","Mari\u0027s V1 Patch","Minty Spire (QoL Compilation)","Rare Cards Sparkle","Replay The Spire","StSLib","The Cursed","Yohane!"],"gold_per_floor":[116,129,129,139,154,154,79,52,77,28,45,45,45,45,45,143,193,208,308,320,330,330,330],"floor_reached":22,"playtime":834,"items_purged":["Strike_G"],"score":176,"play_id":"12d88321-3f70-4db4-b391-3c2cdee107c5","local_time":"20201217175402","is_ascension_mode":false,"campfire_choices":[{"floor":6,"key":"RECALL"},{"data":"conspire:DoublingDagger","floor":12,"key":"SMITH"},{"floor":15,"key":"REST"}],"circlet_count":0,"master_deck":["Strike_G","Strike_G","Strike_G","Strike_G","Defend_G","Defend_G","Defend_G","Defend_G","Defend_G","Survivor","Neutralize","conspire:DoublingDagger+1","Slice","Adrenaline","Blade Dance+1","Phantasmal Killer","Blade Dance"],"relics":["SacredBark","Vampiric Spirits","Tiny House"],"acts_visited":["Exordium","TheCity"],"potions_floor_usage":[16,16,21,21],"damage_taken":[{"damage":2,"enemies":"Cultist","floor":1,"turns":5},{"damage":0,"enemies":"Small Slimes","floor":2,"turns":5},{"damage":11,"enemies":"Jaw Worm","floor":4,"turns":6},{"damage":4,"enemies":"Large Slime","floor":5,"turns":8},{"damage":3,"enemies":"Blue Slaver","floor":11,"turns":4},{"damage":14,"enemies":"Hexaghost","floor":16,"turns":9},{"damage":28,"enemies":"Shell Parasite","floor":18,"turns":5},{"damage":17,"enemies":"Spheric Guardian","floor":20,"turns":4},{"damage":16,"enemies":"Shelled Parasite and Fungi","floor":21,"turns":5},{"damage":25,"enemies":"Snecko","floor":22,"turns":5}],"seed_played":"3290175132068120532","potions_obtained":[{"floor":4,"key":"Slimebound:ThreeZeroPotion"},{"floor":11,"key":"Strength Potion"},{"floor":17,"key":"CultistPotion"},{"floor":20,"key":"Dexterity Potion"}],"is_trial":false,"path_per_floor":["M","M","?","M","M","R","$","?","T","$","M","R","?","$","R","B",null,"M","?","M","M","M"],"character_chosen":"THE_SILENT","items_purchased":["Blade Dance"],"campfire_rested":1,"item_purchase_floors":[10],"current_hp_per_floor":[68,68,68,57,53,53,53,53,53,53,50,50,47,47,68,56,75,47,47,30,21,0,0],"gold":330,"neow_bonus":"BOSS_RELIC","is_daily":false,"chose_seed":false,"campfire_upgraded":1,"win_rate":0.0,"timestamp":1608227642,"path_taken":["M","?","?","M","M","R","?","?","T","$","M","R","?","$","R","BOSS","M","?","M","?","M"],"items_purchased_type":["Card"],"build_version":"2020-12-13","purchased_purges":1,"victory":false,"max_hp_per_floor":[70,70,70,70,70,70,70,70,70,70,70,70,70,70,70,70,75,75,75,75,75,75,75],"card_choices":[{"not_picked":["PiercingWail","Blade Dance"],"picked":"conspire:DoublingDagger","floor":1},{"not_picked":["Caltrops","Sucker Punch","PiercingWail"],"picked":"SKIP","floor":2},{"not_picked":["Bouncing Flask","All Out Attack"],"picked":"Slice","floor":4},{"not_picked":["Backflip","Bane"],"picked":"Adrenaline","floor":5},{"not_picked":["Fluid Movement","Quick Slash","hubris:Counter"],"picked":"SKIP","floor":11},{"not_picked":["Adrenaline","Night Terror"],"picked":"Phantasmal Killer","floor":16},{"not_picked":["hubris:SlightOfHand+1","Escape Plan","Bane"],"picked":"SKIP","floor":18},{"not_picked":["Acrobatics","Slice"],"picked":"Blade Dance","floor":20},{"not_picked":["Riddle With Holes","ReplayTheSpireMod:Speed Training","Tactician"],"picked":"SKIP","floor":21}],"player_experience":50189,"relics_obtained":[],"event_choices":[{"damage_healed":0,"gold_gain":0,"player_choice":"Ignored","damage_taken":0,"max_hp_gain":0,"max_hp_loss":0,"event_name":"Liars Game","floor":3,"gold_loss":0},{"damage_healed":0,"gold_gain":0,"player_choice":"Left Gold","damage_taken":0,"max_hp_gain":0,"max_hp_loss":0,"event_name":"World of Goop","floor":8,"gold_loss":27},{"damage_healed":0,"gold_gain":0,"player_choice":"Success","damage_taken":3,"relics_obtained":["Vampiric Spirits"],"max_hp_gain":0,"max_hp_loss":0,"event_name":"Scrap Ooze","floor":13,"gold_loss":0},{"damage_healed":0,"gold_gain":100,"player_choice":"Pray","damage_taken":0,"max_hp_gain":0,"max_hp_loss":0,"event_name":"Golden Shrine","floor":19,"gold_loss":0}],"is_beta":false,"boss_relics":[{"not_picked":["CCEMRelics:TransientCore","hubris:Stopwatch"],"picked":"Tiny House"}],"items_purged_floors":[7],"is_endless":false,"potions_floor_spawned":[4,11,20],"killed_by":"Snecko","ascension_level":0}}