{"host":"p6y17sixyu8q9v1f","time":1608206555,"event":{"mods":["BaseMod","Colored Map","Minty Spire (QoL Compilation)"],"gold_per_floor":[110,125,125,138,63,63,76,76,76,76,76,109,119,49,49,49,49],"floor_reached":16,"playtime":611,"items_purged":["Strike_B"],"score":120,"play_id":"67425b42-a105-4c0c-81b4-20e803faa9f3","local_time":"20201217060235","is_ascension_mode":true,"campfire_choices":[{"data":"Zap","floor":6,"key":"SMITH"},{"data":"Redo","floor":8,"key":"SMITH"},{"data":"Redo","floor":11,"key":"SMITH"},{"floor":15,"key":"REST"}],"circlet_count":0,"master_deck":["Strike_B","Defend_B","Defend_B","Defend_B","Defend_B","Zap+1","Dualcast","Enlightenment","Sweeping Beam","Redo+1","Redo+1","White Noise","Sunder"],"relics":["Cracked Core","Bottled Flame","Unceasing Top"],"acts_visited":["Exordium"],"potions_floor_usage":[7,12,16],"damage_taken":[{"damage":6,"enemies":"Cultist","floor":1,"turns":3},{"damage":0,"enemies":"2 Louse","floor":2,"turns":2},{"damage":0,"enemies":"Small Slimes","floor":4,"turns":2},{"damage":22,"enemies":"Gremlin Gang","floor":7,"turns":3},{"damage":20,"enemies":"3 Sentries","floor":12,"turns":5},{"damage":2,"enemies":"Looter","floor":13,"turns":3},{"damage":42,"enemies":"Hexaghost","floor":16,"turns":7}],"seed_played":"-7985227450109416725","potions_obtained":[{"floor":1,"key":"Block Potion"},{"floor":2,"key":"Strength Potion"},{"floor":12,"key":"ColorlessPotion"}],"is_trial":false,"path_per_floor":["M","M","?","M","$","R","M","R","T","?","R","E","M","$","R","B"],"character_chosen":"DEFECT","items_purchased":["Sunder"],"campfire_rested":1,"item_purchase_floors":[14],"current_hp_per_floor":[69,69,62,62,62,62,40,40,40,40,40,20,18,18,40,0,0],"gold":49,"neow_bonus":"RANDOM_COLORLESS","is_daily":false,"chose_seed":false,"campfire_upgraded":3,"win_rate":0.0,"timestamp":1608206555,"path_taken":["M","?","?","M","$","R","M","R","T","?","R","E","M","$","R","BOSS"],"items_purchased_type":["Card"],"build_version":"2020-12-13","purchased_purges":1,"victory":false,"max_hp_per_floor":[75,75,75,75,75,75,75,75,75,75,75,75,75,75,75,75,75],"card_choices":[{"not_picked":["Madness","Good Instincts"],"picked":"Enlightenment","floor":0},{"not_picked":["Skim","Hologram","Rebound"],"picked":"SKIP","floor":1},{"not_picked":["Stack","Hologram"],"picked":"Sweeping Beam","floor":2},{"not_picked":["Storm","Barrage"],"picked":"Redo","floor":4},{"not_picked":["Loop","Leap"],"picked":"Redo","floor":7},{"not_picked":["Glacier","Reprogram","Skim"],"picked":"SKIP","floor":12},{"not_picked":["Barrage","Streamline"],"picked":"White Noise","floor":13}],"player_experience":764303,"relics_obtained":[{"floor":9,"key":"Bottled Flame"},{"floor":12,"key":"Unceasing Top"}],"event_choices":[{"cards_removed":["Strike_B"],"damage_healed":0,"gold_gain":0,"player_choice":"Card Removal","damage_taken":7,"max_hp_gain":0,"max_hp_loss":0,"event_name":"Golden Wing","floor":3,"gold_loss":0},{"cards_removed":["Strike_B"],"damage_healed":0,"gold_gain":0,"player_choice":"Offered Basic","damage_taken":0,"max_hp_gain":0,"max_hp_loss":0,"event_name":"Bonfire Elementals","floor":10,"gold_loss":0}],"is_beta":false,"boss_relics":[],"items_purged_floors":[5],"is_endless":false,"potions_floor_spawned":[1,2,12],"killed_by":"Hexaghost","ascension_level":4}}