{"host":"p245q48pmopyklqs","time":1608183599,"event":{"mods":["AchievementEnabler","BaseMod","DeckTracker","Minty Spire (QoL Compilation)","Relic Stats","StSLib","SuperFastMode"],"gold_per_floor":[117,133,153,166,166,166,91,91,91,91,107,107,32,45,45,119,119,139,150,150,150,150],"floor_reached":21,"playtime":587,"items_purged":["Strike_B"],"score":342,"play_id":"1944cf74-4582-4b0c-95b3-0c0f592a8e68","local_time":"20201217143959","is_ascension_mode":true,"campfire_choices":[{"floor":6,"key":"REST"},{"data":"Zap","floor":8,"key":"SMITH"},{"data":"Go for the Eyes","floor":10,"key":"SMITH"},{"floor":15,"key":"REST"}],"circlet_count":0,"master_deck":["AscendersBane","Strike_B","Defend_B","Defend_B","Defend_B","Zap+1","Dualcast","Master of Strategy","Compile Driver","Go for the Eyes+1","Melter","Streamline","Biased Cognition","Decay"],"relics":["Cracked Core","Cables","Sozu"],"acts_visited":["Exordium","TheCity"],"potions_floor_usage":[16,21],"damage_taken":[{"damage":4,"enemies":"Small Slimes","floor":1,"turns":3},{"damage":10,"enemies":"2 Louse","floor":2,"turns":2},{"damage":4,"enemies":"Jaw Worm","floor":3,"turns":3},{"damage":16,"enemies":"Lots of Slimes","floor":4,"turns":4},{"damage":12,"enemies":"3 Louse","floor":11,"turns":3},{"damage":0,"enemies":"2 Fungi Beasts","floor":14,"turns":2},{"damage":23,"enemies":"The Guardian","floor":16,"turns":11},{"damage":20,"enemies":"2 Thieves","floor":18,"turns":3},{"damage":13,"enemies":"3 Byrds","floor":19,"turns":4},{"damage":24,"enemies":"Snecko","floor":21,"turns":3}],"seed_played":"-3727733470739158234","potions_obtained":[{"floor":3,"key":"Weak Potion"},{"floor":11,"key":"EssenceOfSteel"}],"is_trial":false,"path_per_floor":["M","M","M","M","?","R","?","R","T","R","M","?","$","M","R","B",null,"M","M","?","M"],"character_chosen":"DEFECT","items_purchased":[],"campfire_rested":2,"item_purchase_floors":[],"current_hp_per_floor":[42,32,28,12,5,26,26,26,26,26,14,14,14,14,35,12,56,36,23,23,0,0],"gold":150,"neow_bonus":"RANDOM_COLORLESS_2","is_daily":false,"chose_seed":false,"campfire_upgraded":2,"win_rate":0.0,"timestamp":1608183599,"path_taken":["M","M","M","M","?","R","?","R","T","R","M","?","$","M","R","BOSS","M","?","?","M"],"items_purchased_type":[],"build_version":"2020-12-13","purchased_purges":1,"victory":false,"max_hp_per_floor":[71,71,71,71,71,71,71,71,71,71,71,71,71,71,71,71,71,71,71,71,71,71],"relic_stats":{"Sozu":2,"counters":[10,38],"obtain_stats":[{"Sozu":17,"Cracked Core":0,"Cables":9},{"Sozu":7,"Cracked Core":0,"Cables":4},{"Sozu":28,"Cracked Core":0,"Cables":12}],"Cables":[22,22,0,0,0]},"card_choices":[{"not_picked":["Thinking Ahead","Magnetism"],"picked":"Master of Strategy","floor":0},{"not_picked":["Skim","Barrage"],"picked":"Compile Driver","floor":1},{"not_picked":["Beam Cell","Hologram"],"picked":"Go for the Eyes","floor":2},{"not_picked":["Steam","Reinforced Body"],"picked":"Melter","floor":3},{"not_picked":["All For One","Redo","Aggregate"],"picked":"SKIP","floor":4},{"not_picked":["Melter","Coolheaded"],"picked":"Streamline","floor":11},{"not_picked":["Storm","Double Energy","Consume"],"picked":"SKIP","floor":14},{"not_picked":["Meteor Strike","Fission"],"picked":"Biased Cognition","floor":16},{"not_picked":["Rip and Tear","Beam Cell","Redo"],"picked":"SKIP","floor":18},{"not_picked":["Compile Driver+1","Turbo","Barrage"],"picked":"SKIP","floor":19}],"player_experience":2293964,"relics_obtained":[{"floor":9,"key":"Cables"}],"event_choices":[{"cards_removed":["Strike_B"],"damage_healed":0,"gold_gain":0,"player_choice":"Card Removal","damage_taken":7,"max_hp_gain":0,"max_hp_loss":0,"event_name":"Golden Wing","floor":5,"gold_loss":0},{"cards_removed":["Strike_B"],"damage_healed":0,"gold_gain":0,"player_choice":"Card Removal","damage_taken":0,"max_hp_gain":0,"max_hp_loss":0,"event_name":"The Cleric","floor":7,"gold_loss":75},{"cards_removed":["Defend_B"],"damage_healed":0,"gold_gain":0,"player_choice":"Offered Basic","damage_taken":0,"max_hp_gain":0,"max_hp_loss":0,"event_name":"Bonfire Elementals","floor":12,"gold_loss":0},{"damage_healed":0,"gold_gain":0,"player_choice":"Smashed Altar","damage_taken":0,"max_hp_gain":0,"max_hp_loss":0,"event_name":"Forgotten Altar","floor":20,"gold_loss":0,"cards_obtained":["Decay"]}],"is_beta":false,"boss_relics":[{"not_picked":["Pandora\u0027s Box","FrozenCore"],"picked":"Sozu"}],"items_purged_floors":[13],"is_endless":false,"potions_floor_spawned":[3,11,18,19],"killed_by":"Snecko","ascension_level":20}}