{"host":"ipcfr4ajj2jkxvg7","time":1608181673,"event":{"mods":["BaseMod","Colored Powertips","GifTheSpireLib","Marisa（F雨　魔理沙）","Minty Spire (QoL Compilation)","Quick Restart","Remilia（蕾米莉亚）","Replay The Spire","RumiaBox-露米娅的神秘盒子","StSLib"],"gold_per_floor":[117,137,137,150,28,28,63,82,82,102,102,129,149,166,166,262,262,276,276,106,106,123,153,171,171,196,214,214,247,247,277,277,375,375,386,386,386,403,420,454,454,482,534,534,362,372,154,173,173,173],"floor_reached":51,"playtime":9169,"items_purged":["Defend_MRS","Strike_MRS","Defend_MRS","Gluttony_TH"],"score":1335,"play_id":"3480ab99-fd6b-4253-8baa-5b95267375bf","local_time":"20201217130753","is_ascension_mode":true,"campfire_choices":[{"data":"PowerUp","floor":6.0,"key":"SMITH"},{"data":"MilkyWay","floor":15.0,"key":"SMITH"},{"data":"DeepEcoloBomb","floor":25.0,"key":"SMITH"},{"data":"PowerUp","floor":28.0,"key":"SMITH"},{"data":"AlicesGift","floor":32.0,"key":"SMITH"},{"floor":41,"key":"REST"},{"data":"PowerUp","floor":44,"key":"SMITH"},{"data":"MilkyWay","floor":49,"key":"SMITH"}],"circlet_count":0,"master_deck":["Strike_MRS","Strike_MRS","Strike_MRS","Defend_MRS+1","Defend_MRS+1","MasterSpark","UpSweep","PowerUp+1","PowerUp+1","ShootTheMoon","MilkyWay+1","AlicesGift+1","MaximisePower+1","SuperPerseids","DeepEcoloBomb+1","Acceleration","MilkyWay+1","MilkyWay+1","MilkyWay+1","SuperNova+1","SuperPerseids","MachineGunSpark+1","PowerUp+1","DarkMatter+1","MilkyWay","DeepEcoloBomb+1","OrrerysSun","DeepEcoloBomb"],"relics":["MiniHakkero","NeowsBlessing","AddBug","SecretRecord","SecretRecord","SecretRecord","SecretRecord","SecretRecord","SecretRecord","SecretRecord","SecretRecord","SecretRecord"],"acts_visited":["Exordium","TheCity","TheBeyond"],"potions_floor_usage":[50],"damage_taken":[{"damage":0.0,"enemies":"Cultist","floor":1.0,"turns":1.0},{"damage":0.0,"enemies":"2 Louse","floor":2.0,"turns":1.0},{"damage":0.0,"enemies":"Small Slimes","floor":4.0,"turns":1.0},{"damage":8.0,"enemies":"Gremlin Nob","floor":7.0,"turns":3.0},{"damage":0.0,"enemies":"Red Slaver","floor":8.0,"turns":2.0},{"damage":7.0,"enemies":"3 Louse","floor":10.0,"turns":2.0},{"damage":4.0,"enemies":"Replay:BlueRogue","floor":12.0,"turns":4.0},{"damage":0.0,"enemies":"Large Slime","floor":13.0,"turns":3.0},{"damage":0.0,"enemies":"Blue Slaver","floor":14.0,"turns":2.0},{"damage":19.0,"enemies":"The Guardian","floor":16.0,"turns":5.0},{"damage":7.0,"enemies":"Chosen","floor":18.0,"turns":3.0},{"damage":0.0,"enemies":"Spheric Guardian","floor":22.0,"turns":2.0},{"damage":5.0,"enemies":"Gremlin Leader","floor":23.0,"turns":7.0},{"damage":0.0,"enemies":"Snecko","floor":24.0,"turns":2.0},{"damage":0.0,"enemies":"Shelled Parasite and Fungi","floor":27.0,"turns":2.0},{"damage":10.0,"enemies":"Book of Stabbing","floor":29.0,"turns":3.0},{"damage":6.0,"enemies":"Gremlin Leader","floor":31.0,"turns":3.0},{"damage":22.0,"enemies":"Pondfish","floor":33.0,"turns":6.0},{"damage":0.0,"enemies":"3 Darklings","floor":35.0,"turns":2.0},{"damage":18.0,"enemies":"3 Shapes","floor":38.0,"turns":3.0},{"damage":5.0,"enemies":"Sphere and 2 Shapes","floor":39.0,"turns":2.0},{"damage":25,"enemies":"Giant Head","floor":40,"turns":6},{"damage":4,"enemies":"Reptomancer","floor":42,"turns":2},{"damage":0,"enemies":"Writhing Mass","floor":46,"turns":1},{"damage":1,"enemies":"3 Darklings","floor":48,"turns":2},{"damage":35,"enemies":"Awakened One","floor":50,"turns":4}],"seed_played":"8981950927273816300","potions_obtained":[{"floor":1.0,"key":"Block Potion"},{"floor":8.0,"key":"Energy Potion"},{"floor":11.0,"key":"StarNLove"},{"floor":11.0,"key":"Flashbang"},{"floor":13.0,"key":"Languid Potion"},{"floor":14.0,"key":"Ancient Potion"},{"floor":22.0,"key":"DuplicationPotion"},{"floor":23.0,"key":"Ancient Potion"},{"floor":29.0,"key":"SteroidPotion"},{"floor":31.0,"key":"Explosive Potion"},{"floor":40,"key":"FearPotion"}],"is_trial":false,"path_per_floor":["M","M","?","M","$","R","E","M","T","M","?","E","M","M","R","B",null,"M","?","$","?","M","E","M","R","T","M","R","E","?","E","R","B",null,"M","T","?","M","M","E","R","E","T","R","$","M","$","M","R","B",null],"character_chosen":"MARISA","items_purchased":["PowerUp","ReplayTheSpireMod:CursedCoin","DeepEcoloBomb","MilkyWay","OrrerysSun"],"campfire_rested":1,"item_purchase_floors":[5,20,20,45,47],"current_hp_per_floor":[68,68,53,53,53,53,45,45,45,38,38,34,34,34,34,15,60,53,68,68,68,68,63,63,63,63,63,63,53,53,47,47,25,74,74,74,74,56,51,26,53,49,49,49,49,49,49,48,48,13],"gold":173,"neow_bonus":"THREE_ENEMY_KILL","is_daily":false,"chose_seed":false,"campfire_upgraded":7,"win_rate":0.0,"timestamp":1608181673,"path_taken":["M","M","?","M","$","R","E","M","T","M","?","E","M","?","R","BOSS","M","?","$","?","?","E","M","R","T","M","R","E","?","E","R","BOSS","M","?","?","?","M","E","R","E","T","R","$","M","$","M","R","BOSS"],"items_purchased_type":["Card","Relic","Card","Card","Card"],"build_version":"2020-12-13","purchased_purges":4,"victory":true,"max_hp_per_floor":[75,75,75,75,75,75,75,75,75,75,75,75,75,75,75,75,75,75,90,90,90,90,90,90,90,90,90,90,90,90,90,90,90,90,90,90,90,90,90,90,90,90,90,90,90,90,90,90,90,90],"card_choices":[{"not_picked":["MagicChant","GravityBeat","6A"],"picked":"SKIP","floor":1.0},{"not_picked":["UnstableBomb","RefractionSpark","SporeBomb"],"picked":"SKIP","floor":2.0},{"not_picked":["EnergyFlow","WitchOfGreed"],"picked":"PowerUp","floor":4.0},{"not_picked":["EscapeVelocity","SporeBomb"],"picked":"ShootTheMoon","floor":7.0},{"not_picked":["ShootingEcho","OneTimeOff","IllusionStar"],"picked":"SKIP","floor":8.0},{"not_picked":["MagicChant","AsteroidBelt"],"picked":"MilkyWay","floor":10.0},{"not_picked":["GalacticHalo","6A"],"picked":"AlicesGift","floor":12.0},{"not_picked":["NonDirectionalLaser","6A","MeteoricShower"],"picked":"SKIP","floor":13.0},{"not_picked":["SporeBomb","MysteriousBeam","DoubleSpark"],"picked":"SKIP","floor":14.0},{"not_picked":["StarDustReverie","BlazingStar"],"picked":"MaximisePower","floor":16.0},{"not_picked":["Singularity","LuminesStrike"],"picked":"SuperPerseids","floor":18.0},{"not_picked":["MagicChant","ChargeUpSpray+1","IllusionStar"],"picked":"SKIP","floor":22.0},{"not_picked":["GrandCross","WitchOfGreed"],"picked":"Acceleration","floor":23.0},{"not_picked":["NonDirectionalLaser","RefractionSpark"],"picked":"MilkyWay+1","floor":24.0},{"not_picked":["6A","BlazeAway"],"picked":"MilkyWay+1","floor":27.0},{"not_picked":["Acceleration","SuperPerseids+1"],"picked":"MilkyWay","floor":29.0},{"not_picked":["6A","StarlightTyphoon+1","AsteroidBelt+1"],"picked":"SKIP","floor":31.0},{"not_picked":["ManaRampage","FinalSpark"],"picked":"SuperNova","floor":33.0},{"not_picked":["WitchOfGreed","DC"],"picked":"SuperPerseids","floor":35.0},{"not_picked":["UnstableBomb+1","WitchOfGreed+1"],"picked":"MachineGunSpark+1","floor":38.0},{"not_picked":["6A","GravityBeat"],"picked":"PowerUp","floor":39.0},{"not_picked":["Occultation+1","GrandCross+1"],"picked":"DarkMatter+1","floor":40},{"not_picked":["GrandCross","UnstableBomb+1","GalacticHalo"],"picked":"SKIP","floor":42},{"not_picked":["DoubleSpark","ChargingUp"],"picked":"DeepEcoloBomb+1","floor":46},{"not_picked":["SuperPerseids+1","ShootingEcho+1"],"picked":"DeepEcoloBomb","floor":48}],"player_experience":383784,"relics_obtained":[{"floor":1.0,"key":"AddBug"},{"floor":7.0,"key":"SecretRecord"},{"floor":7.0,"key":"Omamori"},{"floor":9.0,"key":"Darkstone Periapt"},{"floor":12.0,"key":"SecretRecord"},{"floor":12.0,"key":"GodSword1"},{"floor":14.0,"key":"SecretRecord"},{"floor":23.0,"key":"ScarletDevilRocket"},{"floor":26.0,"key":"ShroomBag"},{"floor":27.0,"key":"SecretRecord"},{"floor":29.0,"key":"ReplayTheSpireMod:Ninjato"},{"floor":31.0,"key":"SecretRecord"},{"floor":31.0,"key":"Replay:Wax Seal"},{"floor":35.0,"key":"SecretRecord"},{"floor":36.0,"key":"Replay:Ringing Soul"},{"floor":39.0,"key":"SecretRecord"},{"floor":40,"key":"Dream Catcher"},{"floor":42,"key":"Anchor"},{"floor":43,"key":"Replay:Rubber Ducky"},{"floor":48,"key":"SecretRecord"}],"event_choices":[{"damage_healed":0.0,"max_hp_gain":0.0,"max_hp_loss":0.0,"gold_gain":0.0,"event_name":"Shining Light","player_choice":"Entered Light","floor":3.0,"gold_loss":0.0,"damage_taken":15.0,"cards_upgraded":["Defend_MRS","Defend_MRS"]},{"damage_healed":0.0,"max_hp_gain":0.0,"max_hp_loss":0.0,"gold_gain":0.0,"event_name":"Lab","player_choice":"Got Potions","floor":11.0,"gold_loss":0.0,"damage_taken":0.0},{"damage_healed":0.0,"max_hp_gain":0.0,"max_hp_loss":0.0,"gold_gain":0.0,"event_name":"Upgrade Shrine","player_choice":"Upgraded","floor":21.0,"gold_loss":0.0,"damage_taken":0.0,"cards_upgraded":["MaximisePower"]},{"damage_healed":0.0,"max_hp_gain":0.0,"max_hp_loss":0.0,"gold_gain":0.0,"event_name":"The Woman in Blue","player_choice":"Bought 0 Potions","floor":30.0,"gold_loss":0.0,"damage_taken":0.0},{"damage_healed":0.0,"max_hp_gain":0.0,"max_hp_loss":0.0,"gold_gain":0.0,"event_name":"Upgrade Shrine","player_choice":"Upgraded","floor":37.0,"gold_loss":0.0,"damage_taken":0.0,"cards_upgraded":["SuperNova"]}],"is_beta":false,"boss_relics":[{"not_picked":["Philosopher\u0027s Stone","SacredBark"],"picked":"SlaversCollar"},{"not_picked":["Black Star","Calling Bell"],"picked":"Runic Dome"}],"items_purged_floors":[5,20,45,47],"is_endless":false,"potions_floor_spawned":[1,8,13,14,16,22,23,29,31,40,48],"ascension_level":7}}