{"host":"4qt77pm52ljaz00q","time":1608219083,"event":{"mods":["2.2 Compatiblity","Aspiration","Bard","BaseMod","Beaked The Cultist","Challenge The Spire","ChefMod","Colored Map","Conspire","Friendly Minions","Glutton Mod","Halation","Hermit","Hubris","Infinite Spire","Jedi Mod","Marisa????????","Minty Spire (QoL Compilation)","Permanent Neow","Relic Sorter","Replay The Spire","Robot Space Explorer","Shade Mod","Shop Mod","StSLib","The Bug Knight","The Construct","The Disciple","The Dragon Tamer","The Jungle","The Mystic","The Poker Player","The Runesmith","The Servant 0.9.4","Unknown Chances","Wandering Minibosses","vexMod"],"gold_per_floor":[112,128,128,303,77,104,130,180,231,299,42,85,85,179,179,310,310,337,386,386,411,411,411],"floor_reached":22,"playtime":942,"items_purged":["Doubt"],"score":279,"play_id":"dc095326-6841-4f58-ac5d-8002b3cf3102","local_time":"20201217103123","is_ascension_mode":false,"campfire_choices":[{"data":"MillisecondPulsars","floor":15,"key":"SMITH"}],"circlet_count":0,"master_deck":["Strike_MRS","Strike_MRS","Strike_MRS","Strike_MRS","Defend_MRS","Defend_MRS","Defend_MRS","Defend_MRS","MasterSpark","UpSweep","WitchOfGreed","Pot Of Greed","Pot Of Greed","MillisecondPulsars+1","FairyDestructionRay","WitchOfGreed","OortCloud","SporeBomb","GravityBeat","Doubt","AsteroidBelt","MilkyWay+1"],"relics":["MiniHakkero","NeowsBlessing","Grinning Jar","halation:SwordOfLegend","hubris:Spice","ReplayTheSpireMod:TigerMarble","Bag of Preparation","Orichalcum","Ring of Fury","halation:OrihimeAndHikoboshiSamaAndTears"],"acts_visited":["Exordium","TheCity"],"potions_floor_usage":[10,16,16],"damage_taken":[{"damage":0,"enemies":"2 Louse","floor":1,"turns":1},{"damage":0,"enemies":"Jaw Worm","floor":2,"turns":1},{"damage":0,"enemies":"3 Sentries","floor":6,"turns":1},{"damage":0,"enemies":"Small Slimes","floor":7,"turns":4},{"damage":32,"enemies":"Gremlin Nob","floor":8,"turns":4},{"damage":16,"enemies":"Lagavulin","floor":10,"turns":6},{"damage":0,"enemies":"Blue Slaver","floor":12,"turns":4},{"damage":9,"enemies":"Gremlin Nob","floor":14,"turns":4},{"damage":0,"enemies":"Hexaghost","floor":16,"turns":8},{"damage":4,"enemies":"2 Thieves","floor":18,"turns":4},{"damage":11,"enemies":"Centurion and Healer","floor":19,"turns":3},{"damage":8,"enemies":"conspire:HollyBat","floor":21,"turns":6},{"damage":0,"enemies":"Snecko","floor":22,"turns":1}],"seed_played":"-7134434032798158636","potions_obtained":[{"floor":2,"key":"Weak Potion"},{"floor":7,"key":"Adrenaline Potion"},{"floor":7,"key":"GamblersBrew"},{"floor":10,"key":"Regen Potion"},{"floor":10,"key":"SteroidPotion"},{"floor":12,"key":"AttackPotion"},{"floor":16,"key":"StarNLove"},{"floor":16,"key":"Reflective Coating"}],"is_trial":false,"path_per_floor":["M","M","?","?","$","E","M","E","T","E","$","M","?","?","R","B",null,"M","M","HB","M","M"],"character_chosen":"MARISA","items_purchased":["Grinning Jar","OortCloud","SporeBomb","Orichalcum"],"campfire_rested":0,"item_purchase_floors":[5,11,11,11],"current_hp_per_floor":[75,75,75,75,75,75,75,51,51,35,35,35,35,26,35,35,91,83,72,42,34,34,34],"gold":411,"neow_bonus":"THREE_ENEMY_KILL","is_daily":false,"chose_seed":false,"campfire_upgraded":1,"win_rate":0.0,"timestamp":1608219083,"path_taken":["M","M","?","?","?","E","M","E","T","E","$","?","?","?","R","BOSS","M","M","HB","M","M"],"items_purchased_type":["Relic","Card","Card","Relic"],"build_version":"2020-12-13","purchased_purges":1,"victory":false,"max_hp_per_floor":[75,75,75,75,75,75,75,83,83,83,83,83,83,83,83,83,91,83,83,42,34,34,34],"card_choices":[{"not_picked":["DC","RefractionSpark"],"picked":"WitchOfGreed","floor":1},{"not_picked":["UnstableBomb","DC","6A"],"picked":"SKIP","floor":2},{"not_picked":["GravityBeat","DC"],"picked":"MillisecondPulsars","floor":6},{"not_picked":["GrandCross","ShootingEcho"],"picked":"FairyDestructionRay","floor":7},{"not_picked":["BinaryStars","MysteriousBeam"],"picked":"WitchOfGreed","floor":8},{"not_picked":["SuperPerseids","MagicChant","UnstableBomb"],"picked":"SKIP","floor":10},{"not_picked":["UnstableBomb","OpenUniverse"],"picked":"GravityBeat","floor":12},{"not_picked":["EnergyRecoil","Orbital"],"picked":"AsteroidBelt","floor":14},{"not_picked":["MysteriousBeam+1","Acceleration+1"],"picked":"hubris:SpiceAddiction","floor":18},{"not_picked":["Acceleration","WitchOfGreed"],"picked":"MilkyWay+1","floor":19},{"not_picked":["MilkyWay+1","GravityBeat"],"picked":"hubris:SpiceAddiction","floor":21}],"player_experience":197455,"relics_obtained":[{"floor":6,"key":"halation:SwordOfLegend"},{"floor":8,"key":"hubris:Spice"},{"floor":9,"key":"ReplayTheSpireMod:TigerMarble"},{"floor":10,"key":"Bag of Preparation"},{"floor":13,"key":"Ring of Fury"},{"floor":14,"key":"halation:OrihimeAndHikoboshiSamaAndTears"}],"event_choices":[{"damage_healed":0,"gold_gain":175,"player_choice":"AGREE","damage_taken":0,"max_hp_gain":0,"max_hp_loss":0,"event_name":"Liars Game","floor":4,"gold_loss":0,"cards_obtained":["Doubt"]},{"damage_healed":0,"gold_gain":0,"player_choice":"Searched \u00272\u0027 times","damage_taken":0,"max_hp_gain":0,"max_hp_loss":0,"event_name":"Dead Adventurer","floor":14,"gold_loss":0}],"is_beta":false,"boss_relics":[{"not_picked":["hubris:Spice","conspire:SlowCooker"],"picked":"hubris:Spice"}],"items_purged_floors":[5],"is_endless":false,"potions_floor_spawned":[2,7,12,18,19,21],"killed_by":"Snecko","ascension_level":0}}