{"host":"6qohxdms6n72zb21","time":1608193139,"event":{"mods":["2.2 Compatiblity","Act Like it!","Ascension Reborn","BaseMod","Better Synergies","Downfall","Energized Spire","Hubris","Minty Spire (QoL Compilation)","Quick Restart","Replay The Spire","Spicy Shops","StSLib"],"gold_per_floor":[118,134,146,221,221,248,259,274,274,274,287,304,304,321,321,321,321],"floor_reached":16,"playtime":682,"items_purged":[],"score":106,"play_id":"fe983d16-3709-4892-99e1-364616f41e0c","local_time":"20201217031859","is_ascension_mode":true,"campfire_choices":[{"floor":15,"key":"REST"}],"circlet_count":0,"master_deck":["Strike_G","Strike_G","Strike_G","Strike_G","Strike_G","Defend_G","Defend_G","Defend_G","Defend_G","Defend_G","Survivor","Neutralize","Backstab","Cloak And Dagger+1","Dagger Spray","Quick Slash","Poisoned Stab","Distraction","Poisoned Stab","Acrobatics+1","Replay:Poison Smokescreen"],"relics":["Ring of the Snake","NeowsBlessing","Darkstone Periapt","hubris:MysteriousPyramids","Mercury Hourglass"],"acts_visited":["Exordium"],"potions_floor_usage":[16,16,16],"damage_taken":[{"damage":0,"enemies":"Jaw Worm","floor":1,"turns":1},{"damage":0,"enemies":"2 Louse","floor":2,"turns":1},{"damage":0,"enemies":"Small Slimes","floor":3,"turns":1},{"damage":40,"enemies":"Lagavulin","floor":6,"turns":9},{"damage":0,"enemies":"Looter","floor":7,"turns":2},{"damage":9,"enemies":"Gremlin Gang","floor":8,"turns":4},{"damage":0,"enemies":"Large Slime","floor":11,"turns":4},{"damage":0,"enemies":"Red Slaver","floor":12,"turns":2},{"damage":1,"enemies":"Blue Slaver","floor":14,"turns":2},{"damage":15,"enemies":"Fading Forest","floor":16,"turns":7}],"seed_played":"-2072276035934191885","potions_obtained":[{"floor":2,"key":"Adrenaline Potion"},{"floor":8,"key":"Milkshake"},{"floor":11,"key":"SpeedPotion"}],"is_trial":false,"path_per_floor":["M","M","M","?","?","E","M","M","T","T","M","M","?","M","R","B"],"character_chosen":"THE_SILENT","items_purchased":[],"campfire_rested":1,"item_purchase_floors":[],"current_hp_per_floor":[70,70,70,59,59,19,19,10,10,10,10,10,10,9,30,25,25],"gold":321,"neow_bonus":"THREE_ENEMY_KILL","is_daily":false,"chose_seed":false,"campfire_upgraded":0,"win_rate":0.0,"timestamp":1608193139,"path_taken":["M","M","M","?","?","E","M","M","T","?","M","M","?","M","R","BOSS"],"items_purchased_type":[],"build_version":"2020-12-13","purchased_purges":0,"victory":false,"max_hp_per_floor":[70,70,70,70,70,70,70,70,70,70,70,70,70,70,70,70,70],"card_choices":[{"not_picked":["Backflip","Dodge and Roll"],"picked":"Backstab","floor":1},{"not_picked":["Slice","Choke"],"picked":"Cloak And Dagger","floor":2},{"not_picked":["Underhanded Strike","Flying Knee"],"picked":"Dagger Spray","floor":3},{"not_picked":["hubris:Counter","Catalyst"],"picked":"Quick Slash","floor":6},{"not_picked":["Calculated Gamble","Accuracy"],"picked":"Poisoned Stab","floor":7},{"not_picked":["ReplayTheSpireMod:Exploit Weakness","Quick Slash"],"picked":"Malaise","floor":8},{"not_picked":["ReplayTheSpireMod:Speed Training","Deflect"],"picked":"Distraction","floor":11},{"not_picked":["PiercingWail","Bane"],"picked":"Poisoned Stab","floor":12},{"not_picked":["Dash","Tactician"],"picked":"Replay:Poison Smokescreen","floor":14}],"player_experience":170118,"relics_obtained":[{"floor":6,"key":"Darkstone Periapt"},{"floor":9,"key":"hubris:MysteriousPyramids"},{"floor":10,"key":"Mercury Hourglass"}],"event_choices":[{"damage_healed":0,"gold_gain":75,"player_choice":"Gather Gold","damage_taken":11,"max_hp_gain":0,"max_hp_loss":0,"event_name":"World of Goop","floor":4,"gold_loss":0}],"is_beta":false,"boss_relics":[],"items_purged_floors":[],"is_endless":false,"potions_floor_spawned":[2,8,11,14],"killed_by":"Fading Forest","ascension_level":0}}