{"host":"75dm291x99j0clh1","time":1608235011,"event":{"mods":["BaseMod","Friendly Minions","Lobotomy","Marisa£¨Ùöéë¡¡Øª×âÞÞ£©","Minty Spire (QoL Compilation)","StSLib"],"gold_per_floor":[114,114,289,289,312,312,343,343,343,343,368,368,368,41,41,162,162,178,178,197,21,39,39,39,58,58,74,74,110,110,110,110,110,110],"floor_reached":33,"playtime":1739,"items_purged":["Doubt","Injury"],"score":311,"play_id":"5d5150ab-074d-4d9d-8e7b-98bb0ea1b5bb","local_time":"20201218045651","is_ascension_mode":false,"campfire_choices":[{"data":"MasterSpark","floor":6,"key":"SMITH"},{"data":"BinaryStars","floor":8,"key":"SMITH"},{"data":"SporeBomb","floor":10,"key":"SMITH"},{"data":"UpSweep","floor":12,"key":"SMITH"},{"data":"Strike_MRS","floor":15,"key":"SMITH"},{"floor":23,"key":"REST"},{"floor":28,"key":"REST"},{"floor":32,"key":"REST"}],"circlet_count":0,"master_deck":["Apo_SoulSlash","Apo_Charge","Apo_Charge","Apo_Charge","Apo_Charge","Apo_Beam","Apo_Beam","Apo_Beam","Apo_Execute","Apo_Slash","Apo_Slash","Apo_SoulSlash"],"relics":["MiniHakkero","CogitoBucket","Golden Idol","Vajra","Toxic Egg 2","White Beast Statue","Runic Pyramid","BackwardClock","Molten Egg 2","Pen Nib","Ornamental Fan","ApostleMask","MutagenicStrength"],"acts_visited":["Exordium","TheCity"],"potions_floor_usage":[7,25,27,27,29,30],"damage_taken":[{"damage":1.0,"enemies":"Jaw Worm","floor":1.0,"turns":3.0},{"damage":0,"enemies":"Small Slimes","floor":5,"turns":3},{"damage":23,"enemies":"3 Sentries","floor":7,"turns":9},{"damage":0,"enemies":"2 Louse","floor":11,"turns":2},{"damage":8,"enemies":"Slime Boss","floor":16,"turns":4},{"damage":43,"enemies":"3 Byrds","floor":18,"turns":4},{"damage":5,"enemies":"Chosen","floor":20,"turns":5},{"damage":44,"enemies":"Shelled Parasite and Fungi","floor":22,"turns":5},{"damage":54,"enemies":"Cultist and Chosen","floor":25,"turns":5},{"damage":0,"enemies":"Centurion and Healer","floor":27,"turns":4},{"damage":19,"enemies":"Book of Stabbing","floor":29,"turns":6},{"damage":40,"enemies":"Automaton","floor":33,"turns":4}],"seed_played":"-5780724246802045322","potions_obtained":[{"floor":1,"key":"DistilledChaos"},{"floor":5,"key":"FairyPotion"},{"floor":16,"key":"SmokeBomb"},{"floor":18,"key":"EntropicBrew"},{"floor":20,"key":"EntropicBrew"},{"floor":22,"key":"ColorlessPotion"},{"floor":25,"key":"Dexterity Potion"},{"floor":29,"key":"Block Potion"}],"is_trial":false,"path_per_floor":["M","?","?","?","M","R","E","R","T","R","M","R","?","$","R","B",null,"M","?","M","$","M","R","?","M","T","M","R","E","M","?","R","B"],"character_chosen":"MARISA","items_purchased":["White Beast Statue","PulseMagic+1"],"campfire_rested":3,"item_purchase_floors":[14,21],"current_hp_per_floor":[74,59,59,59,59,59,47,47,47,47,48,48,53,53,53,46,80,39,65,62,62,20,44,44,24,24,26,50,31,33,33,33,0,0],"gold":110,"neow_bonus":"","is_daily":false,"chose_seed":false,"campfire_upgraded":5,"win_rate":0.0,"timestamp":1608235011,"path_taken":["M","?","?","?","M","R","E","R","T","R","M","R","?","$","R","BOSS","M","?","M","$","M","R","?","M","T","M","R","E","M","?","R","BOSS"],"items_purchased_type":["Relic","Card"],"build_version":"2020-12-13","purchased_purges":2,"victory":false,"max_hp_per_floor":[75,75,75,75,75,75,75,75,75,75,75,75,80,80,80,80,80,80,80,80,80,80,80,80,80,80,80,80,80,80,80,80,80,80],"card_choices":[{"not_picked":["MilkyWay","NonDirectionalLaser"],"picked":"SporeBomb","floor":1},{"not_picked":["BigBadWolf","Scorched"],"picked":"FairyFestival","floor":5},{"not_picked":["GalacticHalo","Acceleration","LuminesStrike"],"picked":"SKIP","floor":5},{"not_picked":["Scorched","GalaxyChild"],"picked":"FieryBird","floor":7},{"not_picked":["EarthLightRay","SuperPerseids"],"picked":"BinaryStars","floor":7},{"not_picked":["VoidDream","Bloodbath"],"picked":"OSAHOGD","floor":11},{"not_picked":["MagicChant+1","GalacticHalo+1"],"picked":"AsteroidBelt+1","floor":11},{"not_picked":["ShyLook","OldLady"],"picked":"UniverseFragment","floor":16},{"not_picked":["AbsoluteMagnitude","BlazingStar"],"picked":"TreasureHunter","floor":16},{"not_picked":["BigBadWolf","MeatLantern"],"picked":"SnowQueen","floor":18},{"not_picked":["OrrerysSun","IllusionStar+1"],"picked":"UnstableBomb+1","floor":18},{"not_picked":["EventHorizon","ChargeUpSpray"],"picked":"PropBag+1","floor":20},{"not_picked":["SpiderBud","PunishingBird","MeatLantern"],"picked":"Singing Bowl","floor":20},{"not_picked":["GreedKing","Freischutz"],"picked":"BigBird","floor":20},{"not_picked":["Bloodbath","Variant"],"picked":"BlackSwan","floor":22},{"not_picked":["ChargingUp+1","PowerUp+1"],"picked":"GalacticHalo+1","floor":22},{"not_picked":["Wellcheers","CrumblingArmor","LaLuna"],"picked":"Singing Bowl","floor":25},{"not_picked":["VoidDream","BeautyBeast"],"picked":"NakedNest","floor":25},{"not_picked":["WitchLeyline","MachineGunSpark"],"picked":"JA","floor":25},{"not_picked":["Murderer","CherryBlossoms"],"picked":"Laetitia","floor":27},{"not_picked":["PropBag+1","MysteriousBeam+1"],"picked":"AsteroidBelt+1","floor":27},{"not_picked":["LittlePrince","OldLady"],"picked":"PlagueDoctor","floor":29},{"not_picked":["DoubleSpark+1","EnergyRecoil+1"],"picked":"SprinkleStarSeal+1","floor":29}],"player_experience":571159,"relics_obtained":[{"floor":7,"key":"Vajra"},{"floor":9,"key":"Toxic Egg 2"},{"floor":26,"key":"Molten Egg 2"},{"floor":29,"key":"Pen Nib"}],"event_choices":[{"damage_healed":0,"gold_gain":0,"player_choice":"Entered Light","damage_taken":15,"max_hp_gain":0,"max_hp_loss":0,"event_name":"Shining Light","floor":2,"gold_loss":0,"cards_upgraded":["Defend_MRS","Defend_MRS"]},{"damage_healed":0,"gold_gain":175,"player_choice":"AGREE","damage_taken":0,"max_hp_gain":0,"max_hp_loss":0,"event_name":"Liars Game","floor":3,"gold_loss":0,"cards_obtained":["Doubt"]},{"damage_healed":0,"gold_gain":0,"player_choice":"Take Wound","damage_taken":0,"relics_obtained":["Golden Idol"],"max_hp_gain":0,"max_hp_loss":0,"event_name":"Golden Idol","floor":4,"gold_loss":0,"cards_obtained":["Injury"]},{"damage_healed":0,"gold_gain":0,"player_choice":"Donut","damage_taken":0,"max_hp_gain":5,"max_hp_loss":0,"event_name":"Big Fish","floor":13,"gold_loss":0},{"damage_healed":26,"gold_gain":0,"player_choice":"Heal","damage_taken":0,"max_hp_gain":0,"max_hp_loss":0,"event_name":"The Library","floor":19,"gold_loss":0},{"damage_healed":0,"gold_gain":0,"player_choice":"Simplicity","damage_taken":0,"max_hp_gain":0,"max_hp_loss":0,"event_name":"Back to Basics","floor":24,"gold_loss":0,"cards_upgraded":["Strike_MRS","Strike_MRS","Strike_MRS","Defend_MRS","Defend_MRS"]},{"damage_healed":0,"gold_gain":0,"player_choice":"Inject Mutagens","damage_taken":0,"relics_obtained":["MutagenicStrength"],"max_hp_gain":0,"max_hp_loss":0,"event_name":"Drug Dealer","floor":31,"gold_loss":0}],"is_beta":false,"boss_relics":[{"not_picked":["Sozu","Coffee Dripper"],"picked":"Runic Pyramid"}],"items_purged_floors":[14,21],"is_endless":false,"potions_floor_spawned":[1,5,16,18,20,22,25,27,29],"killed_by":"Automaton","ascension_level":0}}