{"host":"94aus4jnk6thj94q","time":1608237690,"event":{"mods":["BaseMod","Minty Spire (QoL Compilation)","Quick Restart","StSLib"],"gold_per_floor":[216,230,230,64,75,75,95,129,153,153,153,230,230,261,261,359,359,379,390,590,283,298,298,310,310,389,389,403,417,332,351,351,351,351],"floor_reached":33,"playtime":2447,"items_purged":[],"score":282,"play_id":"7359593a-33d2-4e0d-b493-8de70e66ecfa","local_time":"20201217224130","is_ascension_mode":false,"campfire_choices":[{"floor":6,"key":"REST"},{"floor":10,"key":"REST"},{"floor":15,"key":"REST"},{"floor":23,"key":"REST"},{"floor":25,"key":"REST"},{"floor":27,"key":"REST"},{"floor":32,"key":"REST"}],"circlet_count":0,"master_deck":["Strike_B+1","Strike_B","Strike_B","Strike_B","Defend_B","Defend_B","Defend_B","Defend_B","Zap","Dualcast","Doom and Gloom","Ball Lightning","Self Repair","Redo","Blizzard","Doom and Gloom+1","Doom and Gloom","Coolheaded","Parasite","Loop","Cold Snap","Conserve Battery","Doom and Gloom","Self Repair","Blizzard","Genetic Algorithm","Coolheaded","Redo+1","Cold Snap","Ball Lightning","Darkness","Undo+1"],"relics":["Cracked Core","Toy Ornithopter","Juzu Bracelet","Akabeko","Nuclear Battery","Bottled Lightning","Kunai"],"acts_visited":["Exordium","TheCity"],"potions_floor_usage":[8,8,22],"damage_taken":[{"damage":0,"enemies":"Small Slimes","floor":1,"turns":2},{"damage":15,"enemies":"Jaw Worm","floor":2,"turns":4},{"damage":6,"enemies":"Cultist","floor":5,"turns":3},{"damage":1,"enemies":"2 Fungi Beasts","floor":7,"turns":2},{"damage":31,"enemies":"3 Sentries","floor":8,"turns":4},{"damage":26,"enemies":"Lagavulin","floor":14,"turns":5},{"damage":28,"enemies":"Slime Boss","floor":16,"turns":5},{"damage":10,"enemies":"3 Byrds","floor":18,"turns":3},{"damage":18,"enemies":"2 Thieves","floor":19,"turns":3},{"damage":31,"enemies":"Centurion and Healer","floor":22,"turns":7},{"damage":10,"enemies":"3 Cultists","floor":24,"turns":4},{"damage":3,"enemies":"Sentry and Sphere","floor":28,"turns":3},{"damage":8,"enemies":"Chosen and Byrds","floor":29,"turns":5},{"damage":26,"enemies":"Centurion and Healer","floor":31,"turns":6},{"damage":109,"enemies":"Collector","floor":33,"turns":12}],"seed_played":"4570124115084083793","potions_obtained":[{"floor":2,"key":"PotionOfCapacity"},{"floor":5,"key":"LiquidBronze"},{"floor":18,"key":"SteroidPotion"},{"floor":19,"key":"Block Potion"},{"floor":29,"key":"FairyPotion"}],"is_trial":false,"path_per_floor":["M","M","?","$","M","R","M","E","T","R","?","T","?","E","R","B",null,"M","M","?","$","M","R","M","R","T","R","M","M","?","M","R","B"],"character_chosen":"DEFECT","items_purchased":["Self Repair","Redo","Blizzard","Doom and Gloom","Self Repair","Blizzard","Genetic Algorithm","Coolheaded"],"campfire_rested":7,"item_purchase_floors":[4,4,4,21,21,21,21,21],"current_hp_per_floor":[75,60,60,60,61,75,74,43,43,65,75,75,60,41,63,35,75,65,47,47,47,28,50,40,62,62,75,72,71,71,59,75,0,0],"gold":351,"neow_bonus":"HUNDRED_GOLD","is_daily":false,"chose_seed":false,"campfire_upgraded":0,"win_rate":0.0,"timestamp":1608237690,"path_taken":["M","M","?","$","M","R","M","E","T","R","?","?","?","E","R","BOSS","M","M","?","$","M","R","M","R","T","R","M","M","?","M","R","BOSS"],"items_purchased_type":["Card","Card","Card","Card","Card","Card","Card","Card"],"build_version":"2020-12-13","purchased_purges":0,"victory":false,"max_hp_per_floor":[75,75,75,75,75,75,75,75,75,75,75,75,75,75,75,75,75,75,75,75,75,75,75,75,75,75,75,75,75,75,75,75,75,75],"card_choices":[{"not_picked":["Redo","Compile Driver"],"picked":"Doom and Gloom","floor":1},{"not_picked":["Auto Shields","Barrage"],"picked":"Ball Lightning","floor":2},{"not_picked":["Turbo","Go for the Eyes"],"picked":"Doom and Gloom","floor":5},{"not_picked":["Leap","Gash"],"picked":"Doom and Gloom","floor":7},{"not_picked":["Rebound","Streamline"],"picked":"Coolheaded","floor":8},{"not_picked":["Genetic Algorithm","Coolheaded"],"picked":"Loop","floor":14},{"not_picked":["Sweeping Beam+1","Aggregate"],"picked":"Cold Snap","floor":18},{"not_picked":["Sweeping Beam","Reinforced Body"],"picked":"Conserve Battery","floor":19},{"not_picked":["Streamline","Stack"],"picked":"Redo+1","floor":22},{"not_picked":["Amplify","Ball Lightning"],"picked":"Cold Snap","floor":24},{"not_picked":["Barrage","Leap"],"picked":"Ball Lightning","floor":28},{"not_picked":["Multi-Cast","Gash"],"picked":"Darkness","floor":29},{"not_picked":["Coolheaded","Steam+1"],"picked":"Undo+1","floor":31}],"player_experience":5611728,"relics_obtained":[{"floor":8,"key":"Toy Ornithopter"},{"floor":9,"key":"Juzu Bracelet"},{"floor":14,"key":"Akabeko"},{"floor":26,"key":"Bottled Lightning"}],"event_choices":[{"damage_healed":0,"gold_gain":0,"player_choice":"Fled","damage_taken":0,"max_hp_gain":0,"max_hp_loss":0,"event_name":"Scrap Ooze","floor":3,"gold_loss":0},{"damage_healed":18,"gold_gain":0,"player_choice":"Healed and dodged fight","damage_taken":0,"max_hp_gain":0,"max_hp_loss":0,"event_name":"Mushrooms","floor":11,"gold_loss":0,"cards_obtained":["Parasite"]},{"damage_healed":0,"gold_gain":0,"player_choice":"Entered Light","damage_taken":15,"max_hp_gain":0,"max_hp_loss":0,"event_name":"Shining Light","floor":13,"gold_loss":0,"cards_upgraded":["Strike_B","Doom and Gloom"]},{"damage_healed":0,"gold_gain":200,"player_choice":"Gold","damage_taken":0,"max_hp_gain":0,"max_hp_loss":0,"event_name":"Wheel of Change","floor":20,"gold_loss":0},{"damage_healed":0,"gold_gain":0,"player_choice":"Obtained Relic","damage_taken":0,"relics_obtained":["Kunai"],"max_hp_gain":0,"max_hp_loss":0,"event_name":"Addict","floor":30,"gold_loss":85}],"is_beta":false,"boss_relics":[{"not_picked":["Tiny House","SacredBark"],"picked":"Nuclear Battery"}],"items_purged_floors":[],"is_endless":false,"potions_floor_spawned":[2,5,18,19,29],"killed_by":"Collector","ascension_level":0}}