{"host":"og6lam4kt3nibbw0","time":1608192232,"event":{"mods":["AchievementEnabler","BaseMod","Colored Map","DeckTracker","Highlight Path","Keyboard Shortcuts","Minty Spire (QoL Compilation)","Permanent Neow","Quick Restart","StSLib","SuperFastMode"],"gold_per_floor":[12,23,43,59,133,133,58,58,81,6,6,6,6,23,23,94,94,109,159,175,188,198,198,198,198],"floor_reached":24,"playtime":614,"items_purged":["Strike_B"],"score":476,"play_id":"3f94aaf3-a525-4534-bccf-5e530fe6a2c0","local_time":"20201217170352","is_ascension_mode":true,"campfire_choices":[{"data":"Zap","floor":6.0,"key":"SMITH"},{"data":"Dualcast","floor":8.0,"key":"SMITH"},{"data":"Streamline","floor":12.0,"key":"SMITH"},{"data":"Defragment","floor":15.0,"key":"SMITH"},{"floor":23.0,"key":"REST"}],"circlet_count":0,"master_deck":["AscendersBane","Strike_B","Strike_B","Defend_B","Defend_B","Zap+1","Dualcast+1","Hologram","Streamline+1","Heatsinks","Defragment+1","Electrodynamics","Seek","Meteor Strike","Turbo+1","Recycle","Loop"],"relics":["Cracked Core","MealTicket","Runic Pyramid"],"acts_visited":["Exordium","TheCity"],"potions_floor_usage":[24],"damage_taken":[{"damage":7.0,"enemies":"Jaw Worm","floor":1.0,"turns":3.0},{"damage":8.0,"enemies":"Small Slimes","floor":2.0,"turns":4.0},{"damage":1.0,"enemies":"2 Louse","floor":3.0,"turns":2.0},{"damage":9.0,"enemies":"Blue Slaver","floor":4.0,"turns":4.0},{"damage":21.0,"enemies":"Lots of Slimes","floor":14.0,"turns":3.0},{"damage":0.0,"enemies":"Slime Boss","floor":16.0,"turns":5.0},{"damage":22.0,"enemies":"2 Thieves","floor":18.0,"turns":2.0},{"damage":0.0,"enemies":"3 Byrds","floor":20.0,"turns":1.0},{"damage":6.0,"enemies":"Sentry and Sphere","floor":21.0,"turns":3.0},{"damage":18.0,"enemies":"Snecko","floor":22.0,"turns":4.0},{"damage":34,"enemies":"Slavers","floor":24,"turns":2}],"seed_played":"-6553349647969181367","potions_obtained":[{"floor":2.0,"key":"Fire Potion"},{"floor":3.0,"key":"BlessingOfTheForge"},{"floor":16.0,"key":"Fire Potion"}],"is_trial":false,"path_per_floor":["M","M","M","M","?","R","$","R","T","$","?","R","?","M","R","B",null,"M","?","M","M","M","R","E"],"character_chosen":"DEFECT","items_purchased":["Defragment"],"campfire_rested":1,"item_purchase_floors":[7],"current_hp_per_floor":[57,49,48,39,39,39,39,39,39,54,54,54,54,33,33,33,62,40,33,33,27,9,30,0,0],"gold":198,"neow_bonus":"REMOVE_TWO","is_daily":false,"chose_seed":false,"campfire_upgraded":4,"win_rate":0.0,"timestamp":1608192232,"path_taken":["M","M","M","M","?","R","$","R","T","$","?","R","?","M","R","BOSS","M","?","M","M","?","R","E"],"items_purchased_type":["Card"],"build_version":"2020-12-13","purchased_purges":1,"victory":false,"max_hp_per_floor":[71,71,71,71,71,71,71,71,71,71,71,71,71,71,71,71,71,71,71,71,71,71,71,71,71],"card_choices":[{"not_picked":["Barrage","Force Field"],"picked":"Hologram","floor":1.0},{"not_picked":["Turbo","White Noise"],"picked":"Streamline","floor":2.0},{"not_picked":["Gash","Hello World","Rebound"],"picked":"SKIP","floor":3.0},{"not_picked":["Redo","Sweeping Beam"],"picked":"Heatsinks","floor":4.0},{"not_picked":["Barrage","Genetic Algorithm"],"picked":"Seek","floor":14.0},{"not_picked":["Fission","Reboot"],"picked":"Meteor Strike","floor":16.0},{"not_picked":["Gash","Go for the Eyes","Steam"],"picked":"SKIP","floor":18.0},{"not_picked":["Genetic Algorithm","Hello World"],"picked":"Turbo+1","floor":20.0},{"not_picked":["Chaos+1","Compile Driver"],"picked":"Recycle","floor":21.0},{"not_picked":["Go for the Eyes","Leap"],"picked":"Loop","floor":22.0}],"player_experience":784697,"relics_obtained":[{"floor":9.0,"key":"MealTicket"}],"event_choices":[{"damage_healed":0.0,"max_hp_gain":0.0,"max_hp_loss":0.0,"gold_gain":74.0,"event_name":"Golden Wing","player_choice":"Gained Gold","floor":5.0,"gold_loss":0.0,"damage_taken":0.0},{"damage_healed":0.0,"max_hp_gain":0.0,"max_hp_loss":0.0,"gold_gain":0.0,"event_name":"Liars Game","player_choice":"Ignored","floor":11.0,"gold_loss":0.0,"damage_taken":0.0},{"damage_healed":0.0,"max_hp_gain":0.0,"max_hp_loss":0.0,"gold_gain":0.0,"cards_transformed":["Defend_B"],"event_name":"Living Wall","player_choice":"Change","floor":13.0,"gold_loss":0.0,"damage_taken":0.0,"cards_obtained":["Electrodynamics"]},{"damage_healed":0.0,"max_hp_gain":0.0,"max_hp_loss":0.0,"gold_gain":50.0,"event_name":"FaceTrader","player_choice":"Touch","floor":19.0,"gold_loss":0.0,"damage_taken":7.0}],"is_beta":false,"boss_relics":[{"not_picked":["Nuclear Battery","SlaversCollar"],"picked":"Runic Pyramid"}],"items_purged_floors":[10],"is_endless":false,"potions_floor_spawned":[2,3,16],"killed_by":"Slavers","ascension_level":20}}