{"host":"cgaibh95wzkurumv","time":1608165334,"event":{"mods":["BaseMod","Minty Spire (QoL Compilation)","Replay The Spire","StSLib","The Runesmith"],"gold_per_floor":[116,82,96,96,96,109,109,109,133,156,156,197,197,215,215,341,341,365,365,9,30,49,80,99,99,99,99,99,99,120,144,144,263,263,288,308,308,7,7,7,32,32,32,365,365,365,382,402,38,38,38,38],"floor_reached":53,"playtime":4344,"items_purged":["Injury"],"score":902,"play_id":"31ac67c9-be30-4c68-bd5a-57c98e79180a","local_time":"20201216213534","daily_mods":["Draft","Red Cards","Terminal"],"is_ascension_mode":false,"campfire_choices":[{"data":"Runesmith:Firestorm","floor":7,"key":"SMITH"},{"data":"Runesmith:RunicBlueprint","floor":13,"key":"SMITH"},{"data":"Runesmith:FrozenChisel","floor":15,"key":"SMITH"},{"data":"Runesmith:Supernova","floor":25,"key":"SMITH"},{"floor":29,"key":"REST"},{"data":"Runesmith:HeatExchange","floor":32,"key":"SMITH"},{"data":"Runesmith:MetallurgicalResearch","floor":40,"key":"SMITH"},{"data":"Runesmith:OneForEveryone","floor":42,"key":"SMITH"},{"floor":51,"key":"REST"}],"circlet_count":0,"master_deck":["Runesmith:EnergizedChisel","Runesmith:CraftIncendium","Runesmith:RunicBlueprint+1","Runesmith:StaticCage","Runesmith:HeatedChisel","Runesmith:CraftProtectio","Runesmith:EnergizedChisel","Runesmith:HeatedChisel","Runesmith:EarthShield+1","Runesmith:EarthShield+1","Runesmith:CraftSpiculum","Runesmith:CraftMagma","Runesmith:OneForEveryone+1","Runesmith:Permafrost","Runesmith:NegativeSpace","Runesmith:DoubleUp","Runesmith:HammerThrow","Runesmith:Firestorm+1","Runesmith:LightningRod+1","Runesmith:FrozenChisel+1","Runesmith:CraftIndustria","Runesmith:BackupBattery+1","Runesmith:HeatExchange+1","Runesmith:RuneHurl+1","Runesmith:Electrocute","Runesmith:Supernova+1","Runesmith:HeatExchange+1","Runesmith:Grindstone","Runesmith:Prism","Runesmith:MetallurgicalResearch+1","CurseOfTheBell","Runesmith:CraftMagma+1","Runesmith:CraftObretio+1","Runesmith:FissionHammer","Runesmith:Empowerment","Madness","Madness"],"relics":["Juzu Bracelet","Regal Pillow","m_RuneBlood","Blood Vial","Honey Jar","Gremlin Horn","Nunchaku","Replay:Bottled Eggs","Enchiridion","MutagenicStrength","Calling Bell","Vajra","Darkstone Periapt","Counterbalance","Anchor","Runesmith:MiniCore","Calipers"],"acts_visited":["Exordium","TheCity","TheBeyond"],"potions_floor_usage":[16,16,23,52,52,52],"damage_taken":[{"damage":0,"enemies":"Jaw Worm","floor":1,"turns":4},{"damage":0,"enemies":"Cultist","floor":3,"turns":4},{"damage":0,"enemies":"2 Louse","floor":6,"turns":4},{"damage":0,"enemies":"Large Slime","floor":10,"turns":5},{"damage":4,"enemies":"Replay:BlueRogue","floor":12,"turns":7},{"damage":0,"enemies":"Exordium Wildlife","floor":14,"turns":6},{"damage":51,"enemies":"Fading Forest","floor":16,"turns":11},{"damage":0,"enemies":"3 Byrds","floor":18,"turns":4},{"damage":0,"enemies":"Shell Parasite","floor":21,"turns":6},{"damage":0,"enemies":"Snecko","floor":22,"turns":6},{"damage":19,"enemies":"Slavers","floor":23,"turns":7},{"damage":7,"enemies":"Cultist and Chosen","floor":24,"turns":6},{"damage":3,"enemies":"Centurion and Healer","floor":30,"turns":5},{"damage":14,"enemies":"Snake Plant","floor":31,"turns":4},{"damage":5,"enemies":"Pondfish","floor":33,"turns":9},{"damage":0,"enemies":"3 Darklings","floor":35,"turns":5},{"damage":1,"enemies":"Orb Walker","floor":36,"turns":4},{"damage":0,"enemies":"Spire Growth","floor":41,"turns":4},{"damage":14,"enemies":"Jaw Worm Horde","floor":47,"turns":4},{"damage":3,"enemies":"4 Shapes","floor":48,"turns":4},{"damage":0,"enemies":"Time Eater","floor":52,"turns":9}],"seed_played":"-2183624879004805803","potions_obtained":[{"floor":1,"key":"Block Potion"},{"floor":10,"key":"SkillPotion"},{"floor":21,"key":"Toxic Potion"},{"floor":22,"key":"LifebloodPotion"},{"floor":24,"key":"Strength Potion"},{"floor":41,"key":"EssenceOfSteel"}],"is_trial":true,"path_per_floor":["M","$","M","?","?","M","R","?","T","M","?","E","R","M","R","B",null,"M","?","$","M","M","E","M","R","T","?","?","R","M","M","R","B",null,"M","M","?","$","?","R","M","R","T","?","PTL","PTL","M","M","$","?","R","B",null],"character_chosen":"RUNESMITH_CLASS","items_purchased":["Elixir","Gremlin Horn","FairyPotion","Anchor","Runesmith:FissionHammer","Calipers"],"campfire_rested":2,"item_purchase_floors":[2,20,20,38,38,49],"current_hp_per_floor":[68,67,66,65,58,58,58,58,58,58,58,57,56,55,54,16,52,51,50,49,48,47,31,29,29,29,13,13,40,39,28,28,28,35,34,33,32,31,30,29,28,27,26,25,24,23,12,14,14,11,18,17],"gold":38,"neow_bonus":"","is_daily":false,"chose_seed":false,"campfire_upgraded":7,"win_rate":0.0,"timestamp":1608165334,"path_taken":["M","?","M","?","?","M","R","?","T","M","?","E","R","M","R","BOSS","M","?","$","M","M","E","M","R","T","?","?","R","M","M","R","BOSS","M","M","?","$","?","R","M","R","T","?","PTL","PTL","M","M","$","?","R","BOSS"],"items_purchased_type":["Potion","Relic","Potion","Relic","Card","Relic"],"build_version":"2020-12-13","purchased_purges":1,"victory":true,"max_hp_per_floor":[68,67,66,65,64,63,62,61,60,59,58,57,56,55,54,53,52,51,50,49,48,47,46,45,44,43,42,41,40,39,38,37,36,35,34,33,32,31,30,29,28,27,26,25,24,23,22,21,20,19,18,17],"card_choices":[{"not_picked":["Runesmith:Reinforce","Runesmith:LithiumIon"],"picked":"Runesmith:EnergizedChisel","floor":0},{"not_picked":["Runesmith:FieryHammer","Runesmith:Grindstone"],"picked":"Runesmith:CraftIncendium","floor":0},{"not_picked":["Runesmith:ShiftingStrike","Runesmith:PerfectChisel"],"picked":"Runesmith:RunicBlueprint","floor":0},{"not_picked":["Runesmith:ShiftingStrike","Runesmith:Repurpose"],"picked":"Runesmith:StaticCage","floor":0},{"not_picked":["Runesmith:HammerThrow","Runesmith:ChiselStab"],"picked":"Runesmith:HeatedChisel","floor":0},{"not_picked":["Runesmith:MakeshiftArmor","Runesmith:Malloc"],"picked":"Runesmith:CraftProtectio","floor":0},{"not_picked":["Runesmith:UnstableHammer","Runesmith:Malloc"],"picked":"Runesmith:EnergizedChisel","floor":0},{"not_picked":["Runesmith:PoweredAnvil","Runesmith:CraftProtectio"],"picked":"Runesmith:HeatedChisel","floor":0},{"not_picked":["Runesmith:Grindstone","Runesmith:RuneHurl"],"picked":"Runesmith:EarthShield","floor":0},{"not_picked":["Runesmith:FrozenChisel","Runesmith:HammerThrow"],"picked":"Runesmith:EarthShield","floor":0},{"not_picked":["Runesmith:ShiftingStrike","Runesmith:CraftProtectio"],"picked":"Runesmith:CraftSpiculum","floor":0},{"not_picked":["Runesmith:ChiselStab","Runesmith:WhiteBalance"],"picked":"Runesmith:CraftMagma","floor":0},{"not_picked":["Runesmith:HammerThrow","Runesmith:Repurpose"],"picked":"Runesmith:OneForEveryone","floor":0},{"not_picked":["Runesmith:CraftVitae","Runesmith:DoubleUp"],"picked":"Runesmith:Permafrost","floor":0},{"not_picked":["Runesmith:Grindstone","Runesmith:HeatExchange"],"picked":"Runesmith:NegativeSpace","floor":0},{"not_picked":["Runesmith:Repurpose","Runesmith:ShiftingStrike"],"picked":"Runesmith:DoubleUp","floor":1},{"not_picked":["Runesmith:Repurpose","Runesmith:CraftProtectio"],"picked":"Runesmith:HammerThrow","floor":3},{"not_picked":["Runesmith:CraftSpiculum","Runesmith:ChiselStab"],"picked":"Runesmith:Firestorm","floor":6},{"not_picked":["Runesmith:MakeshiftArmor","Runesmith:Overpower","Runesmith:Attraction"],"picked":"SKIP","floor":10},{"not_picked":["Runesmith:NegativeSpace","Runesmith:MakeshiftArmor"],"picked":"Runesmith:LightningRod","floor":12},{"not_picked":["Runesmith:Overpower","Runesmith:Permafrost"],"picked":"Runesmith:FrozenChisel","floor":14},{"not_picked":["Runesmith:ReplicatingBarrier","Runesmith:Supernova"],"picked":"Runesmith:CraftIndustria","floor":16},{"not_picked":["Runesmith:PoweredAnvil+1","Runesmith:HammerThrow","Runesmith:CraftMagma"],"picked":"Runesmith:BackupBattery+1","floor":18},{"not_picked":["Runesmith:Permafrost","Runesmith:CraftReservo+1","Runesmith:StaticCage"],"picked":"Runesmith:RuneHurl+1","floor":21},{"not_picked":["Runesmith:Augment","Runesmith:CraftIncendium","Runesmith:StaticCage"],"picked":"Runesmith:Electrocute","floor":22},{"not_picked":["Runesmith:HammerThrow","Runesmith:Grindstone","Runesmith:CraftMagma"],"picked":"Runesmith:Supernova","floor":23},{"not_picked":["Runesmith:Grindstone","Runesmith:MakeshiftArmor","Runesmith:Overpower"],"picked":"Runesmith:HeatExchange+1","floor":24},{"not_picked":["Runesmith:CraftProtectio","Runesmith:MakeshiftArmor","Runesmith:ShiftingStrike+1"],"picked":"Runesmith:Grindstone","floor":30},{"not_picked":["Runesmith:MakeshiftArmor","Runesmith:HeatedChisel","Runesmith:HammerThrow+1"],"picked":"Runesmith:Prism","floor":31},{"not_picked":["Runesmith:GenerateForcefield","Runesmith:FissionHammer","Runesmith:UnlimitedPower"],"picked":"Runesmith:MetallurgicalResearch","floor":33},{"not_picked":["Runesmith:CraftSpiculum+1","Runesmith:StaticCage","Runesmith:HeatExchange+1"],"picked":"Runesmith:CraftMagma+1","floor":35},{"not_picked":["Runesmith:HammerThrow","Runesmith:Overpower+1","Runesmith:StaticCage+1"],"picked":"Runesmith:CraftObretio+1","floor":36},{"not_picked":["Runesmith:RuneHurl+1","Runesmith:ShiftingStrike+1","Runesmith:StaticCage+1","Runesmith:WhiteBalance"],"picked":"SKIP","floor":41},{"not_picked":["Runesmith:HammerTime+1","Runesmith:ElementalConversion","Runesmith:CraftReservo+1","Runesmith:HammerThrow"],"picked":"SKIP","floor":47},{"not_picked":["Runesmith:RuneHurl+1","Runesmith:FrozenChisel","Runesmith:BackupBattery"],"picked":"Runesmith:Empowerment","floor":48}],"player_experience":227420,"relics_obtained":[{"floor":9,"key":"Regal Pillow"},{"floor":12,"key":"Blood Vial"},{"floor":23,"key":"Nunchaku"},{"floor":26,"key":"Replay:Bottled Eggs"},{"floor":27,"key":"Enchiridion"},{"floor":34,"key":"Vajra"},{"floor":34,"key":"Darkstone Periapt"},{"floor":34,"key":"Counterbalance"},{"floor":43,"key":"Runesmith:MiniCore"}],"event_choices":[{"damage_healed":0,"gold_gain":0,"player_choice":"Ignored","damage_taken":0,"max_hp_gain":0,"max_hp_loss":0,"event_name":"Liars Game","floor":4,"gold_loss":0},{"damage_healed":0,"gold_gain":0,"player_choice":"Success","damage_taken":7,"relics_obtained":["Juzu Bracelet"],"max_hp_gain":0,"max_hp_loss":0,"event_name":"Scrap Ooze","floor":5,"gold_loss":0},{"damage_healed":0,"gold_gain":0,"player_choice":"Take Wound","damage_taken":0,"relics_obtained":["Golden Idol"],"max_hp_gain":0,"max_hp_loss":0,"event_name":"Golden Idol","floor":8,"gold_loss":0,"cards_obtained":["Injury"]},{"damage_healed":0,"gold_gain":0,"player_choice":"Read","damage_taken":0,"max_hp_gain":0,"max_hp_loss":0,"event_name":"The Library","floor":19,"gold_loss":0,"cards_obtained":["Runesmith:HeatExchange"]},{"damage_healed":0,"gold_gain":0,"player_choice":"Obtained Book","damage_taken":16,"max_hp_gain":0,"max_hp_loss":0,"event_name":"Cursed Tome","floor":27,"gold_loss":0},{"damage_healed":0,"gold_gain":0,"player_choice":"Inject Mutagens","damage_taken":0,"relics_obtained":["MutagenicStrength"],"max_hp_gain":0,"max_hp_loss":0,"event_name":"Drug Dealer","floor":28,"gold_loss":0},{"damage_healed":0,"gold_gain":0,"player_choice":"Upgraded","damage_taken":0,"max_hp_gain":0,"max_hp_loss":0,"event_name":"Upgrade Shrine","floor":37,"gold_loss":0,"cards_upgraded":["Runesmith:LightningRod"]},{"damage_healed":0,"gold_gain":0,"player_choice":"Memory 1","damage_taken":0,"max_hp_gain":0,"max_hp_loss":0,"event_name":"SensoryStone","floor":39,"gold_loss":0},{"damage_healed":0,"gold_gain":333,"player_choice":"Gave Idol","damage_taken":0,"max_hp_gain":0,"max_hp_loss":0,"event_name":"The Moai Head","floor":44,"relics_lost":["Golden Idol"],"gold_loss":0},{"damage_healed":0,"gold_gain":0,"player_choice":"Embrace Madness","damage_taken":3,"max_hp_gain":0,"max_hp_loss":0,"event_name":"Winding Halls","floor":50,"gold_loss":0,"cards_obtained":["Madness","Madness"]}],"is_beta":false,"boss_relics":[{"not_picked":["Kintsugi","ReplayTheSpireMod:DimensionalGlitch"],"picked":"Honey Jar"},{"not_picked":["Busted Crown","Runic Dome"],"picked":"Calling Bell"}],"items_purged_floors":[49],"is_endless":false,"potions_floor_spawned":[1,10,12,14,21,22,24,36,41],"ascension_level":0}}