{"host":"4qkvkh7pd9qr2mca","time":1608222878,"event":{"mods":["AchievementEnabler","BaseMod","Colored Map","Colored Powertips","Highlight Path","Minty Spire (QoL Compilation)","Permanent Neow","Quick Restart","StSLib","SuperFastMode"],"gold_per_floor":[59,93,9,9,62,109,147,147,215,288,300,312,383,395,407,519,531,543,480,531,254,295,354,354,413,413,413,451,451,83,140,140,243,243,284,326,336,60,103,157,177,177,177,177,232,232,257,46,46,46,46],"floor_reached":52,"playtime":3410,"items_purged":["Strike_G","Regret"],"score":2122,"play_id":"0271ec6a-c8c1-4fee-b1c7-72dddb534129","local_time":"20201217173438","is_ascension_mode":true,"campfire_choices":[{"floor":8.0,"key":"REST"},{"data":"HandOfGreed","floor":12.0,"key":"SMITH"},{"floor":15.0,"key":"REST"},{"data":"Terror","floor":24.0,"key":"SMITH"},{"data":"Acrobatics","floor":29.0,"key":"SMITH"},{"data":"Bullet Time","floor":32.0,"key":"SMITH"},{"floor":42.0,"key":"REST"},{"data":"Leg Sweep","floor":44.0,"key":"SMITH"},{"floor":46.0,"key":"REST"},{"data":"Phantasmal Killer","floor":49.0,"key":"SMITH"}],"circlet_count":0,"master_deck":["AscendersBane","Strike_G","Strike_G","Strike_G","Defend_G","Defend_G","Defend_G","Defend_G","Defend_G","Survivor","Neutralize","HandOfGreed+1","All Out Attack","PiercingWail","Well Laid Plans","Terror+1","PiercingWail","Backflip","Acrobatics+1","A Thousand Cuts+1","Footwork+1","Well Laid Plans+1","Blade Dance","Noxious Fumes+1","Footwork+1","Footwork+1","Bullet Time+1","Dodge and Roll","Phantasmal Killer+1","Deflect","Cloak And Dagger+1","Leg Sweep+1","Tactician","PiercingWail+1","Accuracy+1","Decay","Panache+1"],"relics":["Ring of the Snake","Bird Faced Urn","Frozen Egg 2","MawBank","Pen Nib","Question Card","Cursed Key","Orrery","PreservedInsect","Bottled Lightning","Gremlin Horn","Paper Crane","Oddly Smooth Stone","Black Star","Kunai","The Specimen","Orichalcum","Unceasing Top","Omamori","Mercury Hourglass","Mango"],"acts_visited":["Exordium","TheCity","TheBeyond"],"potions_floor_usage":[51],"damage_taken":[{"damage":0.0,"enemies":"2 Louse","floor":1.0,"turns":4.0},{"damage":0.0,"enemies":"Cultist","floor":2.0,"turns":4.0},{"damage":5.0,"enemies":"Small Slimes","floor":5.0,"turns":4.0},{"damage":18.0,"enemies":"Lagavulin","floor":6.0,"turns":7.0},{"damage":9.0,"enemies":"Blue Slaver","floor":7.0,"turns":5.0},{"damage":20.0,"enemies":"3 Sentries","floor":10.0,"turns":10.0},{"damage":22.0,"enemies":"Lagavulin","floor":13.0,"turns":8.0},{"damage":33.0,"enemies":"The Guardian","floor":16.0,"turns":16.0},{"damage":1.0,"enemies":"Chosen","floor":18.0,"turns":3.0},{"damage":3.0,"enemies":"3 Byrds","floor":20.0,"turns":4.0},{"damage":4.0,"enemies":"Centurion and Healer","floor":22.0,"turns":6.0},{"damage":15.0,"enemies":"Gremlin Leader","floor":23.0,"turns":6.0},{"damage":9.0,"enemies":"Book of Stabbing","floor":25.0,"turns":7.0},{"damage":0.0,"enemies":"Snake Plant","floor":28.0,"turns":4.0},{"damage":11.0,"enemies":"Gremlin Leader","floor":31.0,"turns":5.0},{"damage":0.0,"enemies":"Automaton","floor":33.0,"turns":11.0},{"damage":17.0,"enemies":"Orb Walker","floor":35.0,"turns":5.0},{"damage":41.0,"enemies":"3 Darklings","floor":36.0,"turns":4.0},{"damage":0.0,"enemies":"Transient","floor":37.0,"turns":6.0},{"damage":0.0,"enemies":"Jaw Worm Horde","floor":39.0,"turns":3.0},{"damage":36.0,"enemies":"Reptomancer","floor":40.0,"turns":7.0},{"damage":6.0,"enemies":"Writhing Mass","floor":41.0,"turns":11.0},{"damage":33.0,"enemies":"Giant Head","floor":45.0,"turns":10.0},{"damage":0.0,"enemies":"Mind Bloom Boss Battle","floor":47.0,"turns":5.0},{"damage":30.0,"enemies":"Donu and Deca","floor":50.0,"turns":13.0},{"damage":27,"enemies":"Awakened One","floor":51,"turns":15}],"seed_played":"152031063225342597","potions_obtained":[{"floor":1.0,"key":"Block Potion"},{"floor":2.0,"key":"SmokeBomb"},{"floor":10.0,"key":"Fruit Juice"},{"floor":22.0,"key":"Fruit Juice"},{"floor":23.0,"key":"Explosive Potion"},{"floor":27.0,"key":"Poison Potion"},{"floor":31.0,"key":"Poison Potion"},{"floor":33.0,"key":"Weak Potion"},{"floor":40.0,"key":"Swift Potion"}],"is_trial":false,"path_per_floor":["M","M","$","?","M","E","M","R","T","E","?","R","E","T","R","B",null,"M","?","M","$","M","E","R","E","T","?","M","R","$","E","R","B",null,"M","M","M","$","M","E","M","R","T","R","E","R","?","$","R","B","B",null],"character_chosen":"THE_SILENT","items_purchased":["Well Laid Plans","Orrery","Noxious Fumes+1","Paper Crane","Kunai","Panache+1"],"campfire_rested":4,"item_purchase_floors":[3,21,21,30,38,48],"current_hp_per_floor":[59,59,59,59,54,36,29,48,48,35,52,52,32,32,53,22,59,62,62,63,63,73,64,64,69,69,69,73,73,73,68,68,73,73,56,27,41,41,49,27,35,56,56,56,39,60,84,84,84,72,63],"gold":46,"neow_bonus":"RANDOM_COLORLESS_2","is_daily":false,"chose_seed":false,"campfire_upgraded":6,"win_rate":0.0,"timestamp":1608222878,"path_taken":["M","M","$","?","M","E","?","R","T","E","?","R","E","?","R","BOSS","M","?","M","$","M","E","R","E","T","?","M","R","$","E","R","BOSS","M","?","M","$","M","E","?","R","T","R","E","R","?","$","R","BOSS","BOSS"],"items_purchased_type":["Card","Relic","Card","Relic","Relic","Card"],"build_version":"2020-12-13","purchased_purges":2,"victory":true,"max_hp_per_floor":[66,66,66,66,66,66,66,66,66,71,71,71,71,71,71,71,71,71,68,68,68,73,73,73,73,73,73,73,73,73,73,73,73,73,73,73,73,73,73,73,73,73,73,73,73,73,87,87,87,87,87],"card_choices":[{"not_picked":["Chrysalis","Thinking Ahead"],"picked":"HandOfGreed","floor":0.0},{"not_picked":["Infinite Blades","Bane"],"picked":"All Out Attack","floor":1.0},{"not_picked":["Accuracy","Sucker Punch"],"picked":"PiercingWail","floor":2.0},{"not_picked":["Sucker Punch","Acrobatics"],"picked":"Terror","floor":5.0},{"not_picked":["Accuracy","Deflect"],"picked":"PiercingWail","floor":6.0},{"not_picked":["Cloak And Dagger","Underhanded Strike"],"picked":"Backflip","floor":7.0},{"not_picked":["Dodge and Roll","Distraction","Riddle With Holes"],"picked":"SKIP","floor":10.0},{"not_picked":["Underhanded Strike","Catalyst"],"picked":"Acrobatics","floor":13.0},{"not_picked":["Venomology","Corpse Explosion","Bullet Time"],"picked":"A Thousand Cuts+1","floor":16.0},{"not_picked":["PiercingWail","Dodge and Roll","Catalyst","Deflect"],"picked":"SKIP","floor":20.0},{"not_picked":["Terror","Dodge and Roll","Dagger Throw"],"picked":"Footwork+1","floor":21.0},{"not_picked":["Bane","Deadly Poison","Dagger Spray"],"picked":"Well Laid Plans+1","floor":21.0},{"not_picked":["Poisoned Stab","Night Terror","Deflect"],"picked":"Blade Dance","floor":21.0},{"not_picked":["Accuracy+1","Bane","Heel Hook"],"picked":"Footwork+1","floor":22.0},{"not_picked":["Choke","PiercingWail","Sucker Punch"],"picked":"Footwork+1","floor":23.0},{"not_picked":["PiercingWail","Blade Dance","Backflip+1","Bullet Time"],"picked":"SKIP","floor":25.0},{"not_picked":["PiercingWail","Blade Dance","Backflip+1"],"picked":"Bullet Time","floor":25.0},{"not_picked":["PiercingWail","Dagger Spray","Predator"],"picked":"Dodge and Roll","floor":28.0},{"not_picked":["Bouncing Flask","Deadly Poison","Skewer","Well Laid Plans+1"],"picked":"SKIP","floor":31.0},{"not_picked":["Bullet Time","Grand Finale","Storm of Steel"],"picked":"Phantasmal Killer","floor":33.0},{"not_picked":["PiercingWail","Quick Slash","Backflip"],"picked":"Deflect","floor":35.0},{"not_picked":["Deflect","Glass Knife","Dagger Spray"],"picked":"Cloak And Dagger+1","floor":36.0},{"not_picked":["PiercingWail","Deadly Poison","Dagger Throw"],"picked":"Leg Sweep","floor":37.0},{"not_picked":["PiercingWail+1","Dagger Throw+1","Catalyst"],"picked":"Tactician","floor":39.0},{"not_picked":["Catalyst","Deadly Poison","Sucker Punch"],"picked":"PiercingWail+1","floor":40.0},{"not_picked":["Noxious Fumes+1","Prepared","Doppelganger"],"picked":"Accuracy+1","floor":41.0},{"not_picked":["Riddle With Holes","Predator","Bouncing Flask","Quick Slash+1"],"picked":"SKIP","floor":45.0}],"player_experience":438621,"relics_obtained":[{"floor":6.0,"key":"Bird Faced Urn"},{"floor":9.0,"key":"Frozen Egg 2"},{"floor":10.0,"key":"MawBank"},{"floor":13.0,"key":"Pen Nib"},{"floor":14.0,"key":"Question Card"},{"floor":23.0,"key":"PreservedInsect"},{"floor":25.0,"key":"Bottled Lightning"},{"floor":26.0,"key":"Gremlin Horn"},{"floor":31.0,"key":"Oddly Smooth Stone"},{"floor":40.0,"key":"The Specimen"},{"floor":40.0,"key":"Orichalcum"},{"floor":43.0,"key":"Unceasing Top"},{"floor":45.0,"key":"Omamori"},{"floor":45.0,"key":"Mercury Hourglass"},{"floor":47.0,"key":"Mango"}],"event_choices":[{"cards_removed":["Strike_G"],"damage_healed":0.0,"max_hp_gain":0.0,"max_hp_loss":0.0,"gold_gain":0.0,"event_name":"Purifier","player_choice":"Purged","floor":4.0,"gold_loss":0.0,"damage_taken":0.0},{"damage_healed":17.0,"max_hp_gain":0.0,"max_hp_loss":0.0,"gold_gain":0.0,"event_name":"Mushrooms","player_choice":"Healed and dodged fight","floor":11.0,"gold_loss":0.0,"damage_taken":0.0,"cards_obtained":["Parasite"]},{"cards_removed":["Parasite"],"damage_healed":0.0,"max_hp_gain":0.0,"max_hp_loss":0.0,"gold_gain":0.0,"event_name":"Beggar","player_choice":"Gave Gold","floor":19.0,"gold_loss":75.0,"damage_taken":0.0},{"damage_healed":0.0,"max_hp_gain":0.0,"max_hp_loss":0.0,"gold_gain":0.0,"event_name":"Lab","player_choice":"Got Potions","floor":27.0,"gold_loss":0.0,"damage_taken":0.0},{"damage_healed":0.0,"max_hp_gain":0.0,"max_hp_loss":0.0,"gold_gain":0.0,"event_name":"MindBloom","player_choice":"Fight","floor":47.0,"gold_loss":0.0,"damage_taken":0.0}],"is_beta":false,"boss_relics":[{"not_picked":["Tiny House","HoveringKite"],"picked":"Cursed Key"},{"not_picked":["Velvet Choker","Runic Pyramid"],"picked":"Black Star"}],"items_purged_floors":[21,30],"is_endless":false,"potions_floor_spawned":[1,2,10,22,23,31,33,35,40,41,45],"ascension_level":20}}