{"host":"fvsruk02bthdqpa4","time":1608166501,"event":{"mods":["AchievementEnabler","Aspiration","BaseMod","Colored Map","Colored Powertips","Conspire","Energized Spire","Hubris","Minty Spire (QoL Compilation)","Quick Restart","Replay The Spire","Shop Mod","StSLib","SuperFastMode","The Blue Laboratory","The Runesmith"],"gold_per_floor":[112,122,46,63,81,81,94,94,119,119,44,73,73,90,90,186,186,201,189,2,2,2,2,2],"floor_reached":23,"playtime":2707,"items_purged":["Runesmith:Defend_RS","Runesmith:Strike_RS"],"score":201,"play_id":"43794e60-51cd-4a99-ba1b-72d40f8e7642","local_time":"20201216195501","is_ascension_mode":true,"campfire_choices":[{"data":"Runesmith:Grindstone","floor":6,"key":"SMITH"},{"data":"Runesmith:Supernova","floor":8,"key":"SMITH"},{"data":"Runesmith:LithiumIon","floor":10,"key":"SMITH"},{"floor":15,"key":"REST"}],"circlet_count":0,"master_deck":["Runesmith:Strike_RS","Runesmith:Strike_RS","Runesmith:Strike_RS","Runesmith:Defend_RS","Runesmith:Defend_RS","Runesmith:Defend_RS","Runesmith:CraftFirestone+1","Runesmith:Fortify+1","Runesmith:Grindstone+1","Runesmith:HeatedChisel","Runesmith:LithiumIon+1","Runesmith:CraftProtectio","Runesmith:Supernova+1","Runesmith:CraftVitae","Runesmith:CraftMedicinae","Runesmith:PoweredAnvil"],"relics":["Runesmith:BrokenRuby","Strawberry","Blood Vial","energizedSpire:MagnifyingGlass"],"acts_visited":["Exordium","TheCity"],"potions_floor_usage":[7,16,16,16,23,23],"damage_taken":[{"damage":0,"enemies":"Cultist","floor":1,"turns":3},{"damage":0,"enemies":"Small Slimes","floor":2,"turns":4},{"damage":7,"enemies":"Jaw Worm","floor":4,"turns":5},{"damage":18,"enemies":"Looter","floor":5,"turns":4},{"damage":4,"enemies":"Large Slime","floor":7,"turns":6},{"damage":16,"enemies":"3 Sentries","floor":12,"turns":7},{"damage":6,"enemies":"3 Louse","floor":14,"turns":4},{"damage":35,"enemies":"Hexaghost","floor":16,"turns":9},{"damage":5,"enemies":"Shell Parasite","floor":18,"turns":6},{"damage":22,"enemies":"2 Thieves","floor":19,"turns":4},{"damage":59,"enemies":"Gremlin Leader","floor":23,"turns":8}],"seed_played":"-5267480462525595654","potions_obtained":[{"floor":1,"key":"blueLaboratory:Moonshine"},{"floor":2,"key":"Block Potion"},{"floor":4,"key":"Milkshake"},{"floor":7,"key":"Toxic Potion"},{"floor":19,"key":"SkillPotion"}],"is_trial":false,"path_per_floor":["M","M","$","M","M","R","M","R","T","R","$","E","?","M","R","B",null,"M","M","$","?","?","E"],"character_chosen":"RUNESMITH_CLASS","items_purchased":["Runesmith:LithiumIon","Runesmith:PoweredAnvil","AttackPotion"],"campfire_rested":1,"item_purchase_floors":[3,20,20],"current_hp_per_floor":[70,70,70,63,45,45,41,41,48,48,48,32,32,28,51,18,77,72,52,52,52,52,0,0],"gold":2,"neow_bonus":"UPGRADE_CARD","is_daily":false,"chose_seed":false,"campfire_upgraded":3,"win_rate":0.0,"timestamp":1608166501,"path_taken":["M","M","$","?","M","R","M","R","T","R","$","E","?","M","R","BOSS","M","M","$","?","?","E"],"items_purchased_type":["Card","Card","Potion"],"build_version":"2020-12-13","purchased_purges":2,"victory":false,"max_hp_per_floor":[70,70,70,70,70,70,70,70,77,77,77,77,77,77,77,77,77,77,77,77,77,77,77,77],"card_choices":[{"not_picked":["Runesmith:CraftIncendium","Runesmith:Accelerate"],"picked":"Runesmith:Grindstone","floor":1},{"not_picked":["Runesmith:HeatExchange","Runesmith:UnstableHammer"],"picked":"Runesmith:HeatedChisel","floor":2},{"not_picked":["Runesmith:UnstableHammer","Runesmith:HammerThrow"],"picked":"Runesmith:CraftProtectio","floor":4},{"not_picked":["Runesmith:BackupBattery","Runesmith:HeatedChisel"],"picked":"Runesmith:Supernova","floor":5},{"not_picked":["Runesmith:MakeshiftArmor","Runesmith:UnstableHammer","Runesmith:HeatExchange"],"picked":"SKIP","floor":7},{"not_picked":["Runesmith:Augment","Runesmith:GoWithTheFlow"],"picked":"Runesmith:CraftVitae","floor":12},{"not_picked":["Runesmith:Discharge","Runesmith:Augment","Runesmith:HeatedChisel"],"picked":"SKIP","floor":14},{"not_picked":["Runesmith:ReplicatingBarrier","Runesmith:Supernova"],"picked":"Runesmith:CraftMedicinae","floor":16},{"not_picked":["Runesmith:Attraction","Runesmith:HammerAndChisel","Runesmith:ShiftingStrike"],"picked":"SKIP","floor":18},{"not_picked":["Runesmith:RuneHurl","Runesmith:HammerAndChisel","Runesmith:Accelerate"],"picked":"SKIP","floor":19}],"player_experience":384197,"relics_obtained":[{"floor":9,"key":"Strawberry"},{"floor":12,"key":"Blood Vial"}],"event_choices":[{"damage_healed":0,"gold_gain":0,"player_choice":"Leave","damage_taken":0,"max_hp_gain":0,"max_hp_loss":0,"event_name":"conspire:Investor","floor":21,"gold_loss":0},{"damage_healed":0,"gold_gain":0,"player_choice":"Ignored","damage_taken":0,"max_hp_gain":0,"max_hp_loss":0,"event_name":"Ghosts","floor":22,"gold_loss":0}],"is_beta":false,"boss_relics":[{"not_picked":["conspire:SpecialSausage","Runic Pyramid"],"picked":"energizedSpire:MagnifyingGlass"}],"items_purged_floors":[11,20],"is_endless":false,"potions_floor_spawned":[1,2,4,7,14,19],"killed_by":"Gremlin Leader","ascension_level":1}}