{"host":"xyexbe31ku0ov20l","time":1608204008,"event":{"mods":["AchievementEnabler","AlwaysNeverKeys","BaseMod","Bestiary","Block Reminder","Colored Map","Colored Powertips","Curses Come First","Displayed Cursed Tome","Minty Spire (QoL Compilation)","Permanent Neow","Quick Restart","Random Character Button","Rare Cards Sparkle","Relic Stats","StSLib"],"gold_per_floor":[364,364,329,343,1,32,32,32,32,65,65,78,28,41,41,41,41],"floor_reached":16,"playtime":791,"items_purged":["Decay"],"score":211,"play_id":"44b860d4-7846-4137-9699-619610ac5b3b","local_time":"20201217032008","is_ascension_mode":true,"campfire_choices":[{"floor":7,"key":"REST"},{"data":"Wraith Form v2","floor":11,"key":"SMITH"},{"floor":15,"key":"REST"}],"circlet_count":0,"master_deck":["AscendersBane","Strike_G","Strike_G","Strike_G","Strike_G","Strike_G","Defend_G","Defend_G","Defend_G","Defend_G","Defend_G","Survivor+1","Neutralize+1","Backflip","Acrobatics","Underhanded Strike+1","Wraith Form v2+1","Choke+1","Eviscerate+1"],"relics":["Ring of the Snake","PreservedInsect","Toolbox","Molten Egg 2","FaceOfCleric","Bottled Flame","Smiling Mask"],"acts_visited":["Exordium"],"potions_floor_usage":[6,16],"damage_taken":[{"damage":14,"enemies":"Cultist","floor":1,"turns":6},{"damage":0,"enemies":"Jaw Worm","floor":4,"turns":6},{"damage":7,"enemies":"3 Sentries","floor":6,"turns":3},{"damage":12,"enemies":"Lagavulin","floor":10,"turns":10},{"damage":2,"enemies":"2 Louse","floor":12,"turns":4},{"damage":16,"enemies":"Gremlin Gang","floor":14,"turns":4},{"damage":55,"enemies":"Slime Boss","floor":16,"turns":12}],"seed_played":"6554272083121937415","potions_obtained":[{"floor":1,"key":"SpeedPotion"},{"floor":10,"key":"SteroidPotion"},{"floor":14,"key":"SpeedPotion"}],"is_trial":false,"path_per_floor":["M","?","?","M","$","E","R","?","T","E","R","M","$","M","R","B"],"character_chosen":"THE_SILENT","items_purchased":["PreservedInsect","Toolbox"],"campfire_rested":2,"item_purchase_floors":[5,5],"current_hp_per_floor":[45,25,41,41,41,34,53,53,53,42,42,41,41,26,46,0,0],"gold":41,"neow_bonus":"TWO_FIFTY_GOLD","is_daily":false,"chose_seed":false,"campfire_upgraded":1,"win_rate":0.0,"timestamp":1608204008,"path_taken":["M","?","?","M","$","E","R","?","T","E","R","?","?","M","R","BOSS"],"items_purchased_type":["Relic","Relic"],"build_version":"2020-12-13","purchased_purges":1,"victory":false,"max_hp_per_floor":[66,66,66,66,66,66,66,66,66,67,67,68,68,69,69,69,69],"relic_stats":{"FaceOfCleric":3,"counters":[7,45],"PreservedInsect":61,"Smiling Mask":25,"obtain_stats":[{"Bottled Flame":9,"FaceOfCleric":8,"Toolbox":5,"Molten Egg 2":6,"PreservedInsect":5,"Smiling Mask":10,"Ring of the Snake":0},{"Bottled Flame":3,"FaceOfCleric":3,"Toolbox":2,"Molten Egg 2":3,"PreservedInsect":2,"Smiling Mask":4,"Ring of the Snake":0},{"Bottled Flame":15,"FaceOfCleric":15,"Toolbox":12,"Molten Egg 2":15,"PreservedInsect":12,"Smiling Mask":25,"Ring of the Snake":0}],"Ring of the Snake":[14]},"card_choices":[{"not_picked":["Heel Hook","Cloak And Dagger"],"picked":"Backflip","floor":1},{"not_picked":["Leg Sweep","Dagger Spray"],"picked":"Acrobatics","floor":4},{"not_picked":["Slice+1","PiercingWail"],"picked":"Underhanded Strike+1","floor":6},{"not_picked":["Calculated Gamble","Deflect"],"picked":"Wraith Form v2","floor":10},{"not_picked":["Backflip","Quick Slash+1"],"picked":"Choke+1","floor":12},{"not_picked":["Blade Dance","Caltrops"],"picked":"Eviscerate+1","floor":14}],"player_experience":2210660,"relics_obtained":[{"floor":6,"key":"Molten Egg 2"},{"floor":9,"key":"Bottled Flame"},{"floor":10,"key":"Smiling Mask"}],"event_choices":[{"damage_healed":0,"gold_gain":0,"player_choice":"Entered Light","damage_taken":20,"max_hp_gain":0,"max_hp_loss":0,"event_name":"Shining Light","floor":2,"gold_loss":0,"cards_upgraded":["Survivor","Neutralize"]},{"damage_healed":16,"gold_gain":0,"player_choice":"Healed","damage_taken":0,"max_hp_gain":0,"max_hp_loss":0,"event_name":"The Cleric","floor":3,"gold_loss":35},{"damage_healed":0,"gold_gain":0,"player_choice":"Trade","damage_taken":0,"relics_obtained":["FaceOfCleric"],"max_hp_gain":0,"max_hp_loss":0,"event_name":"FaceTrader","floor":8,"gold_loss":0}],"is_beta":false,"boss_relics":[],"items_purged_floors":[13],"is_endless":false,"potions_floor_spawned":[1,10,14],"killed_by":"Slime Boss","ascension_level":19}}