{"host":"hz7oro4zaett5eh9","time":1608211236,"event":{"mods":["BaseMod","Hermit","Hubris","Marisa????????","Minty Spire (QoL Compilation)","StSLib","The Bladedancer","The Construct","The Cursed","The Disciple","The Hierophant","The Mystic","The Necromancer","The Runesmith","The Servant 0.9.4"],"gold_per_floor":[119,138,138,0,18,18,38,38,88,103,103,134,59,77,77,172,172,184,111,137,87,73,103,103,142,167,167,167,167,194,150,150,259,259,270,288,133,154,154,188,212,212,212],"floor_reached":42,"playtime":4887,"items_purged":[],"score":516,"play_id":"5dcc19b6-9195-4329-b516-dd6a5a6a0760","local_time":"20201217132036","is_ascension_mode":true,"campfire_choices":[{"floor":6.0,"key":"REST"},{"floor":8.0,"key":"REST"},{"floor":11.0,"key":"REST"},{"data":"SurpressingFire","floor":15.0,"key":"SMITH"},{"floor":24.0,"key":"REST"},{"data":"SurpressingFire","floor":29.0,"key":"SMITH"},{"floor":32.0,"key":"REST"}],"circlet_count":0,"master_deck":["Strike_S","Strike_S","Strike_S","Defend_S","Defend_S","Defend_S","KidneyShot","Exchange","Defy","SurpressingFire+1","Moonlight","Barrier","Misdirection","Ricochet","Starlight","GearUp","GearUp","KillingDoll","CurseOfTheBell","SurpressingFire+1","Rearm","Defy","Embodiment","SurpressingFire","Rearm","TheWorld","hubris:EnhanceAbility","FanOfKnives+1","GearUp+1","Starlight+1"],"relics":["Uniform","Tiny Chest","Pen Nib","Centennial Puzzle","Calling Bell","hubris:OldNail","Pear","Gambling Chip","Vajra","Bag of Preparation","CeramicFish","Anchor","hubris:ScarierMask","Peace Pipe"],"acts_visited":["Exordium","TheCity","TheBeyond"],"potions_floor_usage":[40,40,40,42],"damage_taken":[{"damage":0.0,"enemies":"Cultist","floor":1.0,"turns":3.0},{"damage":11.0,"enemies":"Jaw Worm","floor":2.0,"turns":7.0},{"damage":3.0,"enemies":"Small Slimes","floor":5.0,"turns":4.0},{"damage":2.0,"enemies":"Gremlin Gang","floor":7.0,"turns":8.0},{"damage":19.0,"enemies":"Exordium Wildlife","floor":10.0,"turns":6.0},{"damage":0.0,"enemies":"Lagavulin","floor":12.0,"turns":7.0},{"damage":1.0,"enemies":"Blue Slaver","floor":14.0,"turns":4.0},{"damage":15.0,"enemies":"The Guardian","floor":16.0,"turns":13.0},{"damage":8.0,"enemies":"3 Byrds","floor":18.0,"turns":7.0},{"damage":18.0,"enemies":"2 Thieves","floor":22.0,"turns":4.0},{"damage":11.0,"enemies":"Book of Stabbing","floor":23.0,"turns":7.0},{"damage":17.0,"enemies":"Slavers","floor":25.0,"turns":5.0},{"damage":2.0,"enemies":"Colosseum Slavers","floor":28.0,"turns":5.0},{"damage":1.0,"enemies":"Shelled Parasite and Fungi","floor":30.0,"turns":6.0},{"damage":6.0,"enemies":"Champ","floor":33.0,"turns":22.0},{"damage":3.0,"enemies":"3 Shapes","floor":35.0,"turns":6.0},{"damage":6.0,"enemies":"Orb Walker","floor":36.0,"turns":5.0},{"damage":13.0,"enemies":"4 Shapes","floor":38.0,"turns":6.0},{"damage":18,"enemies":"Reptomancer","floor":40,"turns":9},{"damage":14,"enemies":"Maw","floor":41,"turns":10},{"damage":44,"enemies":"Giant Head","floor":42,"turns":12}],"seed_played":"503684553821632707","potions_obtained":[{"floor":2.0,"key":"FearPotion"},{"floor":5.0,"key":"AttackPotion"},{"floor":10.0,"key":"Dexterity Potion"},{"floor":12.0,"key":"DistilledChaos"},{"floor":14.0,"key":"Strength Potion"},{"floor":16.0,"key":"Swift Potion"},{"floor":30.0,"key":"SkillPotion"},{"floor":33.0,"key":"Swift Potion"},{"floor":38,"key":"Energy Potion"},{"floor":41,"key":"SkillPotion"}],"is_trial":false,"path_per_floor":["M","M","?","$","M","R","M","R","T","M","R","E","$","M","R","B",null,"M","$","T","$","M","E","R","E","T","?","?","R","M","$","R","B",null,"M","M","$","M","?","E","M","E"],"character_chosen":"THE_SERVANT","items_purchased":["Moonlight","WasteNot","GearUp","SurpressingFire","Rearm","Rearm","hubris:EnhanceAbility"],"campfire_rested":5,"item_purchase_floors":[4,4,13,19,21,31,37],"current_hp_per_floor":[47,36,24,24,21,40,38,57,57,38,57,57,57,56,56,41,75,67,67,67,67,49,38,60,43,43,43,41,41,40,40,62,56,75,72,66,66,53,75,57,43,0,0],"gold":212,"neow_bonus":"REMOVE_TWO","is_daily":false,"chose_seed":false,"campfire_upgraded":2,"win_rate":0.0,"timestamp":1608211236,"path_taken":["M","M","?","?","?","R","M","R","T","?","R","E","$","M","R","BOSS","M","$","?","$","M","E","R","E","T","?","?","R","M","$","R","BOSS","M","M","$","M","?","E","M","E"],"items_purchased_type":["Card","Card","Card","Card","Card","Card","Card"],"build_version":"2020-12-13","purchased_purges":0,"victory":false,"max_hp_per_floor":[65,65,65,65,65,65,65,65,65,65,65,65,65,65,65,65,75,75,75,75,75,75,75,75,75,75,75,75,75,75,75,75,75,75,75,75,75,75,75,75,75,75,75],"card_choices":[{"not_picked":["BestPractice","Rearm"],"picked":"Defy","floor":1.0},{"not_picked":["DoubleEdge","Barrier"],"picked":"SurpressingFire","floor":2.0},{"not_picked":["BottledTime","StarChef"],"picked":"Barrier","floor":5.0},{"not_picked":["Initiator","DoubleEdge"],"picked":"Misdirection","floor":7.0},{"not_picked":["DoubleEdge","WasteNot"],"picked":"Ricochet","floor":10.0},{"not_picked":["DoubleEdge","Contraction"],"picked":"Starlight","floor":12.0},{"not_picked":["ForgedInTime","Spin"],"picked":"GearUp","floor":14.0},{"not_picked":["Deny","FlawlessForm"],"picked":"KillingDoll","floor":16.0},{"not_picked":["MoonPhase","BestPractice","TimeWarp"],"picked":"SKIP","floor":18.0},{"not_picked":["BottledTime","Spin","Potential+1"],"picked":"SKIP","floor":22.0},{"not_picked":["Ricochet","Snipe"],"picked":"Defy","floor":23.0},{"not_picked":["Read","FastForward"],"picked":"Embodiment","floor":25.0},{"not_picked":["TimeWarp+1","Unruled+1"],"picked":"SurpressingFire","floor":30.0},{"not_picked":["ForgedInTime","PendulumOfEternity"],"picked":"TheWorld","floor":33.0},{"not_picked":["TimeWarp","Rewind","Replace+1"],"picked":"SKIP","floor":35.0},{"not_picked":["Unruled","Ricochet","Defy"],"picked":"SKIP","floor":36.0},{"not_picked":["Starlight+1","Snipe+1"],"picked":"FanOfKnives+1","floor":38},{"not_picked":["Snipe+1","BottledTime+1"],"picked":"GearUp+1","floor":40},{"not_picked":["Defy","Replace"],"picked":"Starlight+1","floor":41}],"player_experience":630148,"relics_obtained":[{"floor":9.0,"key":"Pen Nib"},{"floor":12.0,"key":"Centennial Puzzle"},{"floor":17.0,"key":"hubris:OldNail"},{"floor":17.0,"key":"Pear"},{"floor":17.0,"key":"Gambling Chip"},{"floor":20.0,"key":"Vajra"},{"floor":23.0,"key":"Bag of Preparation"},{"floor":25.0,"key":"CeramicFish"},{"floor":40,"key":"Peace Pipe"}],"event_choices":[{"damage_healed":0.0,"max_hp_gain":0.0,"max_hp_loss":0.0,"gold_gain":0.0,"event_name":"Scrap Ooze","player_choice":"Success","floor":3.0,"gold_loss":0.0,"damage_taken":12.0,"relics_obtained":["Tiny Chest"]},{"damage_healed":0.0,"max_hp_gain":0.0,"max_hp_loss":0.0,"gold_gain":0.0,"event_name":"The Mausoleum","player_choice":"Opened","floor":27.0,"gold_loss":0.0,"damage_taken":0.0,"relics_obtained":["Anchor"]},{"damage_healed":0.0,"max_hp_gain":0.0,"max_hp_loss":0.0,"gold_gain":0.0,"event_name":"Colosseum","player_choice":"Fight","floor":28.0,"gold_loss":0.0,"damage_taken":0.0},{"damage_healed":0.0,"max_hp_gain":0.0,"max_hp_loss":0.0,"gold_gain":0.0,"event_name":"Colosseum","player_choice":"Fled From Nobs","floor":28.0,"gold_loss":0.0,"damage_taken":0.0},{"cards_removed":["WasteNot"],"damage_healed":22,"gold_gain":0,"player_choice":"Offered Uncommon","damage_taken":0,"max_hp_gain":0,"max_hp_loss":0,"event_name":"Bonfire Elementals","floor":39,"gold_loss":0}],"is_beta":false,"boss_relics":[{"not_picked":["Astrolabe","Snecko Eye"],"picked":"Calling Bell"},{"not_picked":["MysterySword","hubris:RunicObelisk"],"picked":"hubris:ScarierMask"}],"items_purged_floors":[],"is_endless":false,"potions_floor_spawned":[2,5,10,12,14,16,22,28,30,33,38,41],"killed_by":"Giant Head","ascension_level":1}}