{"host":"vtakxgab1vu2j1nx","time":1608225624,"event":{"mods":["AchievementEnabler","BaseMod","Colored Map","Minty Spire (QoL Compilation)","Quick Restart","SuperFastMode"],"gold_per_floor":[111,111,36,47,64,64,99,118,142,171,214,214,214,249,249,362,362,378,395,404,2,2,2,2],"floor_reached":23,"playtime":502,"items_purged":["Writhe","Writhe"],"score":318,"play_id":"ad4971b7-7542-43b0-b611-3dc3be36d0d7","local_time":"20201217122024","is_ascension_mode":true,"campfire_choices":[{"data":"Apotheosis","floor":6,"key":"SMITH"},{"floor":13,"key":"REST"},{"floor":15,"key":"RECALL"}],"circlet_count":0,"master_deck":["AscendersBane","Strike_R","Strike_R","Strike_R","Strike_R","Strike_R","Defend_R","Defend_R","Defend_R","Defend_R","Bash","Apotheosis+1","Headbutt","Perfected Strike+1","Flex","Shockwave","Infernal Blade","Twin Strike","Thunderclap","Cleave","Reaper"],"relics":["Burning Blood","CeramicFish","Orichalcum","Juzu Bracelet","Odd Mushroom","Runic Pyramid","Frozen Egg 2","Torii","Nilry\u0027s Codex"],"acts_visited":["Exordium","TheCity"],"potions_floor_usage":[7,7,19],"damage_taken":[{"damage":16,"enemies":"Jaw Worm","floor":1,"turns":4},{"damage":10,"enemies":"Small Slimes","floor":4,"turns":3},{"damage":7,"enemies":"2 Louse","floor":5,"turns":2},{"damage":19,"enemies":"Gremlin Nob","floor":7,"turns":4},{"damage":12,"enemies":"Looter","floor":8,"turns":3},{"damage":6,"enemies":"3 Louse","floor":10,"turns":2},{"damage":26,"enemies":"Lagavulin","floor":11,"turns":6},{"damage":6,"enemies":"The Mushroom Lair","floor":14,"turns":4},{"damage":4,"enemies":"Hexaghost","floor":16,"turns":7},{"damage":26,"enemies":"2 Thieves","floor":18,"turns":4},{"damage":33,"enemies":"3 Byrds","floor":19,"turns":6},{"damage":22,"enemies":"Slavers","floor":23,"turns":2}],"seed_played":"5214056695215091634","potions_obtained":[{"floor":4,"key":"DuplicationPotion"},{"floor":5,"key":"DistilledChaos"},{"floor":18,"key":"Weak Potion"}],"is_trial":false,"path_per_floor":["M","?","$","M","M","R","E","M","T","M","E","?","R","?","R","B",null,"M","M","?","$","?","E"],"character_chosen":"IRONCLAD","items_purchased":["Torii"],"campfire_rested":1,"item_purchase_floors":[21],"current_hp_per_floor":[62,62,62,58,57,57,44,38,38,38,18,18,42,42,42,44,71,65,51,51,51,35,13,13],"gold":2,"neow_bonus":"RANDOM_COLORLESS_2","is_daily":false,"chose_seed":false,"campfire_upgraded":1,"win_rate":0.0,"timestamp":1608225624,"path_taken":["M","?","$","M","M","R","E","M","T","M","E","?","R","?","R","BOSS","M","M","?","$","?","E"],"items_purchased_type":["Relic"],"build_version":"2020-12-13","purchased_purges":2,"victory":false,"max_hp_per_floor":[80,80,80,80,80,80,80,80,80,80,80,80,80,80,80,80,80,80,80,80,80,80,80,80],"card_choices":[{"not_picked":["Thinking Ahead","Secret Weapon"],"picked":"Apotheosis","floor":0},{"not_picked":["Warcry","Pummel"],"picked":"Headbutt","floor":1},{"not_picked":["Havoc","Feel No Pain"],"picked":"Perfected Strike","floor":4},{"not_picked":["Anger","Havoc"],"picked":"Flex","floor":5},{"not_picked":["True Grit","Hemokinesis"],"picked":"Shockwave","floor":7},{"not_picked":["Intimidate","Havoc"],"picked":"Infernal Blade","floor":8},{"not_picked":["Sword Boomerang","Sentinel"],"picked":"Twin Strike","floor":10},{"not_picked":["Body Slam","Pommel Strike"],"picked":"Thunderclap","floor":11},{"not_picked":["Entrench","Ghostly Armor"],"picked":"Cleave","floor":14},{"not_picked":["Barricade","Impervious"],"picked":"Reaper","floor":16},{"not_picked":["Clothesline+1","Warcry","Thunderclap"],"picked":"SKIP","floor":18},{"not_picked":["Uppercut","Body Slam","Thunderclap+1"],"picked":"SKIP","floor":19}],"player_experience":183305,"relics_obtained":[{"floor":7,"key":"CeramicFish"},{"floor":9,"key":"Orichalcum"},{"floor":11,"key":"Juzu Bracelet"},{"floor":14,"key":"Odd Mushroom"},{"floor":22,"key":"Nilry\u0027s Codex"}],"event_choices":[{"damage_healed":0,"gold_gain":0,"player_choice":"Leave","damage_taken":0,"max_hp_gain":0,"max_hp_loss":0,"event_name":"The Cleric","floor":2,"gold_loss":0},{"damage_healed":0,"gold_gain":0,"player_choice":"Grow","damage_taken":0,"max_hp_gain":0,"max_hp_loss":0,"event_name":"Living Wall","floor":12,"gold_loss":0,"cards_upgraded":["Perfected Strike"]},{"damage_healed":0,"gold_gain":0,"player_choice":"Fought Mushrooms","damage_taken":0,"max_hp_gain":0,"max_hp_loss":0,"event_name":"Mushrooms","floor":14,"gold_loss":0},{"damage_healed":0,"gold_gain":0,"player_choice":"Opened","damage_taken":0,"relics_obtained":["Frozen Egg 2"],"max_hp_gain":0,"max_hp_loss":0,"event_name":"The Mausoleum","floor":20,"gold_loss":0,"cards_obtained":["Writhe"]},{"damage_healed":0,"gold_gain":0,"player_choice":"Obtained Book","damage_taken":16,"max_hp_gain":0,"max_hp_loss":0,"event_name":"Cursed Tome","floor":22,"gold_loss":0}],"is_beta":false,"boss_relics":[{"not_picked":["Ectoplasm","Empty Cage"],"picked":"Runic Pyramid"}],"items_purged_floors":[3,21],"is_endless":false,"potions_floor_spawned":[4,5,18],"killed_by":"Slavers","ascension_level":12}}