{"host":"cqsz3xitorlhbrhq","time":1608169350,"event":{"mods":["AchievementEnabler","BaseMod","Bestiary","Block Reminder","Minty Spire (QoL Compilation)","Relic Stats","egg"],"gold_per_floor":[119,135,146,159,110,136,150,0,0,275,294,307,338,351,351,455,455,473,486,132,143,143,169,169,202,202,212,35,35,63,63,63,63,63],"floor_reached":33,"playtime":2489,"items_purged":["Regret","Pain"],"score":449,"play_id":"15cf9305-d029-4c64-b9f5-8596abf9731b","local_time":"20201216204230","is_ascension_mode":true,"campfire_choices":[{"floor":15.0,"key":"REST"},{"floor":24.0,"key":"REST"},{"floor":32,"key":"REST"}],"circlet_count":0,"master_deck":["Strike_P","Strike_P","Defend_P","Defend_P+1","Defend_P","Defend_P","Eruption","Vigilance","Conclude","Wireheading","Nirvana","ThirdEye","Protect+1","EmptyFist","Consecrate","FlurryOfBlows","Omniscience","TalkToTheHand","ReachHeaven","FearNoEvil","LikeWater","SandsOfTime","Tantrum","CutThroughFate+1","TalkToTheHand+1","MentalFortress","Flash of Steel+1","Meditate","CutThroughFate+1"],"relics":["Fusion Hammer","Strawberry","Membership Card","Darkstone Periapt","War Paint","Cursed Key","Shuriken","Bronze Scales","Pocketwatch","Molten Egg 2","Kunai","Centennial Puzzle"],"acts_visited":["Exordium","TheCity"],"potions_floor_usage":[30,30],"damage_taken":[{"damage":0.0,"enemies":"Small Slimes","floor":1.0,"turns":2.0},{"damage":0.0,"enemies":"Cultist","floor":2.0,"turns":2.0},{"damage":0.0,"enemies":"Jaw Worm","floor":3.0,"turns":2.0},{"damage":8.0,"enemies":"Blue Slaver","floor":4.0,"turns":4.0},{"damage":14.0,"enemies":"Gremlin Nob","floor":6.0,"turns":4.0},{"damage":0.0,"enemies":"2 Fungi Beasts","floor":7.0,"turns":3.0},{"damage":8.0,"enemies":"Large Slime","floor":11.0,"turns":4.0},{"damage":17.0,"enemies":"3 Louse","floor":12.0,"turns":4.0},{"damage":19.0,"enemies":"Lagavulin","floor":13.0,"turns":5.0},{"damage":4.0,"enemies":"Blue Slaver","floor":14.0,"turns":4.0},{"damage":2.0,"enemies":"Slime Boss","floor":16.0,"turns":5.0},{"damage":4.0,"enemies":"Chosen","floor":18.0,"turns":6.0},{"damage":13.0,"enemies":"3 Byrds","floor":19.0,"turns":8.0},{"damage":20.0,"enemies":"Snake Plant","floor":21.0,"turns":4.0},{"damage":28.0,"enemies":"Slavers","floor":23.0,"turns":5.0},{"damage":8.0,"enemies":"Book of Stabbing","floor":25.0,"turns":3.0},{"damage":10.0,"enemies":"Centurion and Healer","floor":27.0,"turns":3.0},{"damage":11,"enemies":"Slavers","floor":30,"turns":4},{"damage":119,"enemies":"Automaton","floor":33,"turns":6}],"seed_played":"-7742142302775453684","potions_obtained":[{"floor":1.0,"key":"Block Potion"},{"floor":3.0,"key":"Swift Potion"},{"floor":4.0,"key":"Strength Potion"},{"floor":7.0,"key":"StancePotion"},{"floor":23.0,"key":"Swift Potion"},{"floor":25.0,"key":"BlessingOfTheForge"}],"is_trial":false,"path_per_floor":["M","M","M","M","$","E","M","$","T","?","M","M","E","M","R","B",null,"M","M","$","M","?","E","R","E","T","M","$","?","E","$","R","B"],"character_chosen":"WATCHER","items_purchased":["ThirdEye","Membership Card","Shuriken","FearNoEvil","LikeWater","Bronze Scales","SandsOfTime","SteroidPotion","TalkToTheHand+1","MentalFortress","Flash of Steel+1","BlessingOfTheForge"],"campfire_rested":3,"item_purchase_floors":[5,8,20,20,20,20,20,20,28,28,28,28],"current_hp_per_floor":[72,72,72,64,64,57,57,57,57,63,55,38,19,15,40,38,85,81,68,68,48,48,20,45,37,43,33,33,33,22,22,49,0,0],"gold":63,"neow_bonus":"BOSS_RELIC","is_daily":false,"chose_seed":false,"campfire_upgraded":0,"win_rate":0.0,"timestamp":1608169350,"path_taken":["M","M","M","M","$","E","M","$","T","?","M","M","E","M","R","BOSS","M","?","$","M","?","E","R","E","T","M","$","?","E","?","R","BOSS"],"items_purchased_type":["Card","Relic","Relic","Card","Card","Relic","Card","Potion","Card","Card","Card","Potion"],"build_version":"2020-12-13","purchased_purges":2,"victory":false,"max_hp_per_floor":[72,72,72,72,72,79,79,79,79,85,85,85,85,85,85,85,85,85,85,85,85,85,85,85,85,91,91,91,91,91,91,91,91,91],"relic_stats":{"Darkstone Periapt":12,"Centennial Puzzle":[3],"counters":[19,78],"Shuriken":[18],"Bronze Scales":[99],"Kunai":[12],"War Paint":["Protect","Defend_P"],"Cursed Key":1,"obtain_stats":[{"Darkstone Periapt":9,"War Paint":13,"Cursed Key":17,"Centennial Puzzle":30,"Shuriken":20,"Strawberry":6,"Bronze Scales":20,"Molten Egg 2":25,"Fusion Hammer":0,"Membership Card":8,"Kunai":26,"PureWater":0,"Pocketwatch":23},{"Darkstone Periapt":6,"War Paint":9,"Cursed Key":11,"Centennial Puzzle":18,"Shuriken":13,"Strawberry":5,"Bronze Scales":13,"Molten Egg 2":16,"Fusion Hammer":0,"Membership Card":6,"Kunai":16,"PureWater":0,"Pocketwatch":15},{"Darkstone Periapt":17,"War Paint":30,"Cursed Key":39,"Centennial Puzzle":72,"Shuriken":53,"Strawberry":14,"Bronze Scales":53,"Molten Egg 2":65,"Fusion Hammer":0,"Membership Card":17,"Kunai":65,"PureWater":0,"Pocketwatch":62}],"Pocketwatch":[3]},"card_choices":[{"not_picked":["SandsOfTime","Evaluate"],"picked":"Conclude","floor":1.0},{"not_picked":["Fasting2","Halt"],"picked":"Wireheading","floor":2.0},{"not_picked":["PathToVictory","Halt","WaveOfTheHand"],"picked":"SKIP","floor":3.0},{"not_picked":["Evaluate","EmptyBody"],"picked":"Nirvana","floor":4.0},{"not_picked":["SpiritShield","SignatureMove"],"picked":"Protect","floor":6.0},{"not_picked":["Halt","JustLucky"],"picked":"EmptyFist","floor":7.0},{"not_picked":["EmptyFist","Swivel"],"picked":"Consecrate","floor":11.0},{"not_picked":["BowlingBash","WaveOfTheHand","EmptyFist"],"picked":"SKIP","floor":12.0},{"not_picked":["Consecrate","ForeignInfluence"],"picked":"FlurryOfBlows","floor":13.0},{"not_picked":["FollowUp","Swivel","PathToVictory"],"picked":"SKIP","floor":14.0},{"not_picked":["Judgement","Brilliance"],"picked":"Omniscience","floor":16.0},{"not_picked":["Indignation","EmptyBody"],"picked":"TalkToTheHand","floor":18.0},{"not_picked":["Protect","PathToVictory+1"],"picked":"ReachHeaven","floor":19.0},{"not_picked":["JustLucky","BowlingBash","Protect"],"picked":"SKIP","floor":21.0},{"not_picked":["Prostrate","Collect","Pray"],"picked":"SKIP","floor":23.0},{"not_picked":["DeceiveReality","EmptyFist+1","Evaluate+1"],"picked":"SKIP","floor":25.0},{"not_picked":["Vengeance","LikeWater"],"picked":"CutThroughFate+1","floor":27.0},{"not_picked":["BattleHymn","Evaluate","Study+1"],"picked":"SKIP","floor":30}],"player_experience":67980,"relics_obtained":[{"floor":6.0,"key":"Strawberry"},{"floor":9.0,"key":"Darkstone Periapt"},{"floor":13.0,"key":"War Paint"},{"floor":23.0,"key":"Pocketwatch"},{"floor":25.0,"key":"Molten Egg 2"},{"floor":26.0,"key":"Kunai"},{"floor":30,"key":"Centennial Puzzle"}],"event_choices":[{"damage_healed":0.0,"max_hp_gain":0.0,"max_hp_loss":0.0,"gold_gain":275.0,"event_name":"Golden Shrine","player_choice":"Desecrate","floor":10.0,"gold_loss":0.0,"damage_taken":0.0,"cards_obtained":["Regret"]},{"damage_healed":0.0,"max_hp_gain":0.0,"max_hp_loss":0.0,"gold_gain":0.0,"event_name":"The Library","player_choice":"Read","floor":22.0,"gold_loss":0.0,"damage_taken":0.0,"cards_obtained":["Tantrum"]},{"damage_healed":0.0,"max_hp_gain":0.0,"max_hp_loss":0.0,"gold_gain":0.0,"cards_transformed":["Strike_P","Strike_P"],"event_name":"Drug Dealer","player_choice":"Became Test Subject","floor":29.0,"gold_loss":0.0,"damage_taken":0.0,"cards_obtained":["Meditate","CutThroughFate"]}],"is_beta":false,"boss_relics":[{"not_picked":["Astrolabe","SacredBark"],"picked":"Cursed Key"}],"items_purged_floors":[20,28],"is_endless":false,"potions_floor_spawned":[1,3,4,7,23,25],"killed_by":"Automaton","ascension_level":3}}