{"host":"z9grmtg2w0nmz8n1","time":1608227887,"event":{"mods":["Aspiration","Bard","BaseMod","Beaked The Cultist","Better Altar","Better Match","Better Third Choice","BetterRewards","CCEM","Colored Map","Conspire","GifTheSpireLib","Googly Eyes","Highlight Path","Hubris","Jedi Mod","Jorbs\u0027s Wanderer Trilogy","Minty Spire (QoL Compilation)","Permanent Neow","Replay The Spire","Spicy Shops","StSLib","Stuff the Spire","The Bug Knight"],"gold_per_floor":[111,111,125,125,50,50,82,82,82,92,92,106,119,154,154,253,253,265,280,313,324,336,368,368,393,418,436,436,450,463,497,497,592,592,609,552,568,582,336,365,384,13,38,38,38,38,50,80,80,80,80],"floor_reached":50,"playtime":3787,"items_purged":["Poison Darts+1","Strike_G","Strike_G","Parasite"],"score":733,"play_id":"636cfb06-01ca-4cf6-aeb8-ac2e02226799","local_time":"20201217155807","is_ascension_mode":true,"campfire_choices":[{"floor":6,"key":"RECALL"},{"data":"Infinite Blades","floor":15,"key":"SMITH"},{"floor":24,"key":"REST"},{"floor":32,"key":"REST"},{"floor":45,"key":"REST"},{"data":"Adrenaline","floor":49,"key":"SMITH"}],"circlet_count":0,"master_deck":["Strike_G+1","Strike_G+1","Defend_G","Defend_G","Defend_G","Defend_G","Defend_G","Survivor","Neutralize","ReplayTheSpireMod:Speed Training","Dagger Spray","Underhanded Strike+1","Infinite Blades+1","Adrenaline+1","Accuracy+1","Prepared+1","hubris:Sniper","Underhanded Strike","Dagger Throw","StuffTheSpire:DoubleShiv","StuffTheSpire:DeathNote","After Image","Accuracy+1","Dagger Throw+1"],"relics":["Ring of the Snake","Tingsha","FaceOfCleric","jedi:crownofsimplicity","Simple Rune","aspiration:FutureDiary","jedi:ghostblades","Matryoshka","StuffTheSpire:Tea","hubris:SphereOfDissonance","CCEMRelics:JestersCrown","conspire:Dentures","beaked:SacredDeck","Akabeko","Sling","jedi:archwizardhat","Shuriken","HollowMod:PaleOreRelic","Blood Vial","Quantum Egg","hubris:Icosahedron","Replay:Bottled Eggs"],"acts_visited":["Exordium","TheCity","TheBeyond"],"potions_floor_usage":[7,16,16,16,33,33,33,47,47],"damage_taken":[{"damage":0,"enemies":"Cultist","floor":1,"turns":4},{"damage":0,"enemies":"Small Slimes","floor":3,"turns":4},{"damage":9,"enemies":"3 Sentries","floor":7,"turns":7},{"damage":0,"enemies":"Jaw Worm","floor":10,"turns":2},{"damage":4,"enemies":"Large Slime","floor":12,"turns":6},{"damage":0,"enemies":"2 Fungi Beasts","floor":13,"turns":3},{"damage":20,"enemies":"Lagavulin","floor":14,"turns":7},{"damage":15,"enemies":"Fading Forest","floor":16,"turns":11},{"damage":6,"enemies":"2 Thieves","floor":18,"turns":4},{"damage":5,"enemies":"Shell Parasite","floor":19,"turns":5},{"damage":15,"enemies":"conspire:MimicChest","floor":20,"turns":7},{"damage":12,"enemies":"3 Cultists","floor":21,"turns":5},{"damage":1,"enemies":"Centurion and Healer","floor":22,"turns":8},{"damage":23,"enemies":"Replay:Snechameleon","floor":23,"turns":6},{"damage":8,"enemies":"Book of Stabbing","floor":25,"turns":6},{"damage":2,"enemies":"Snecko","floor":27,"turns":3},{"damage":15,"enemies":"Snake Plant","floor":29,"turns":3},{"damage":0,"enemies":"Cultist and Chosen","floor":30,"turns":3},{"damage":0,"enemies":"Gremlin Leader","floor":31,"turns":6},{"damage":42,"enemies":"Collector","floor":33,"turns":11},{"damage":0,"enemies":"3 Shapes","floor":35,"turns":2},{"damage":2,"enemies":"Orb Walker","floor":37,"turns":2},{"damage":7,"enemies":"Transient","floor":38,"turns":5},{"damage":0,"enemies":"Nemesis","floor":40,"turns":3},{"damage":20,"enemies":"Writhing Mass","floor":41,"turns":4},{"damage":16,"enemies":"Jaw Worm Horde","floor":47,"turns":3},{"damage":0,"enemies":"Giant Head","floor":48,"turns":5},{"damage":64,"enemies":"Time Eater","floor":50,"turns":6}],"seed_played":"-3707503901121972438","potions_obtained":[{"floor":3,"key":"BlessingOfTheForge"},{"floor":10,"key":"PowerPotion"},{"floor":13,"key":"Flashbang"},{"floor":14,"key":"Explosive Potion"},{"floor":22,"key":"FairyPotion"},{"floor":23,"key":"SteroidPotion"},{"floor":27,"key":"Adrenaline Potion"},{"floor":29,"key":"SkillPotion"},{"floor":30,"key":"jedi:StrikingPotion"},{"floor":38,"key":"jedi:StrikingPotion"},{"floor":41,"key":"Weak Potion"}],"is_trial":false,"path_per_floor":["M","?","M","?","$","R","E","?","T","M","$","M","M","E","R","B",null,"M","M","?","M","M","E","R","E","T","M","?","M","M","E","R","B",null,"M","?","M","M","$","E","M","$","T","$","R","?","M","E","R","B"],"character_chosen":"THE_SILENT","items_purchased":["Sling","Shuriken","Quantum Egg"],"campfire_rested":3,"item_purchase_floors":[39,42,44],"current_hp_per_floor":[63,63,64,64,64,64,56,56,56,57,57,54,55,36,36,22,70,65,61,47,36,36,14,36,29,29,28,8,19,20,21,45,4,82,83,83,82,76,76,77,58,58,58,37,62,62,49,52,52,0,0],"gold":80,"neow_bonus":"ONE_RARE_RELIC","is_daily":false,"chose_seed":false,"campfire_upgraded":2,"win_rate":0.0,"timestamp":1608227887,"path_taken":["M","?","?","?","$","R","E","?","T","M","$","M","?","E","R","BOSS","M","M","?","M","M","E","R","E","T","M","?","?","M","E","R","BOSS","M","?","?","M","$","E","M","$","T","?","R","?","?","E","R","BOSS"],"items_purchased_type":["Relic","Relic","Relic"],"build_version":"2020-12-13","purchased_purges":4,"victory":false,"max_hp_per_floor":[63,63,64,64,64,64,65,65,65,66,66,67,68,69,69,70,70,71,72,73,74,75,76,76,77,77,78,78,79,80,81,81,82,82,83,83,84,85,85,86,87,87,87,84,84,84,85,86,86,86,86],"card_choices":[{"not_picked":["Dodge and Roll","Deadly Poison"],"picked":"ReplayTheSpireMod:Speed Training","floor":1},{"not_picked":["StuffTheSpire:BumpUp","Bane"],"picked":"Dagger Spray","floor":3},{"not_picked":["StuffTheSpire:ClusterCrunch","PiercingWail"],"picked":"Underhanded Strike","floor":7},{"not_picked":["Hidden Blade","jedi:acidrain"],"picked":"Infinite Blades","floor":10},{"not_picked":["StuffTheSpire:BumpUp","Slice"],"picked":"Adrenaline","floor":12},{"not_picked":["Outmaneuver","Dodge and Roll"],"picked":"Accuracy","floor":13},{"not_picked":["jedi:acidrain","Deflect","Glass Knife"],"picked":"SKIP","floor":14},{"not_picked":["Bane","hubris:Counter+1","Poisoned Stab"],"picked":"SKIP","floor":18},{"not_picked":["StuffTheSpire:Python","Flying Knee"],"picked":"Prepared+1","floor":19},{"not_picked":["Leg Sweep","StuffTheSpire:ReptileScales"],"picked":"hubris:Sniper","floor":20},{"not_picked":["hubris:TrickCloak","Prepared"],"picked":"Underhanded Strike","floor":21},{"not_picked":["Crippling Poison","Escape Plan","Setup"],"picked":"SKIP","floor":22},{"not_picked":["Flechettes","Flying Knee","Well Laid Plans+1"],"picked":"SKIP","floor":23},{"not_picked":["Hidden Blade","Slice"],"picked":"Dagger Throw","floor":25},{"not_picked":["Prepared","Terror+1"],"picked":"StuffTheSpire:DoubleShiv","floor":27},{"not_picked":["Caltrops","Concentrate+1","Underhanded Strike+1"],"picked":"SKIP","floor":29},{"not_picked":["hubris:SlightOfHand","Hidden Blade","ReplayTheSpireMod:Tripwire+1"],"picked":"SKIP","floor":30},{"not_picked":["Poison Darts","Flying Knee","ReplayTheSpireMod:Exploit Weakness+1"],"picked":"SKIP","floor":31},{"not_picked":["ReplayTheSpireMod:From All Sides","Bullet Time"],"picked":"After Image","floor":33},{"not_picked":["StuffTheSpire:Repulse","Deadly Poison+1","Acrobatics+1"],"picked":"SKIP","floor":35},{"not_picked":["All Out Attack+1","jedi:collectorvenom+1","StuffTheSpire:Fury+1"],"picked":"SKIP","floor":37},{"not_picked":["StuffTheSpire:BumpUp","ReplayTheSpireMod:Tripwire"],"picked":"Dagger Throw+1","floor":38},{"not_picked":["hubris:Counter","Storm of Steel","Choke"],"picked":"SKIP","floor":40},{"not_picked":["Quick Slash+1","StuffTheSpire:Repulse+1","jedi:pocketpoison+1"],"picked":"SKIP","floor":41},{"not_picked":["Bane+1","Expertise","PiercingWail"],"picked":"SKIP","floor":47},{"not_picked":["Unload","Dagger Throw+1","PiercingWail+1"],"picked":"SKIP","floor":48}],"player_experience":578875,"relics_obtained":[{"floor":7,"key":"jedi:crownofsimplicity"},{"floor":14,"key":"Simple Rune"},{"floor":20,"key":"jedi:ghostblades"},{"floor":23,"key":"Matryoshka"},{"floor":25,"key":"StuffTheSpire:Tea"},{"floor":26,"key":"hubris:SphereOfDissonance"},{"floor":26,"key":"CCEMRelics:JestersCrown"},{"floor":31,"key":"conspire:Dentures"},{"floor":40,"key":"jedi:archwizardhat"},{"floor":43,"key":"HollowMod:PaleOreRelic"},{"floor":43,"key":"Blood Vial"},{"floor":48,"key":"Replay:Bottled Eggs"}],"event_choices":[{"damage_healed":0,"gold_gain":0,"player_choice":"Trade","damage_taken":0,"relics_obtained":["FaceOfCleric"],"max_hp_gain":0,"max_hp_loss":0,"event_name":"FaceTrader","floor":2,"gold_loss":0},{"damage_healed":0,"gold_gain":0,"player_choice":"Upgraded","damage_taken":0,"max_hp_gain":0,"max_hp_loss":0,"event_name":"Upgrade Shrine","floor":8,"gold_loss":0,"cards_upgraded":["Underhanded Strike"]},{"damage_healed":0,"gold_gain":0,"player_choice":"Paid Gold","damage_taken":0,"relics_obtained":["Akabeko"],"max_hp_gain":0,"max_hp_loss":0,"event_name":"WeMeetAgain","floor":36,"gold_loss":57}],"is_beta":false,"boss_relics":[{"not_picked":["StuffTheSpire:RunicHypercube","StuffTheSpire:Kangaroo"],"picked":"aspiration:FutureDiary"},{"not_picked":["beaked:MawFillet","ReplayTheSpireMod:DimensionalGlitch"],"picked":"beaked:SacredDeck"}],"items_purged_floors":[5,39,42,44],"is_endless":false,"potions_floor_spawned":[3,10,13,14,22,23,27,29,30,31,38,41],"killed_by":"Time Eater","ascension_level":1}}