{"host":"mg3e76uznu9x14du","time":1608164337,"event":{"mods":["BaseMod","Colored Map","Downfall","Minty Spire (QoL Compilation)","Permanent Neow","Relic Stats","StSLib","Waifu the Spire","everything is the same but u backflip on backflip"],"gold_per_floor":[99,124,34,63,63,63,63,98,98,126,146,596,612,624,643,738,738,663,663,46,46,63,63,135,60,60,60],"floor_reached":26,"playtime":1196,"items_purged":[],"score":306,"play_id":"59430a5e-e433-4c3b-860c-7ad7a7b45206","local_time":"20201216191857","is_ascension_mode":true,"campfire_choices":[{"data":"champ:Taunt","floor":1,"key":"SMITH"},{"data":"champ:Encircle","floor":5,"key":"SMITH"},{"data":"1","floor":9,"key":"LIFT"},{"data":"2","floor":18,"key":"LIFT"},{"data":"3","floor":21,"key":"LIFT"},{"floor":23,"key":"RECALL"},{"data":"champ:StanceDance","floor":25,"key":"SMITH"}],"circlet_count":0,"master_deck":["champ:Strike","champ:Strike","champ:Strike","champ:Strike","champ:Defend","champ:Defend","champ:Defend","champ:Defend","champ:Execute","champ:Taunt+1","champ:BringItOn","champ:Encircle+1","champ:DeathBlow","champ:FaceSlap","champ:FanOfKnives","champ:AdrenalArmor","Slimebound:Icky","Slimebound:Icky","Slimebound:Icky","champ:PerfectedStrike","champ:AdrenalArmor","champ:StanceDance+1","champ:EnchantSword","RitualDagger+1","champ:HeartStrike","champ:ArenaPreparation","champ:EndlessRage","champ:SwordSigil+1"],"relics":["champ:ChampionCrown","Singing Bowl","champ:DefensiveTrainingManual","Gremlin Horn","Girya","hexamod:BolsterEngine","SacredBark","downfall:HeartBlessingGreen","Matryoshka","Tiny Chest","Strawberry","downfall:HeartBlessingRed"],"acts_visited":["Exordium","TheCity"],"potions_floor_usage":[16,16,16],"damage_taken":[{"damage":43,"enemies":"Gremlin Nob","floor":2,"turns":5},{"damage":10,"enemies":"downfall:FleeingMerchant","floor":3,"turns":4},{"damage":56,"enemies":"3 Sentries","floor":4,"turns":6},{"damage":42,"enemies":"Lagavulin","floor":8,"turns":4},{"damage":30,"enemies":"Gremlin Nob","floor":10,"turns":3},{"damage":28,"enemies":"Small Slimes","floor":11,"turns":2},{"damage":4,"enemies":"Jaw Worm","floor":13,"turns":2},{"damage":24,"enemies":"2 Louse","floor":14,"turns":2},{"damage":16,"enemies":"Blue Slaver","floor":15,"turns":3},{"damage":35,"enemies":"downfall:Silent","floor":16,"turns":6},{"damage":40,"enemies":"downfall:FleeingMerchant","floor":20,"turns":4},{"damage":48,"enemies":"Shell Parasite","floor":22,"turns":6},{"damage":91,"enemies":"Slavers","floor":26,"turns":4}],"seed_played":"7910961742927703490","potions_obtained":[{"floor":8,"key":"EntropicBrew"},{"floor":11,"key":"Strength Potion"},{"floor":13,"key":"ColorlessPotion"},{"floor":19,"key":"CultistPotion"}],"is_trial":false,"path_per_floor":["R","E","$","E","R","?","T","E","R","E","M","?","M","M","M","B",null,"R","?","$","R","M","R","T","R","E"],"character_chosen":"THE_CHAMP","items_purchased":["champ:DeathBlow","champ:CounterPotion","Matryoshka","Tiny Chest","champ:ArenaPreparation","champ:EndlessRage"],"campfire_rested":0,"item_purchase_floors":[3,20,20,20,20,20],"current_hp_per_floor":[99,66,66,44,44,44,44,31,31,33,30,30,30,30,30,27,101,101,101,97,97,83,83,90,90,0,0],"gold":60,"neow_bonus":"TEN_PERCENT_HP_BONUS","is_daily":false,"chose_seed":false,"campfire_upgraded":3,"win_rate":0.0,"timestamp":1608164337,"path_taken":["R","E","$","E","R","?","T","E","R","E","M","?","M","M","M","BOSS","R","?","$","R","M","R","T","R","E"],"items_purchased_type":["Card","Potion","Relic","Relic","Card","Card"],"build_version":"2020-12-13","purchased_purges":0,"victory":false,"max_hp_per_floor":[99,99,99,99,99,99,99,99,99,101,101,101,101,101,101,101,101,101,101,101,101,101,101,108,108,108,108],"relic_stats":{"Singing Bowl":2,"Gremlin Horn":[2,2],"counters":[13,51],"Tiny Chest":0,"obtain_stats":[{"Girya":8,"Singing Bowl":2,"Gremlin Horn":7,"downfall:HeartBlessingRed":25,"SacredBark":17,"champ:ChampionCrown":0,"downfall:HeartBlessingGreen":18,"downfall:BrokenWingStatue":6,"Matryoshka":20,"champ:DefensiveTrainingManual":4,"Strawberry":24,"Tiny Chest":20,"hexamod:BolsterEngine":10},{"Girya":4,"Singing Bowl":1,"Gremlin Horn":3,"downfall:HeartBlessingRed":12,"SacredBark":10,"champ:ChampionCrown":0,"downfall:HeartBlessingGreen":10,"downfall:BrokenWingStatue":3,"Matryoshka":11,"champ:DefensiveTrainingManual":3,"Strawberry":12,"Tiny Chest":11,"hexamod:BolsterEngine":5},{"Girya":19,"Singing Bowl":5,"Gremlin Horn":15,"downfall:HeartBlessingRed":47,"SacredBark":37,"champ:ChampionCrown":0,"downfall:HeartBlessingGreen":37,"downfall:BrokenWingStatue":15,"Matryoshka":41,"champ:DefensiveTrainingManual":15,"Strawberry":47,"Tiny Chest":41,"hexamod:BolsterEngine":22}]},"card_choices":[{"not_picked":["champ:RageSigil","champ:EnchantShield"],"picked":"champ:BringItOn","floor":2},{"not_picked":["champ:BerserkersShout","champ:FocusedDefense"],"picked":"champ:Encircle","floor":3},{"not_picked":["champ:Improvising","champ:Haymaker"],"picked":"champ:FaceSlap","floor":4},{"not_picked":["champ:EndlessRage","champ:ViciousMockery"],"picked":"champ:FanOfKnives","floor":8},{"not_picked":["champ:FalseCounter","champ:ShieldSlam","champ:FocusedBerserking"],"picked":"Singing Bowl","floor":10},{"not_picked":["champ:BringItOn","champ:Backstep"],"picked":"champ:AdrenalArmor","floor":11},{"not_picked":["champ:DefensiveStyle","champ:Control"],"picked":"champ:PerfectedStrike","floor":13},{"not_picked":["champ:GladiatorsShout","champ:FlashCut"],"picked":"champ:AdrenalArmor","floor":14},{"not_picked":["champ:DefensiveShout","champ:ShieldSigil"],"picked":"champ:StanceDance","floor":15},{"not_picked":["champ:LastStand","champ:StrikeOfGenius"],"picked":"champ:EnchantSword","floor":16},{"not_picked":["champ:EndlessRage","champ:Backstep"],"picked":"champ:HeartStrike","floor":20},{"not_picked":["champ:TornadoPunch","champ:Circumvent"],"picked":"champ:SwordSigil+1","floor":22}],"player_experience":403918,"relics_obtained":[{"floor":2,"key":"Singing Bowl"},{"floor":4,"key":"champ:DefensiveTrainingManual"},{"floor":7,"key":"Gremlin Horn"},{"floor":8,"key":"Girya"},{"floor":10,"key":"hexamod:BolsterEngine"},{"floor":24,"key":"Strawberry"}],"event_choices":[],"is_beta":false,"boss_relics":[{"not_picked":["Runic Dome","SlaversCollar"],"picked":"SacredBark"}],"items_purged_floors":[],"is_endless":false,"potions_floor_spawned":[8,11,13,16],"killed_by":"Slavers","ascension_level":2}}