{"host":"85dtmvttrcbdj5h5","time":1608188162,"event":{"mods":["AchievementEnabler","BaseMod","Bestiary","Colored Map","Colored Powertips","Filter the Spire","Minty Spire (QoL Compilation)","RNG Fix","Relic Stats"],"gold_per_floor":[110,123,143,143,158,184,149,149,149,180,2,2,34,49,49,154,154,173,16,16,16,16,49,61,88,115,128,146,174,188,223,223,325,325,340,198,198,198,198,208,208,237,237,256,267,295,315,334,334,334,334,334,25,57,57],"floor_reached":56,"playtime":4865,"items_purged":["Defend_B"],"score":1457,"play_id":"5315623a-1c99-45cf-9c55-db1243e19683","local_time":"20201217015602","is_ascension_mode":false,"campfire_choices":[{"data":"Fusion","floor":8.0,"key":"SMITH"},{"data":"Redo","floor":12.0,"key":"SMITH"},{"data":"Buffer","floor":15.0,"key":"SMITH"},{"data":"Multi-Cast","floor":32.0,"key":"SMITH"},{"data":"Hologram","floor":41.0,"key":"SMITH"},{"floor":49.0,"key":"RECALL"},{"data":"Tempest","floor":52.0,"key":"SMITH"}],"circlet_count":0,"master_deck":["Strike_B","Strike_B","Strike_B","Strike_B","Defend_B","Defend_B","Defend_B","Zap","Dualcast","Sweeping Beam","Reinforced Body","Tempest+1","Fusion+1","Compile Driver","Redo+1","Buffer+1","Tempest","Creative AI","Chill+1","Leap+1","Aggregate+1","Hologram+1","White Noise","Hologram+1","Multi-Cast+1","Meteor Strike","Hologram+1","Recycle","Biased Cognition","Core Surge","Heatsinks+1","Chaos","Tempest+1","Sweeping Beam+1"],"relics":["Cracked Core","Lantern","Pen Nib","Potion Belt","Gremlin Horn","Pocketwatch","Letter Opener","Snecko Eye","Chemical X","Mercury Hourglass","Question Card","Bronze Scales","Ice Cream","InkBottle","Inserter","Eternal Feather","Mummified Hand","DollysMirror","Strawberry"],"acts_visited":["Exordium","TheCity","TheBeyond","TheEnding"],"potions_floor_usage":[55,55,55],"damage_taken":[{"damage":0.0,"enemies":"Cultist","floor":1.0,"turns":3.0},{"damage":2.0,"enemies":"Jaw Worm","floor":2.0,"turns":4.0},{"damage":0.0,"enemies":"Small Slimes","floor":3.0,"turns":3.0},{"damage":0.0,"enemies":"Looter","floor":5.0,"turns":4.0},{"damage":36.0,"enemies":"3 Sentries","floor":6.0,"turns":11.0},{"damage":0.0,"enemies":"Gremlin Nob","floor":10.0,"turns":2.0},{"damage":8.0,"enemies":"3 Sentries","floor":13.0,"turns":4.0},{"damage":7.0,"enemies":"Exordium Thugs","floor":14.0,"turns":3.0},{"damage":0.0,"enemies":"Slime Boss","floor":16.0,"turns":9.0},{"damage":10.0,"enemies":"Spheric Guardian","floor":18.0,"turns":6.0},{"damage":15.0,"enemies":"Book of Stabbing","floor":23.0,"turns":6.0},{"damage":0.0,"enemies":"3 Byrds","floor":24.0,"turns":2.0},{"damage":0.0,"enemies":"Slavers","floor":25.0,"turns":4.0},{"damage":0.0,"enemies":"Cultist and Chosen","floor":27.0,"turns":4.0},{"damage":0.0,"enemies":"3 Cultists","floor":28.0,"turns":3.0},{"damage":0.0,"enemies":"Gremlin Leader","floor":29.0,"turns":6.0},{"damage":0.0,"enemies":"Snecko","floor":30.0,"turns":4.0},{"damage":6.0,"enemies":"Slavers","floor":31.0,"turns":3.0},{"damage":0.0,"enemies":"Automaton","floor":33.0,"turns":8.0},{"damage":0.0,"enemies":"3 Darklings","floor":35.0,"turns":3.0},{"damage":0.0,"enemies":"3 Shapes","floor":40.0,"turns":2.0},{"damage":0.0,"enemies":"Nemesis","floor":42.0,"turns":3.0},{"damage":0.0,"enemies":"Jaw Worm Horde","floor":44.0,"turns":4.0},{"damage":0.0,"enemies":"Spire Growth","floor":45.0,"turns":3.0},{"damage":0.0,"enemies":"Reptomancer","floor":46.0,"turns":2.0},{"damage":0.0,"enemies":"3 Darklings","floor":47.0,"turns":2.0},{"damage":12.0,"enemies":"4 Shapes","floor":48.0,"turns":2.0},{"damage":37.0,"enemies":"Donu and Deca","floor":50.0,"turns":6.0},{"damage":20.0,"enemies":"Shield and Spear","floor":54.0,"turns":3.0},{"damage":41,"enemies":"The Heart","floor":55,"turns":8}],"seed_played":"1686006155377485048","potions_obtained":[{"floor":1.0,"key":"Weak Potion"},{"floor":6.0,"key":"ColorlessPotion"},{"floor":14.0,"key":"SmokeBomb"},{"floor":18.0,"key":"FearPotion"},{"floor":22.0,"key":"Ancient Potion"},{"floor":22.0,"key":"SneckoOil"},{"floor":24.0,"key":"PotionOfCapacity"},{"floor":25.0,"key":"Regen Potion"},{"floor":30.0,"key":"ColorlessPotion"},{"floor":33.0,"key":"EssenceOfSteel"},{"floor":40.0,"key":"Ancient Potion"},{"floor":44.0,"key":"Swift Potion"}],"is_trial":false,"path_per_floor":["M","M","M","?","M","E","?","R","T","E","$","R","E","M","R","B",null,"M","$","?","$","?","E","M","E","T","M","M","E","M","E","R","B",null,"M","$","?","?","?","M","R","E","T","M","M","E","M","M","R","B",null,"R","$","E","B",null],"character_chosen":"DEFECT","items_purchased":["Redo","DistilledChaos","Weak Potion","Chemical X","Recycle","Chaos","DollysMirror","Regen Potion"],"campfire_rested":0,"item_purchase_floors":[11,11,11,19,36,53,53,53],"current_hp_per_floor":[75,73,73,70,70,34,52,52,52,52,52,52,44,37,37,37,75,65,65,65,65,65,50,50,50,50,62,62,62,62,56,56,56,75,75,75,71,71,71,71,71,71,71,71,71,71,71,59,71,34,71,71,71,58,17],"gold":57,"neow_bonus":"RANDOM_COMMON_RELIC","is_daily":false,"chose_seed":false,"campfire_upgraded":6,"win_rate":0.0,"timestamp":1608188162,"path_taken":["M","?","M","?","M","E","?","R","T","E","$","R","E","M","R","BOSS","M","$","?","?","?","E","M","E","T","M","M","E","M","E","R","BOSS","M","$","?","?","?","M","R","E","T","M","M","E","M","M","R","BOSS","R","$","E","BOSS"],"items_purchased_type":["Card","Potion","Potion","Relic","Card","Card","Relic","Potion"],"build_version":"2020-12-13","purchased_purges":1,"victory":true,"max_hp_per_floor":[75,75,75,75,75,75,75,75,75,75,75,75,75,75,75,75,75,75,75,75,75,75,75,75,75,75,75,75,75,75,75,75,75,75,75,75,71,71,71,71,71,71,71,71,71,71,71,71,71,71,71,71,71,78,78],"relic_stats":{"Inserter":[19],"Gremlin Horn":[32,33],"counters":[30,127],"Eternal Feather":12,"Pen Nib":[13],"Letter Opener":[556],"Question Card":15,"Mercury Hourglass":[369],"Mummified Hand":[44],"Bronze Scales":[243],"Snecko Eye":[155,163,196,159],"Chemical X":[71],"obtain_stats":[{"Potion Belt":6,"Ice Cream":29,"Lantern":0,"Inserter":34,"Gremlin Horn":9,"Eternal Feather":42,"Pen Nib":4,"Letter Opener":13,"Question Card":25,"Mercury Hourglass":23,"Mummified Hand":46,"DollysMirror":53,"Bronze Scales":26,"Strawberry":54,"Snecko Eye":17,"Chemical X":19,"Cracked Core":0,"InkBottle":31,"Pocketwatch":10},{"Potion Belt":5,"Ice Cream":16,"Lantern":0,"Inserter":19,"Gremlin Horn":5,"Eternal Feather":22,"Pen Nib":3,"Letter Opener":7,"Question Card":13,"Mercury Hourglass":11,"Mummified Hand":25,"DollysMirror":28,"Bronze Scales":13,"Strawberry":29,"Snecko Eye":9,"Chemical X":10,"Cracked Core":0,"InkBottle":18,"Pocketwatch":6},{"Potion Belt":25,"Ice Cream":74,"Lantern":0,"Inserter":89,"Gremlin Horn":25,"Eternal Feather":97,"Pen Nib":10,"Letter Opener":31,"Question Card":61,"Mercury Hourglass":55,"Mummified Hand":106,"DollysMirror":116,"Bronze Scales":61,"Strawberry":119,"Snecko Eye":43,"Chemical X":49,"Cracked Core":0,"InkBottle":81,"Pocketwatch":27}],"InkBottle":[26],"Pocketwatch":[64]},"card_choices":[{"not_picked":["Hologram","Force Field"],"picked":"Sweeping Beam","floor":1.0},{"not_picked":["Gash","Stack"],"picked":"Reinforced Body","floor":2.0},{"not_picked":["Sweeping Beam","Stack"],"picked":"Tempest","floor":3.0},{"not_picked":["Beam Cell","Ball Lightning"],"picked":"Fusion","floor":5.0},{"not_picked":["Scrape","Go for the Eyes","Steam"],"picked":"SKIP","floor":6.0},{"not_picked":["FTL","Stack"],"picked":"Compile Driver","floor":10.0},{"not_picked":["Steam Power","Reinforced Body"],"picked":"Buffer","floor":13.0},{"not_picked":["Compile Driver","Reinforced Body"],"picked":"Tempest","floor":14.0},{"not_picked":["Reboot","Hyperbeam"],"picked":"Creative AI","floor":16.0},{"not_picked":["Redo","Rebound","BootSequence"],"picked":"SKIP","floor":18.0},{"not_picked":["Reboot","Sweeping Beam+1"],"picked":"Chill+1","floor":23.0},{"not_picked":["Go for the Eyes","Doom and Gloom"],"picked":"Leap+1","floor":24.0},{"not_picked":["Rebound","Chaos"],"picked":"Aggregate+1","floor":25.0},{"not_picked":["Leap","Redo","Coolheaded+1"],"picked":"Hologram+1","floor":27.0},{"not_picked":["Ball Lightning","Cold Snap","Turbo","Reboot"],"picked":"SKIP","floor":28.0},{"not_picked":["Darkness","Genetic Algorithm","Steam"],"picked":"White Noise","floor":29.0},{"not_picked":["Barrage","BootSequence","Cold Snap+1"],"picked":"Hologram","floor":30.0},{"not_picked":["Barrage","Buffer","Leap"],"picked":"Multi-Cast","floor":31.0},{"not_picked":["Thunder Strike","Hyperbeam","Creative AI"],"picked":"Meteor Strike","floor":33.0},{"not_picked":["Storm+1","Rebound+1","Steam+1"],"picked":"Hologram+1","floor":35.0},{"not_picked":["Compile Driver","Ball Lightning","Streamline+1","Go for the Eyes+1"],"picked":"SKIP","floor":40.0},{"not_picked":["Seek","Barrage+1","Go for the Eyes+1","Storm"],"picked":"SKIP","floor":42.0},{"not_picked":["Hologram","Ball Lightning","Cold Snap+1"],"picked":"Biased Cognition","floor":44.0},{"not_picked":["Turbo+1","Redo+1","FTL+1","Skim"],"picked":"SKIP","floor":45.0},{"not_picked":["Capacitor","Leap","Hologram+1"],"picked":"Core Surge","floor":46.0},{"not_picked":["Darkness+1","Barrage","FTL","Cold Snap"],"picked":"SKIP","floor":47.0},{"not_picked":["Darkness","Biased Cognition","Barrage"],"picked":"Heatsinks+1","floor":48.0},{"not_picked":["Rebound+1","Conserve Battery","Tempest+1"],"picked":"Sweeping Beam+1","floor":54.0}],"player_experience":92611,"relics_obtained":[{"floor":6.0,"key":"Potion Belt"},{"floor":9.0,"key":"Gremlin Horn"},{"floor":10.0,"key":"Pocketwatch"},{"floor":13.0,"key":"Letter Opener"},{"floor":23.0,"key":"Mercury Hourglass"},{"floor":25.0,"key":"Question Card"},{"floor":26.0,"key":"Bronze Scales"},{"floor":29.0,"key":"Ice Cream"},{"floor":31.0,"key":"InkBottle"},{"floor":42.0,"key":"Eternal Feather"},{"floor":46.0,"key":"Mummified Hand"},{"floor":54.0,"key":"Strawberry"}],"event_choices":[{"damage_healed":0.0,"max_hp_gain":0.0,"max_hp_loss":0.0,"gold_gain":0.0,"event_name":"Scrap Ooze","player_choice":"Success","floor":4.0,"gold_loss":0.0,"damage_taken":3.0,"relics_obtained":["Pen Nib"]},{"damage_healed":18.0,"max_hp_gain":0.0,"max_hp_loss":0.0,"gold_gain":0.0,"event_name":"The Cleric","player_choice":"Healed","floor":7.0,"gold_loss":35.0,"damage_taken":0.0},{"damage_healed":0.0,"max_hp_gain":0.0,"max_hp_loss":0.0,"gold_gain":0.0,"event_name":"Ghosts","player_choice":"Ignored","floor":20.0,"gold_loss":0.0,"damage_taken":0.0},{"damage_healed":0.0,"max_hp_gain":0.0,"max_hp_loss":0.0,"gold_gain":0.0,"event_name":"Lab","player_choice":"Got Potions","floor":22.0,"gold_loss":0.0,"damage_taken":0.0},{"damage_healed":0.0,"max_hp_gain":0.0,"max_hp_loss":4.0,"gold_gain":0.0,"event_name":"Winding Halls","player_choice":"Max HP","floor":37.0,"gold_loss":0.0,"damage_taken":0.0},{"damage_healed":0.0,"max_hp_gain":0.0,"max_hp_loss":0.0,"gold_gain":0.0,"event_name":"SecretPortal","player_choice":"Ignored","floor":38.0,"gold_loss":0.0,"damage_taken":0.0},{"damage_healed":0.0,"max_hp_gain":0.0,"max_hp_loss":0.0,"gold_gain":0.0,"event_name":"Tomb of Lord Red Mask","player_choice":"Ignored","floor":39.0,"gold_loss":0.0,"damage_taken":0.0}],"is_beta":false,"boss_relics":[{"not_picked":["Empty Cage","Ectoplasm"],"picked":"Snecko Eye"},{"not_picked":["Fusion Hammer","Philosopher\u0027s Stone"],"picked":"Inserter"}],"items_purged_floors":[36],"is_endless":false,"potions_floor_spawned":[1,6,14,18,24,25,30,33,40,44,46],"ascension_level":0}}