{"host":"31q8uht4v38sth7r","time":1608189816,"event":{"mods":["BaseMod","Colored Map","Downfall","Highlight Path","Minty Spire (QoL Compilation)","Permanent Neow","StSLib"],"gold_per_floor":[99,128,128,53,53,53,53,81,81,116,136,236,386,433,448,448,448],"floor_reached":16,"playtime":486,"items_purged":[],"score":205,"play_id":"dbcddcff-6cd8-409d-bfa1-3b25b8191013","local_time":"20201217152336","is_ascension_mode":true,"campfire_choices":[{"floor":1,"key":"RECALL"},{"data":"champ:Taunt","floor":4,"key":"SMITH"},{"data":"champ:DeathBlow","floor":6,"key":"SMITH"}],"circlet_count":0,"master_deck":["champ:Strike","champ:Strike","champ:Strike","champ:Defend","champ:Defend","champ:Defend","champ:Defend","champ:Execute","champ:Taunt+1","champ:DeathBlow+1","champ:Encircle","champ:Backstep","champ:EnchantCrown","champ:ShieldSlam","Slimebound:Icky","champ:FaceSlap"],"relics":["champ:ChampionCrown","downfall:HeartsMalice","champ:SpectersHand","Blue Candle","downfall:HeartBlessingRed","PreservedInsect","MealTicket","Mummified Hand","CloakClasp","Bag of Preparation"],"acts_visited":["Exordium"],"potions_floor_usage":[12,16,16],"damage_taken":[{"damage":0,"enemies":"Lagavulin","floor":2,"turns":1},{"damage":0,"enemies":"Gremlin Nob","floor":8,"turns":1},{"damage":0,"enemies":"Small Slimes","floor":9,"turns":1},{"damage":45,"enemies":"3 Sentries","floor":10,"turns":5},{"damage":25,"enemies":"2 Louse","floor":11,"turns":1},{"damage":69,"enemies":"2 Louse","floor":12,"turns":5},{"damage":27,"enemies":"Cultist","floor":15,"turns":3},{"damage":70,"enemies":"downfall:Silent","floor":16,"turns":4}],"seed_played":"7596159803574925548","potions_obtained":[{"floor":2,"key":"Fire Potion"},{"floor":12,"key":"EssenceOfSteel"},{"floor":15,"key":"Fruit Juice"}],"is_trial":false,"path_per_floor":["R","E","?","R","?","R","T","E","M","E","M","?","?","T","M","B"],"character_chosen":"THE_CHAMP","items_purchased":[],"campfire_rested":0,"item_purchase_floors":[],"current_hp_per_floor":[90,90,87,87,87,87,87,87,87,78,78,63,63,63,63,0,0],"gold":448,"neow_bonus":"THREE_ENEMY_KILL","is_daily":false,"chose_seed":false,"campfire_upgraded":2,"win_rate":0.0,"timestamp":1608189816,"path_taken":["R","E","?","R","?","R","T","E","M","E","M","?","?","?","M","BOSS"],"items_purchased_type":[],"build_version":"2020-12-13","purchased_purges":0,"victory":false,"max_hp_per_floor":[90,90,90,90,90,90,90,90,90,90,90,90,90,90,90,95,95],"card_choices":[{"not_picked":["champ:StanceDance","champ:CrookedStrike"],"picked":"champ:DeathBlow","floor":2},{"not_picked":["champ:BerserkersShout","champ:ShieldSlam"],"picked":"champ:Encircle","floor":8},{"not_picked":["champ:GladiatorsShout","champ:ShieldSigil"],"picked":"champ:Backstep","floor":9},{"not_picked":["champ:BerserkersShout","champ:ShieldSigil"],"picked":"champ:EnchantCrown","floor":10},{"not_picked":["champ:FlashCut","champ:ShieldSigil","champ:PerfectedStrike"],"picked":"SKIP","floor":11},{"not_picked":["champ:FocusedGladiator","champ:FanOfKnives"],"picked":"champ:ShieldSlam","floor":12},{"not_picked":["champ:EnGarde","champ:SwordSigil"],"picked":"champ:FaceSlap","floor":15}],"player_experience":1052813,"relics_obtained":[{"floor":2,"key":"champ:SpectersHand"},{"floor":7,"key":"PreservedInsect"},{"floor":8,"key":"MealTicket"},{"floor":10,"key":"Mummified Hand"},{"floor":12,"key":"CloakClasp"},{"floor":14,"key":"Bag of Preparation"}],"event_choices":[{"damage_healed":0,"gold_gain":0,"player_choice":"Success","damage_taken":3,"relics_obtained":["Blue Candle"],"max_hp_gain":0,"max_hp_loss":0,"event_name":"Scrap Ooze","floor":3,"gold_loss":0}],"is_beta":false,"boss_relics":[],"items_purged_floors":[],"is_endless":false,"potions_floor_spawned":[2,12,15],"killed_by":"downfall:Silent","ascension_level":5}}