{"host":"szbnbddwah33j004","time":1608176593,"event":{"mods":["2.2 Compatiblity","AchievementEnabler","Act Like it!","BaseMod","BetterRewards","Colored Map","Energized Spire","Hubris","Minty Spire (QoL Compilation)","StSLib","Strawberry Spire"],"gold_per_floor":[111,61,61,23,37,37,69,84,84,9,38,56,56,56,56,154,154,173,184,184,197,41,56,81,81,108,108,128,128,146,171,171,269,269,280,280,3,20,20,20,49,67,117,149,149,167,13,31,31,31,31],"floor_reached":50,"playtime":5775,"items_purged":["Strike_B","strawberrySpire:HateBit+1"],"score":811,"play_id":"60ee1f87-77f0-4bd0-a5c0-f411b8645a2b","local_time":"20201216214313","is_ascension_mode":true,"campfire_choices":[{"data":"Sunder","floor":6.0,"key":"SMITH"},{"floor":13.0,"key":"REST"},{"data":"Fusion","floor":15.0,"key":"SMITH"},{"floor":25.0,"key":"REST"},{"data":"Zap","floor":29.0,"key":"SMITH"},{"data":"Machine Learning","floor":32.0,"key":"SMITH"},{"floor":40,"key":"REST"},{"data":"hubris:SpecializedCircuitry","floor":49,"key":"SMITH"}],"circlet_count":0,"master_deck":["Strike_B+1","Strike_B+1","Strike_B+1","Defend_B+1","Defend_B+1","Defend_B+1","Zap+1","Dualcast+1","Double Energy+1","Sunder+1","Hologram+1","Genetic Algorithm+1","strawberrySpire:NeonFlight+1","Static Discharge+1","Fusion+1","Machine Learning+1","Streamline+1","strawberrySpire:GearCrunch+1","Turbo+1","strawberrySpire:Package+1","Stack+1","Compile Driver+1","Go for the Eyes+1","strawberrySpire:NeonFlight+1","Defragment+1","Static Discharge+1","Turbo+1","Machine Learning+1","strawberrySpire:Gammacceleration+1","hubris:DoWhile+1","Purity+1","Finesse+1","Jack Of All Trades+1","Enlightenment+1","The Bomb+1","Consume+1","Undo+1","Chill+1","Fusion+1","Stack+1","Turbo+1","Darkness+1","Streamline","Stack+1","Beam Cell","Turbo+1","hubris:SpecializedCircuitry+1"],"relics":["Cracked Core","Strawberry","Lantern","Ancient Tea Set","Ice Cream","Sundial","energizedSpire:StickyHand","hubris:BottledHeart","Dream Catcher","Toxic Egg 2","hubris:ToyBattleship","Question Card","hubris:ScarierMask","Mark of the Bloom","Omamori","Happy Flower","Bottled Lightning","hubris:SlimyHat"],"acts_visited":["Exordium","TheCity","TheBeyond"],"potions_floor_usage":[44,48,48,50,50],"damage_taken":[{"damage":6.0,"enemies":"2 Louse","floor":1.0,"turns":2.0},{"damage":6.0,"enemies":"Cultist","floor":5.0,"turns":3.0},{"damage":28.0,"enemies":"strawberrySpire:EnergyPylons","floor":7.0,"turns":5.0},{"damage":0.0,"enemies":"Jaw Worm","floor":8.0,"turns":3.0},{"damage":9.0,"enemies":"3 Sentries","floor":11.0,"turns":4.0},{"damage":8.0,"enemies":"Large Slime","floor":12.0,"turns":5.0},{"damage":27.0,"enemies":"Slime Boss","floor":16.0,"turns":6.0},{"damage":18.0,"enemies":"3 Byrds","floor":18.0,"turns":4.0},{"damage":2.0,"enemies":"Spheric Guardian","floor":19.0,"turns":3.0},{"damage":0.0,"enemies":"Shelled Parasite and Fungi","floor":21.0,"turns":5.0},{"damage":0.0,"enemies":"Centurion and Healer","floor":23.0,"turns":4.0},{"damage":0.0,"enemies":"Slavers","floor":24.0,"turns":5.0},{"damage":0.0,"enemies":"Snake Plant","floor":28.0,"turns":4.0},{"damage":0.0,"enemies":"Snecko","floor":30.0,"turns":4.0},{"damage":0.0,"enemies":"strawberrySpire:AncientClocktower","floor":31.0,"turns":10.0},{"damage":0.0,"enemies":"Champ","floor":33.0,"turns":11.0},{"damage":0.0,"enemies":"Orb Walker","floor":35.0,"turns":6.0},{"damage":0,"enemies":"3 Darklings","floor":38,"turns":3},{"damage":0,"enemies":"strawberrySpire:EssenceStones","floor":41,"turns":6},{"damage":0,"enemies":"Jaw Worm Horde","floor":42,"turns":3},{"damage":0,"enemies":"Nemesis","floor":44,"turns":9},{"damage":0,"enemies":"4 Shapes","floor":46,"turns":4},{"damage":0,"enemies":"Writhing Mass","floor":48,"turns":5},{"damage":6,"enemies":"Awakened One","floor":50,"turns":5}],"seed_played":"7086028654341877992","potions_obtained":[{"floor":3.0,"key":"LiquidMemories"},{"floor":3.0,"key":"Fire Potion"},{"floor":3.0,"key":"CultistPotion"},{"floor":7.0,"key":"PowerPotion"},{"floor":11.0,"key":"LiquidBronze"},{"floor":19.0,"key":"DuplicationPotion"},{"floor":24.0,"key":"Energy Potion"},{"floor":28.0,"key":"Block Potion"},{"floor":30.0,"key":"Dexterity Potion"},{"floor":33.0,"key":"DuplicationPotion"},{"floor":42,"key":"FocusPotion"},{"floor":44,"key":"Weak Potion"},{"floor":46,"key":"EssenceOfSteel"},{"floor":48,"key":"Energy Potion"}],"is_trial":false,"path_per_floor":["M","?","?","$","M","R","E","M","T","$","E","M","R","?","R","B",null,"M","M","?","M","$","M","E","R","T","?","M","R","M","E","R","B",null,"M","?","$","M","?","R","E","M","T","E","?","M","$","M","R","B"],"character_chosen":"DEFECT","items_purchased":["Sunder","Dream Catcher","The Bomb+1","hubris:SlimyHat"],"campfire_rested":3,"item_purchase_floors":[4,22,37,47],"current_hp_per_floor":[76,76,76,76,70,70,42,42,42,42,33,25,49,42,42,15,82,64,62,1,1,1,1,1,1,1,1,1,1,1,1,1,1,1,1,1,1,1,1,1,1,1,1,1,1,1,1,1,1,0,0],"gold":31,"neow_bonus":"RANDOM_COMMON_RELIC","is_daily":false,"chose_seed":false,"campfire_upgraded":5,"win_rate":0.0,"timestamp":1608176593,"path_taken":["M","?","?","$","M","R","E","M","T","$","E","?","R","?","R","BOSS","M","M","?","M","$","M","E","R","T","?","M","R","M","E","R","BOSS","M","?","$","M","?","R","E","M","T","E","?","?","$","?","R","BOSS"],"items_purchased_type":["Card","Relic","Card","Relic"],"build_version":"2020-12-13","purchased_purges":2,"victory":false,"max_hp_per_floor":[82,82,82,82,82,82,82,82,82,82,82,82,82,82,82,82,82,82,82,1,1,1,1,1,1,1,1,1,1,1,1,1,1,1,1,1,1,1,1,1,1,1,1,1,1,1,1,1,1,1,1],"card_choices":[{"not_picked":["Compile Driver","Coolheaded"],"picked":"Double Energy","floor":1.0},{"not_picked":["strawberrySpire:DataDump","Turbo"],"picked":"Hologram","floor":5.0},{"not_picked":["strawberrySpire:DataDump","Hologram"],"picked":"Genetic Algorithm","floor":7.0},{"not_picked":["Steam","Hologram"],"picked":"strawberrySpire:NeonFlight","floor":8.0},{"not_picked":["Gash","Conserve Battery"],"picked":"Static Discharge","floor":11.0},{"not_picked":["Sweeping Beam","strawberrySpire:HateBit"],"picked":"Fusion","floor":12.0},{"not_picked":["strawberrySpire:Ronchyble","strawberrySpire:Refactor"],"picked":"Machine Learning","floor":16.0},{"not_picked":["Streamline","Turbo"],"picked":"strawberrySpire:GearCrunch","floor":18.0},{"not_picked":["Leap","Beam Cell","strawberrySpire:AnotherWinter"],"picked":"SKIP","floor":19.0},{"not_picked":["strawberrySpire:Package","Stack+1"],"picked":"Compile Driver","floor":21.0},{"not_picked":["Conserve Battery+1","Barrage","Amplify"],"picked":"SKIP","floor":23.0},{"not_picked":["Go for the Eyes","strawberrySpire:NeonFlight+1"],"picked":"Defragment","floor":24.0},{"not_picked":["Static Discharge","Turbo+1"],"picked":"strawberrySpire:HateBit+1","floor":25.0},{"not_picked":["Hologram+1","Self Repair","strawberrySpire:Adapter+1"],"picked":"SKIP","floor":28.0},{"not_picked":["Capacitor+1","strawberrySpire:BreederCore+1","Sweeping Beam"],"picked":"SKIP","floor":30.0},{"not_picked":["Compile Driver","Doom and Gloom","Seek+1"],"picked":"SKIP","floor":31.0},{"not_picked":["Machine Learning","strawberrySpire:AnotherWinter","hubris:DoWhile+1"],"picked":"strawberrySpire:Gammacceleration+1","floor":33.0},{"not_picked":["strawberrySpire:Adapter+1","Aggregate+1","Gash+1","Melter"],"picked":"SKIP","floor":35.0},{"not_picked":["Purity+1","Finesse+1","Enlightenment+1"],"picked":"Jack Of All Trades+1","floor":36.0},{"not_picked":["Cold Snap","Conserve Battery+1","strawberrySpire:BreederCore+1","strawberrySpire:AngeryBot"],"picked":"SKIP","floor":38},{"not_picked":["Consume+1","Undo+1","Fusion+1"],"picked":"Chill+1","floor":40},{"not_picked":["Barrage+1","Sweeping Beam+1","strawberrySpire:SearchEngine+1","Tempest+1"],"picked":"SKIP","floor":41},{"not_picked":["Coolheaded+1","strawberrySpire:Adapter+1","Sunder","Redo+1"],"picked":"SKIP","floor":42},{"not_picked":["Static Discharge","strawberrySpire:Gammacceleration+1","Rip and Tear","Compile Driver"],"picked":"SKIP","floor":44},{"not_picked":["Stack+1","Turbo+1","Streamline"],"picked":"Darkness+1","floor":46},{"not_picked":["Stack+1","Beam Cell","hubris:SpecializedCircuitry"],"picked":"Turbo+1","floor":48}],"player_experience":42289,"relics_obtained":[{"floor":7.0,"key":"Lantern"},{"floor":9.0,"key":"Ancient Tea Set"},{"floor":11.0,"key":"Ice Cream"},{"floor":24.0,"key":"Toxic Egg 2"},{"floor":26.0,"key":"hubris:ToyBattleship"},{"floor":31.0,"key":"Question Card"},{"floor":41,"key":"Omamori"},{"floor":43,"key":"Happy Flower"},{"floor":44,"key":"Bottled Lightning"}],"event_choices":[{"cards_removed":["Defend_B"],"damage_healed":0.0,"max_hp_gain":0.0,"max_hp_loss":0.0,"gold_gain":0.0,"event_name":"The Cleric","player_choice":"Card Removal","floor":2.0,"gold_loss":50.0,"damage_taken":0.0},{"damage_healed":0.0,"max_hp_gain":0.0,"max_hp_loss":0.0,"gold_gain":0.0,"event_name":"Lab","player_choice":"Got Potions","floor":3.0,"gold_loss":0.0,"damage_taken":0.0},{"damage_healed":0.0,"max_hp_gain":0.0,"max_hp_loss":0.0,"gold_gain":0.0,"event_name":"Scrap Ooze","player_choice":"Success","floor":14.0,"gold_loss":0.0,"damage_taken":7.0,"relics_obtained":["Sundial"]},{"damage_healed":0.0,"max_hp_gain":0.0,"max_hp_loss":0.0,"gold_gain":0.0,"event_name":"SensoryStone","player_choice":"Memory 1","floor":36.0,"gold_loss":0.0,"damage_taken":0.0},{"damage_healed":0,"gold_gain":0,"player_choice":"Upgrade","damage_taken":0,"relics_obtained":["Mark of the Bloom"],"max_hp_gain":0,"max_hp_loss":0,"event_name":"MindBloom","floor":39,"gold_loss":0,"cards_upgraded":["Strike_B","Strike_B","Strike_B","Defend_B","Defend_B","Defend_B","Dualcast","Double Energy","Hologram","Genetic Algorithm","strawberrySpire:NeonFlight","Static Discharge","Streamline","strawberrySpire:GearCrunch","Turbo","strawberrySpire:Package","Compile Driver","Go for the Eyes","Defragment","Static Discharge","Machine Learning","strawberrySpire:AnotherWinter"]},{"cards_removed":["strawberrySpire:AnotherWinter"],"damage_healed":0,"gold_gain":0,"player_choice":"Purged","damage_taken":0,"max_hp_gain":0,"max_hp_loss":0,"event_name":"Purifier","floor":45,"gold_loss":0}],"is_beta":false,"boss_relics":[{"not_picked":["Inserter","Calling Bell"],"picked":"energizedSpire:StickyHand"},{"not_picked":["energizedSpire:OgreHead","Fusion Hammer"],"picked":"hubris:ScarierMask"}],"items_purged_floors":[10,37],"is_endless":false,"potions_floor_spawned":[7,11,12,19,24,28,30,33,42,44,46,48],"killed_by":"Awakened One","ascension_level":1}}