{"host":"xenpv6dj5x1yxp66","time":1608233289,"event":{"mods":["AchievementEnabler","Aspiration","BaseMod","Better Altar","Better Sensory Stone","Better Skull","Better Third Choice","BetterRewards","Colored Map","Colored Powertips","Conspire","Downfall","Highlight Path","Hubris","Marisa????????","Minty Spire (QoL Compilation)","Quick Restart","READ ME - Guardian Mod","Replay The Spire","Shade Mod","StSLib","The Animator","The Bug Knight","The Construct","The Cursed","The Disciple","The Necromancer","The Runesmith","The Servant 0.9.4"],"gold_per_floor":[99,126,126,157,182,182,234,12,23,23,43,43,57,68,78,183,183,183,199,199,227,227,227,227,227,247,247,247,247,258,274,292,388,438,530,580,580,610,628,638,664,676,691,691,691,703,718,66,81,81,81],"floor_reached":50,"playtime":3394,"items_purged":[],"score":579,"play_id":"bb55c806-2bfc-4edd-99e8-2e5e78675d5a","local_time":"20201217202809","is_ascension_mode":false,"campfire_choices":[{"data":"Guardian:Harden","floor":6,"key":"SMITH"},{"data":"Guardian:TwinSlam","floor":10,"key":"SMITH"},{"floor":18,"key":"RECALL"},{"data":"Guardian:PiercingHide","floor":22,"key":"SMITH"},{"data":"Guardian:TimeBomb","floor":25,"key":"SMITH"},{"data":"Guardian:SphericShield","floor":27,"key":"SMITH"},{"data":"Guardian:SentryBeam","floor":37,"key":"SMITH"},{"floor":44,"key":"REST"}],"circlet_count":0,"master_deck":["Guardian:Strike_Guardian","Guardian:Strike_Guardian","Guardian:Strike_Guardian","Guardian:Strike_Guardian","Guardian:Defend_Guardian","Guardian:Defend_Guardian","Guardian:Defend_Guardian","Guardian:Defend_Guardian","Guardian:CurlUp","Guardian:TwinSlam+1","Guardian:ChargeCore+1","Guardian:Harden+1","Guardian:ChargeUp","Guardian:PiercingHide+1","Guardian:Recover","Guardian:RollAttack","Guardian:SentryBeam+1","Guardian:SphericShield+1","Guardian:AncientConstruct","Guardian:CrystalBeam","Guardian:TimeBomb+1","Guardian:TemporalStrike","Guardian:EvasiveProtocol+1","Guardian:RevengeProtocol","Guardian:ArmoredProtocol","Guardian:FloatingOrbs+1","Guardian:Reroute+1","Guardian:PrimingBeam+1","Guardian:TemporalShield+1","Guardian:ShieldCharger+1","Guardian:SpikerProtocol+1","Guardian:ChargeCore+1","Guardian:BronzeOrb+1","ReplayTheSpireMod:Trickstab","Guardian:Gem_Crimson","hubris:NaturalOne"],"relics":["Guardian:ModeShifter","downfall:HeartsMalice","Juzu Bracelet","ReplayTheSpireMod:TigerMarble","The Courier","MealTicket","Pen Nib","hubris:Icosahedron","aspiration:SecretTechniqueScroll","aspiration:AnachronicSnailShell","Blood Vial","Tiny House","Unceasing Top","hubris:BundleOfHerbs","White Beast Statue","hubris:ToyBattleship","Replay:Towering Pillar of Hats"],"acts_visited":["Exordium","TheCity","TheBeyond"],"potions_floor_usage":[16,16,33,33,33,47,50],"damage_taken":[{"damage":0,"enemies":"HollowMod:MossKnight","floor":2,"turns":1},{"damage":0,"enemies":"conspire:MimicChest","floor":4,"turns":1},{"damage":0,"enemies":"3 Sentries","floor":5,"turns":1},{"damage":0,"enemies":"downfall:FleeingMerchant","floor":8,"turns":4},{"damage":0,"enemies":"conspire:RoseBush","floor":9,"turns":4},{"damage":0,"enemies":"2 Louse","floor":11,"turns":2},{"damage":0,"enemies":"Small Slimes","floor":13,"turns":1},{"damage":0,"enemies":"Exordium Thugs","floor":14,"turns":3},{"damage":0,"enemies":"Large Slime","floor":15,"turns":5},{"damage":8,"enemies":"downfall:Silent","floor":16,"turns":8},{"damage":0,"enemies":"Spheric Guardian","floor":19,"turns":4},{"damage":7,"enemies":"Book of Stabbing","floor":21,"turns":7},{"damage":4,"enemies":"Centurion and Healer","floor":26,"turns":6},{"damage":0,"enemies":"Cultist and Chosen","floor":30,"turns":7},{"damage":0,"enemies":"Snecko","floor":31,"turns":6},{"damage":0,"enemies":"conspire:HollyBat","floor":32,"turns":7},{"damage":25,"enemies":"downfall:Watcher","floor":33,"turns":12},{"damage":31,"enemies":"2 Orb Walkers","floor":36,"turns":7},{"damage":16,"enemies":"Nemesis","floor":38,"turns":11},{"damage":14,"enemies":"3 Shapes","floor":39,"turns":3},{"damage":1,"enemies":"Orb Walker","floor":40,"turns":3},{"damage":18,"enemies":"Sphere and 2 Shapes","floor":42,"turns":6},{"damage":11,"enemies":"Transient","floor":43,"turns":5},{"damage":8,"enemies":"Maw","floor":46,"turns":8},{"damage":15,"enemies":"Jaw Worm Horde","floor":47,"turns":6},{"damage":2,"enemies":"downfall:FleeingMerchant","floor":48,"turns":4},{"damage":0,"enemies":"4 Shapes","floor":49,"turns":5},{"damage":38,"enemies":"downfall:Ironclad","floor":50,"turns":15}],"seed_played":"536810306012923412","potions_obtained":[{"floor":9,"key":"Slimebound:ThreeZeroPotion"},{"floor":11,"key":"Strength Potion"},{"floor":14,"key":"SkillPotion"},{"floor":15,"key":"Fruit Juice"},{"floor":16,"key":"Swift Potion"},{"floor":19,"key":"EssenceOfSteel"},{"floor":21,"key":"Death Potion"},{"floor":33,"key":"AttackPotion"},{"floor":34,"key":"Flashbang"},{"floor":39,"key":"construct:ShiftPotion"},{"floor":42,"key":"SpeedPotion"},{"floor":43,"key":"Dexterity Potion"},{"floor":49,"key":"Swift Potion"}],"is_trial":false,"path_per_floor":["R_BF","E","?","?","E","R","T","$","M","R","M","?","M","M","M","B",null,"R_BF","M","?","E","R","?","T","R","M","R","?","?","M","M","M","B",null,"R_BF","?","R","E","M","M","T","M","M","R","?","M","M","$","M","B"],"character_chosen":"GUARDIAN","items_purchased":["Guardian:Recover","Guardian:Gem_Red","Pen Nib","ReplayTheSpireMod:Trickstab","White Beast Statue","hubris:ToyBattleship","Replay:Towering Pillar of Hats"],"campfire_rested":1,"item_purchase_floors":[8,8,8,48,48,48,48],"current_hp_per_floor":[80,80,80,80,80,80,80,80,80,80,80,80,80,80,80,77,85,85,85,85,78,78,78,78,78,74,74,32,41,43,45,47,24,90,90,59,59,45,33,34,34,18,9,36,36,30,17,32,34,0,0],"gold":81,"neow_bonus":"THREE_ENEMY_KILL","is_daily":false,"chose_seed":false,"campfire_upgraded":6,"win_rate":0.0,"timestamp":1608233289,"path_taken":["R_BF","E","?","?","E","R","T","$","M","R","M","?","M","M","M","BOSS","R_BF","M","?","E","R","?","T","R","M","R","?","?","M","M","M","BOSS","R_BF","?","R","E","M","M","T","M","M","R","?","M","M","$","M","BOSS"],"items_purchased_type":["Card","Card","Relic","Card","Relic","Relic","Relic"],"build_version":"2020-12-13","purchased_purges":0,"victory":false,"max_hp_per_floor":[80,80,80,80,80,80,80,80,80,80,80,80,80,80,80,85,85,85,85,85,85,85,85,85,85,85,85,85,85,85,85,85,85,90,90,90,90,90,90,90,90,90,90,90,90,90,90,90,90,90,90],"card_choices":[{"not_picked":["Guardian:Incinerate","Guardian:Suspension"],"picked":"Guardian:ChargeCore","floor":2},{"not_picked":["Guardian:Repulse","Guardian:Planning"],"picked":"Guardian:Harden","floor":4},{"not_picked":["Guardian:Suspension","Guardian:PrismaticBarrier"],"picked":"Guardian:ChargeUp","floor":5},{"not_picked":["Guardian:TemporalShield","Guardian:ArmoredProtocol"],"picked":"Guardian:PiercingHide","floor":8},{"not_picked":["Guardian:ChargeCore","Guardian:Recover"],"picked":"Guardian:RollAttack","floor":9},{"not_picked":["Guardian:Incinerate","Guardian:WalkerClaw"],"picked":"Guardian:Gem_Lightblue","floor":11},{"not_picked":["Guardian:Reroute","Guardian:PiercingHide"],"picked":"Guardian:SentryBeam","floor":13},{"not_picked":["Guardian:Harden","Guardian:DonusPower"],"picked":"Guardian:SphericShield","floor":14},{"not_picked":["Guardian:PiercingHide","Guardian:ChargeCore"],"picked":"Guardian:Gem_Green","floor":15},{"not_picked":["Guardian:FierceBash","Guardian:ConstructionForm"],"picked":"Guardian:AncientConstruct","floor":16},{"not_picked":["Guardian:DecasProtection","Guardian:ChargeCore"],"picked":"Guardian:CrystalBeam","floor":19},{"not_picked":["Guardian:RefractedBeam","Guardian:RollAttack"],"picked":"Guardian:Gem_Green","floor":21},{"not_picked":["Guardian:RollAttack","Guardian:Recover"],"picked":"Guardian:TemporalStrike","floor":26},{"not_picked":["Guardian:PiercingHide","Guardian:Recover"],"picked":"Guardian:EvasiveProtocol","floor":30},{"not_picked":["Guardian:WalkerClaw","Guardian:ArmoredProtocol"],"picked":"Guardian:Gem_White","floor":31},{"not_picked":["Guardian:RollAttack+1","Guardian:StasisStrike"],"picked":"Guardian:Gem_Purple","floor":32},{"not_picked":["Guardian:FastForward","Guardian:StasisField"],"picked":"Guardian:RevengeProtocol","floor":33},{"not_picked":["Guardian:EvasiveProtocol","Guardian:Incinerate"],"picked":"Guardian:ArmoredProtocol","floor":34},{"not_picked":["Guardian:GuardianWhirl","Guardian:CrystalBeam+1"],"picked":"Guardian:FloatingOrbs+1","floor":36},{"not_picked":["Guardian:Gem_Green","Guardian:StasisField"],"picked":"Guardian:Reroute+1","floor":38},{"not_picked":["Guardian:CrystalBeam+1","Guardian:Gem_Green"],"picked":"Guardian:PrimingBeam+1","floor":39},{"not_picked":["Guardian:Incinerate+1","Guardian:WalkerClaw"],"picked":"Guardian:TemporalShield+1","floor":40},{"not_picked":["Guardian:ChargeCore+1","Guardian:Preprogram+1"],"picked":"Guardian:ShieldCharger+1","floor":42},{"not_picked":["Guardian:Incinerate","Guardian:ConstructionForm"],"picked":"Guardian:SpikerProtocol+1","floor":43},{"not_picked":["Guardian:Gem_Purple","Guardian:Recover+1"],"picked":"Guardian:ChargeCore+1","floor":46},{"not_picked":["Guardian:Gem_Cyan","Guardian:TimeCapacitor"],"picked":"Guardian:BronzeOrb+1","floor":47},{"not_picked":["Guardian:StasisStrike","Guardian:Emergency","Guardian:TimeCapacitor+1"],"picked":"SKIP","floor":48},{"not_picked":["Guardian:CrystalBeam+1","Guardian:FloatingOrbs"],"picked":"Guardian:Gem_Crimson","floor":49}],"player_experience":150045,"relics_obtained":[{"floor":2,"key":"Juzu Bracelet"},{"floor":4,"key":"ReplayTheSpireMod:TigerMarble"},{"floor":5,"key":"The Courier"},{"floor":7,"key":"MealTicket"},{"floor":21,"key":"aspiration:AnachronicSnailShell"},{"floor":36,"key":"Unceasing Top"},{"floor":38,"key":"hubris:BundleOfHerbs"}],"event_choices":[{"damage_healed":0,"gold_gain":0,"player_choice":"Ignored","damage_taken":0,"max_hp_gain":0,"max_hp_loss":0,"event_name":"Ghosts","floor":20,"gold_loss":0},{"damage_healed":0,"gold_gain":0,"player_choice":"Read","damage_taken":0,"max_hp_gain":0,"max_hp_loss":0,"event_name":"The Library","floor":23,"gold_loss":0,"cards_obtained":["Guardian:TimeBomb"]},{"damage_healed":0,"gold_gain":0,"player_choice":" Potion Vial ","damage_taken":42,"relics_obtained":["Blood Vial"],"max_hp_gain":74,"max_hp_loss":32,"event_name":"betterAltar:BetterAltar","floor":28,"potions_obtained":["betterAltar:AltarPotion"],"relics_lost":[],"gold_loss":0},{"damage_healed":0,"gold_gain":0,"player_choice":"Fight","damage_taken":0,"max_hp_gain":0,"max_hp_loss":0,"event_name":"Mysterious Sphere","floor":36,"gold_loss":0}],"is_beta":false,"boss_relics":[{"not_picked":["ReplayTheSpireMod:DimensionalGlitch","Replay:Bronze Core"],"picked":"aspiration:SecretTechniqueScroll"},{"not_picked":["Snecko Eye","Busted Crown"],"picked":"Tiny House"}],"items_purged_floors":[],"is_endless":false,"potions_floor_spawned":[9,11,14,15,16,19,21,33,39,42,43,49],"killed_by":"downfall:Ironclad","ascension_level":0}}