{"host":"tnhjz9cb8p0320p2","time":1608244510,"event":{"mods":["BaseMod","Better Third Choice","Downfall","Hermit","Marisa????????","Minty Spire (QoL Compilation)","Relic Stats","Replay The Spire","Shade Mod","StSLib","The Construct","The Cursed","The Jungle","The Runesmith"],"gold_per_floor":[117,143,143,2,35,35,115,115,165,246,22,70,70,70,70,289,289,304,25,25,47,73,73,140,157,234,260,260,260,331,356,356,500,600,643,643,643,643,790,820,344,362,408,453,453,500,595,624,624,624,624,624,414,454,454],"floor_reached":56,"playtime":3712,"items_purged":["Pain"],"score":1776,"play_id":"798a3185-d8bb-4710-9305-b427cf0c7a91","local_time":"20201217163510","is_ascension_mode":true,"campfire_choices":[{"data":"Robbery","floor":6,"key":"SMITH"},{"floor":8,"key":"REST"},{"floor":13,"key":"REST"},{"data":"TreasureHunter","floor":15,"key":"SMITH"},{"data":"ManaRampage","floor":23,"key":"SMITH"},{"floor":29,"key":"REST"},{"data":"BigCrunch","floor":32,"key":"SMITH"},{"floor":49,"key":"RECALL"},{"floor":52,"key":"REST"}],"circlet_count":0,"master_deck":["Defend_MRS","Defend_MRS+1","Defend_MRS+1","Defend_MRS","MasterSpark+1","UpSweep+1","BigCrunch+1","WitchOfGreed","Robbery+1","SprinkleStarSeal","TreasureHunter+1","Singularity","Acceleration","StarBarrage","Parasite","Parasite","expansioncontent:Collect","SporeBomb","Pot Of Greed","Pot Of Greed","ManaRampage+1","CurseOfTheBell","Acceleration+1","Pot Of Greed","expansioncontent:DashGenerateEvil","UnstableBomb","UnstableBomb","Bite","Bite","Bite","Bite","Bite","GasGiant","GravityBeat","GalacticHalo","Pot Of Greed","IllusionStar","UnstableBomb","MachineGunSpark+1","BinaryStars","PulseMagic","EventHorizon","MachineGunSpark+1","6A","GalacticHalo+1","PropBag+1","DragonMeteor","Pot Of Greed+1","PulseMagic+1","expansioncontent:QuickStudy+1","expansioncontent:QuickStudy+1","Singularity","DeepEcoloBomb+1"],"relics":["MiniHakkero","Nunchaku","Tiny Chest","Shuriken","Whetstone","ShroomBag","Art of War","Grinning Jar","Du-Vu Doll","Calling Bell","ReplayTheSpireMod:Lightbulb","Mercury Hourglass","Replay:Towering Pillar of Hats","Akabeko","Mirror","Garlic","Blue Doll","Replay:Wanted Poster","WarpedTongs","CatCart","ReplayFunnel","Bottled Tornado","Bag of Marbles","Ancient Tea Set","Toxic Egg 2","Centennial Puzzle","Turnip","Strawberry","Torii","Simple Rune"],"acts_visited":["Exordium","TheCity","TheBeyond","TheEnding"],"potions_floor_usage":[7,10,16,16,24,25,27,31,33,40,48,50,55],"damage_taken":[{"damage":5,"enemies":"Small Slimes","floor":1,"turns":3},{"damage":6,"enemies":"Cultist","floor":2,"turns":4},{"damage":0,"enemies":"2 Louse","floor":5,"turns":3},{"damage":25,"enemies":"Replay:BlueRogue","floor":7,"turns":7},{"damage":37,"enemies":"Gremlin Nob","floor":10,"turns":5},{"damage":12,"enemies":"Replay:BlueRogue","floor":12,"turns":7},{"damage":19,"enemies":"The Guardian","floor":16,"turns":9},{"damage":12,"enemies":"2 Thieves","floor":18,"turns":3},{"damage":7,"enemies":"3 Byrds","floor":21,"turns":3},{"damage":35,"enemies":"Book of Stabbing","floor":24,"turns":3},{"damage":8,"enemies":"Snake Plant","floor":25,"turns":2},{"damage":7,"enemies":"Gremlin Leader","floor":27,"turns":4},{"damage":0,"enemies":"Snecko","floor":30,"turns":3},{"damage":0,"enemies":"3 Cultists","floor":31,"turns":2},{"damage":44,"enemies":"Champ","floor":33,"turns":10},{"damage":0,"enemies":"3 Shapes","floor":35,"turns":2},{"damage":15,"enemies":"Orin","floor":39,"turns":4},{"damage":2,"enemies":"Reptomancer","floor":40,"turns":3},{"damage":0,"enemies":"3 Darklings","floor":42,"turns":2},{"damage":8,"enemies":"Jaw Worm Horde","floor":44,"turns":3},{"damage":8,"enemies":"Giant Head","floor":46,"turns":5},{"damage":0,"enemies":"Transient","floor":47,"turns":5},{"damage":3,"enemies":"Nemesis","floor":48,"turns":5},{"damage":37,"enemies":"Time Eater","floor":50,"turns":6},{"damage":0,"enemies":"Shield and Spear","floor":54,"turns":5},{"damage":59,"enemies":"The Heart","floor":55,"turns":7}],"seed_played":"-4130462404245910132","potions_obtained":[{"floor":2,"key":"construct:ShiftPotion"},{"floor":2,"key":"Elixir"},{"floor":5,"key":"SkillPotion"},{"floor":7,"key":"DistilledChaos"},{"floor":10,"key":"CultistPotion"},{"floor":12,"key":"GamblersBrew"},{"floor":16,"key":"LiquidBronze"},{"floor":21,"key":"Energy Potion"},{"floor":24,"key":"Adrenaline Potion"},{"floor":27,"key":"Venom Potion"},{"floor":30,"key":"AttackPotion"},{"floor":31,"key":"SmokeBomb"},{"floor":35,"key":"construct:ShiftPotion"},{"floor":35,"key":"sneckomod:MuddlingPotion"},{"floor":40,"key":"Doom Potion"},{"floor":46,"key":"Dexterity Potion"},{"floor":47,"key":"SpeedPotion"},{"floor":48,"key":"Adrenaline Potion"}],"is_trial":false,"path_per_floor":["M","M","?","$","M","R","E","R","T","E","$","E","R","?","R","B",null,"M","$","?","M","T","R","E","M","T","E","?","R","M","M","R","B",null,"M","?","?","T","?","E","$","M","T","M","T","E","M","E","R","B",null,"R","$","E","B",null],"character_chosen":"MARISA","items_purchased":["TreasureHunter","ShroomBag","expansioncontent:Collect","expansioncontent:DashGenerateEvil","UnstableBomb","EnergyFlow","Bottled Tornado","Bag of Marbles","expansioncontent:QuickStudy+1","Singularity"],"campfire_rested":4,"item_purchase_floors":[4,11,11,19,19,19,41,41,53,53],"current_hp_per_floor":[63,57,57,57,57,57,32,54,54,17,17,9,31,31,31,16,60,52,52,52,46,46,46,15,11,11,12,12,27,31,33,33,7,41,45,45,45,45,34,39,39,44,44,40,40,38,48,54,54,19,49,59,59,59,7],"gold":454,"neow_bonus":"ONE_RANDOM_RARE_CARD","is_daily":false,"chose_seed":false,"campfire_upgraded":4,"win_rate":0.0,"timestamp":1608244510,"path_taken":["M","M","?","$","M","R","E","R","T","E","?","E","R","?","R","BOSS","M","$","?","M","?","R","E","M","T","E","?","R","M","M","R","BOSS","M","?","?","?","?","E","?","?","T","M","?","E","M","E","R","BOSS","R","$","E","BOSS"],"items_purchased_type":["Card","Relic","Card","Card","Card","Card","Relic","Relic","Card","Card"],"build_version":"2020-12-13","purchased_purges":1,"victory":true,"max_hp_per_floor":[75,75,75,75,75,75,75,75,75,75,75,75,75,75,75,75,75,75,75,52,52,52,52,52,52,52,52,52,52,52,52,52,52,52,52,52,52,52,52,52,52,52,52,52,52,52,52,59,59,59,59,59,59,59,59],"relic_stats":{"Nunchaku":[16],"Centennial Puzzle":[9],"Torii":28,"counters":[26,114],"Shuriken":[21],"Tiny Chest":3,"Turnip":[2],"Art of War":[9],"Whetstone":["UpSweep","MasterSpark"],"obtain_stats":[{"ReplayFunnel":40,"AmplifyWand":47,"Torii":48,"Blue Doll":27,"Whetstone":10,"Bottled Tornado":41,"Ancient Tea Set":43,"Replay:Wanted Poster":34,"Nunchaku":7,"Centennial Puzzle":46,"Mummified Hand":50,"Sundial":54,"Strawberry":48,"Tiny Chest":9,"Toxic Egg 2":45,"Replay:Towering Pillar of Hats":17,"Letter Opener":48,"Akabeko":22,"Mercury Hourglass":17,"WarpedTongs":37,"Du-Vu Doll":16,"Calling Bell":17,"ShroomBag":11,"Shuriken":10,"Simple Rune":54,"Turnip":46,"Art of War":12,"Garlic":26,"Bag of Marbles":41,"MiniHakkero":0,"Grinning Jar":14,"CatCart":39,"ReplayTheSpireMod:Lightbulb":17,"Mirror":24},{"ReplayFunnel":18,"AmplifyWand":22,"Torii":23,"Blue Doll":12,"Whetstone":5,"Bottled Tornado":18,"Ancient Tea Set":19,"Replay:Wanted Poster":15,"Nunchaku":4,"Centennial Puzzle":21,"Mummified Hand":24,"Sundial":25,"Strawberry":23,"Tiny Chest":4,"Toxic Egg 2":20,"Replay:Towering Pillar of Hats":7,"Letter Opener":23,"Akabeko":9,"Mercury Hourglass":7,"WarpedTongs":16,"Du-Vu Doll":7,"Calling Bell":7,"ShroomBag":5,"Shuriken":5,"Simple Rune":25,"Turnip":21,"Art of War":6,"Garlic":11,"Bag of Marbles":18,"MiniHakkero":0,"Grinning Jar":6,"CatCart":17,"ReplayTheSpireMod:Lightbulb":7,"Mirror":10},{"ReplayFunnel":76,"AmplifyWand":87,"Torii":96,"Blue Doll":52,"Whetstone":22,"Bottled Tornado":76,"Ancient Tea Set":78,"Replay:Wanted Poster":67,"Nunchaku":17,"Centennial Puzzle":86,"Mummified Hand":97,"Sundial":103,"Strawberry":96,"Tiny Chest":17,"Toxic Egg 2":81,"Replay:Towering Pillar of Hats":38,"Letter Opener":92,"Akabeko":43,"Mercury Hourglass":38,"WarpedTongs":69,"Du-Vu Doll":38,"Calling Bell":38,"ShroomBag":22,"Shuriken":22,"Simple Rune":107,"Turnip":86,"Art of War":29,"Garlic":48,"Bag of Marbles":76,"MiniHakkero":0,"Grinning Jar":29,"CatCart":73,"ReplayTheSpireMod:Lightbulb":38,"Mirror":46}],"Mercury Hourglass":[265],"WarpedTongs":[45]},"card_choices":[{"not_picked":["WitchLeyline","MilkyWay"],"picked":"WitchOfGreed","floor":1},{"not_picked":["LuminesStrike","MachineGunSpark"],"picked":"Robbery","floor":2},{"not_picked":["NonDirectionalLaser","WitchLeyline"],"picked":"Singularity","floor":5},{"not_picked":["MilkyWay","WitchLeyline"],"picked":"Acceleration","floor":7},{"not_picked":["SuperPerseids","UnstableBomb"],"picked":"StarBarrage","floor":10},{"not_picked":["LuminesStrike","TreasureHunter"],"picked":"SporeBomb","floor":12},{"not_picked":["FinalSpark","StarDustReverie"],"picked":"ManaRampage","floor":16},{"not_picked":["StarBarrage","EnergyRecoil"],"picked":"Acceleration+1","floor":18},{"not_picked":["ChargingUp","SuperPerseids"],"picked":"GasGiant","floor":21},{"not_picked":["Orbital","WitchLeyline+1"],"picked":"GravityBeat","floor":24},{"not_picked":["UnstableBomb+1","PowerUp"],"picked":"GalacticHalo","floor":25},{"not_picked":["OpenUniverse","OrrerysSun"],"picked":"IllusionStar","floor":27},{"not_picked":["ShootingEcho","FinalSpark"],"picked":"UnstableBomb","floor":30},{"not_picked":["OneTimeOff+1","GalacticHalo"],"picked":"MachineGunSpark+1","floor":31},{"not_picked":["MillisecondPulsars","AbsoluteMagnitude"],"picked":"BinaryStars","floor":33},{"not_picked":["NonDirectionalLaser+1","MilkyWay+1"],"picked":"PulseMagic","floor":35},{"not_picked":["MysteriousBeam+1","PowerUp+1"],"picked":"EventHorizon","floor":39},{"not_picked":["PowerUp+1","GalacticHalo"],"picked":"MachineGunSpark+1","floor":40},{"not_picked":["DC","DoubleSpark"],"picked":"6A","floor":42},{"not_picked":["GasGiant","WitchLeyline+1"],"picked":"GalacticHalo+1","floor":44},{"not_picked":["OneTimeOff+1","OpenUniverse+1"],"picked":"PropBag+1","floor":46},{"not_picked":["ShootingEcho+1","BlazeAway+1"],"picked":"DragonMeteor","floor":47},{"not_picked":["WitchLeyline","SporeBomb+1"],"picked":"PulseMagic+1","floor":48},{"not_picked":["AlicesGift","GalacticHalo+1"],"picked":"DeepEcoloBomb+1","floor":54}],"player_experience":1960299,"relics_obtained":[{"floor":7,"key":"Nunchaku"},{"floor":9,"key":"Tiny Chest"},{"floor":10,"key":"Shuriken"},{"floor":10,"key":"Whetstone"},{"floor":12,"key":"Art of War"},{"floor":16,"key":"Du-Vu Doll"},{"floor":17,"key":"ReplayTheSpireMod:Lightbulb"},{"floor":17,"key":"Mercury Hourglass"},{"floor":17,"key":"Replay:Towering Pillar of Hats"},{"floor":22,"key":"Akabeko"},{"floor":24,"key":"Mirror"},{"floor":26,"key":"Garlic"},{"floor":27,"key":"Blue Doll"},{"floor":39,"key":"CatCart"},{"floor":40,"key":"ReplayFunnel"},{"floor":43,"key":"Ancient Tea Set"},{"floor":45,"key":"Toxic Egg 2"},{"floor":46,"key":"Centennial Puzzle"},{"floor":46,"key":"Turnip"},{"floor":48,"key":"Strawberry"},{"floor":48,"key":"Torii"},{"floor":54,"key":"Simple Rune"}],"event_choices":[{"damage_healed":0,"gold_gain":0,"cards_transformed":["Strike_MRS"],"player_choice":"Transformed","damage_taken":0,"max_hp_gain":0,"max_hp_loss":0,"event_name":"Transmorgrifier","floor":3,"gold_loss":0,"cards_obtained":["SprinkleStarSeal"]},{"damage_healed":0,"gold_gain":0,"player_choice":"Gave Potion","damage_taken":0,"relics_obtained":["Grinning Jar"],"max_hp_gain":0,"max_hp_loss":0,"event_name":"WeMeetAgain","floor":14,"gold_loss":0},{"damage_healed":0,"gold_gain":0,"player_choice":"Became a vampire","damage_taken":0,"max_hp_gain":0,"max_hp_loss":23,"event_name":"Vampires","floor":20,"gold_loss":0,"cards_obtained":["Bite","Bite","Bite","Bite","Bite"]},{"damage_healed":0,"gold_gain":0,"player_choice":"Ignored","damage_taken":0,"max_hp_gain":0,"max_hp_loss":0,"event_name":"Ghosts","floor":28,"gold_loss":0},{"cards_removed":["EnergyFlow"],"damage_healed":0,"gold_gain":0,"player_choice":"Removed Power","damage_taken":0,"max_hp_gain":0,"max_hp_loss":0,"event_name":"Falling","floor":36,"gold_loss":0},{"damage_healed":0,"gold_gain":0,"player_choice":"Rummage","damage_taken":0,"relics_obtained":["WarpedTongs"],"max_hp_gain":0,"max_hp_loss":0,"event_name":"Accursed Blacksmith","floor":37,"gold_loss":0,"cards_obtained":["Pain"]},{"damage_healed":0,"gold_gain":0,"player_choice":"Fight","damage_taken":0,"max_hp_gain":0,"max_hp_loss":0,"event_name":"OrinTheCat","floor":39,"gold_loss":0}],"is_beta":false,"boss_relics":[{"not_picked":["Kintsugi","Astrolabe"],"picked":"Calling Bell"},{"not_picked":["SlaversCollar","RampagingMagicTools"],"picked":"Replay:Wanted Poster"}],"items_purged_floors":[41],"is_endless":false,"potions_floor_spawned":[2,5,7,21,24,27,31,35,40,47,48],"ascension_level":6}}