{"host":"r2b8ojg4o4pyvjvq","time":1608222053,"event":{"mods":["BaseMod","Colored Map","Downfall","Highlight Path","Hubris","Minty Spire (QoL Compilation)","Replay The Spire","StSLib","SuperFastMode","The Animator"],"gold_per_floor":[125,125,125,125,500,500,500,500,500,500,500,500,500,500,500,604,604,619,619,633,208,208,208,307,307,307,349,500,500,500,500,500,500,500,500,500,500,500],"floor_reached":37,"playtime":2809,"items_purged":["animator:Strike","animator:Strike","animator:NagisaMomoe","animator:YuiTsuruno"],"score":700,"play_id":"0d934e51-83d4-4a40-aa19-f593d88a9066","local_time":"20201217172053","is_ascension_mode":true,"campfire_choices":[{"data":"animator:MamiTomoe","floor":7,"key":"SMITH"},{"floor":11,"key":"REST"},{"floor":15,"key":"REST"},{"data":"animator:DolaSchwi","floor":23,"key":"SMITH"},{"data":"Pot Of Greed","floor":25,"key":"SMITH"},{"floor":32,"key":"REST"}],"circlet_count":0,"master_deck":["Immolate+1","animator:Strike_MadokaMagica","animator:Defend_MadokaMagica","animator:MamiTomoe+1","animator:YunYun+1","animator:DolaSchwi+1","animator:Megumin+3","animator:Kyubey","animator:Strike_FullmetalAlchemist+1","animator:Defend_Overlord+1","animator:Defend_AccelWorld","animator:Ainz+1","CurseOfTheBell","Pot Of Greed+1","Pot Of Greed","animator:Aqua+1","animator:PandorasActor+1","animator:Saber","animator:Kazuma","animator:Hans","animator:Saitama","Pot Of Greed"],"relics":["animator:LivingPicture","animator:TheMissingPiece","NeowsBlessing","hubris:Towel","Regal Pillow","Medical Kit","Calipers","Replay:Mystery Machine","Red Skull","Gremlin Horn","Oddly Smooth Stone","PreservedInsect","hubris:DeckOfHolding","hubris:CrystalStatue","ClockworkSouvenir","Calling Bell","Grinning Jar","Snack Pack","Replay:Kaleidoscope","hubris:Icosahedron","Boot","Centennial Puzzle","Whetstone","Mercury Hourglass","Frozen Eye","Paper Crane","Juzu Bracelet","Gremlin Food","Replay:Drink Me","Red Mask"],"acts_visited":["Exordium","TheCity","TheBeyond"],"potions_floor_usage":[16,33,33],"damage_taken":[{"damage":0,"enemies":"2 Louse","floor":1,"turns":1},{"damage":0,"enemies":"Lagavulin","floor":6,"turns":1},{"damage":0,"enemies":"Replay:BlueRogue","floor":8,"turns":1},{"damage":30,"enemies":"Lagavulin","floor":10,"turns":4},{"damage":27,"enemies":"3 Sentries","floor":12,"turns":6},{"damage":12,"enemies":"Hexaghost","floor":16,"turns":5},{"damage":16,"enemies":"2 Thieves","floor":18,"turns":2},{"damage":18,"enemies":"Chosen","floor":20,"turns":4},{"damage":0,"enemies":"Gremlin Leader","floor":27,"turns":3},{"damage":4,"enemies":"Centurion and Healer","floor":29,"turns":2},{"damage":24,"enemies":"Slavers","floor":30,"turns":2},{"damage":63,"enemies":"Collector","floor":33,"turns":9},{"damage":0,"enemies":"Orb Walker","floor":35,"turns":3},{"damage":64,"enemies":"2 Orb Walkers","floor":37,"turns":3}],"seed_played":"831536457702856164","potions_obtained":[{"floor":1,"key":"SpeedPotion"},{"floor":6,"key":"Weak Potion"},{"floor":8,"key":"Adrenaline Potion"},{"floor":20,"key":"Swift Potion"},{"floor":29,"key":"Slimebound:ThreeZeroPotion"},{"floor":33,"key":"Dexterity Potion"},{"floor":35,"key":"Block Potion"}],"is_trial":false,"path_per_floor":["M","?","?","?","$","E","R","E","T","E","R","E","$","?","R","B",null,"M","?","M","$","?","R","?","R","T","E","$","M","E","?","R","B",null,"M","?","?"],"character_chosen":"THE_ANIMATOR","items_purchased":["Regal Pillow","Medical Kit","Calipers","animator:YunYun","hubris:DeckOfHolding","hubris:CrystalStatue","ClockworkSouvenir","Boot","Centennial Puzzle","Frozen Eye","Paper Crane","Juzu Bracelet","animator:Saber","animator:Kazuma","animator:HarukoHaruhara"],"campfire_rested":3,"item_purchase_floors":[5,5,5,5,13,13,13,21,21,28,28,28,28,28,28],"current_hp_per_floor":[59,59,46,46,46,47,47,47,47,17,52,25,25,25,60,48,62,48,48,51,51,51,51,51,51,51,60,60,61,37,37,67,12,41,46,46,0,0],"gold":500,"neow_bonus":"THREE_ENEMY_KILL","is_daily":false,"chose_seed":false,"campfire_upgraded":3,"win_rate":0.0,"timestamp":1608222053,"path_taken":["M","?","?","?","$","E","R","E","T","E","R","E","?","?","R","BOSS","M","?","M","$","?","R","?","R","T","E","$","M","E","?","R","BOSS","M","?","?"],"items_purchased_type":["Relic","Relic","Relic","Card","Relic","Relic","Relic","Relic","Relic","Relic","Relic","Relic","Card","Card","Card"],"build_version":"2020-12-13","purchased_purges":4,"victory":false,"max_hp_per_floor":[66,66,66,66,66,67,67,67,67,67,67,67,67,67,67,67,67,67,67,67,67,67,67,67,67,67,67,67,67,67,67,67,67,51,51,51,51,51],"card_choices":[{"not_picked":["animator:IzunaHatsuse","animator:Tyuule"],"picked":"animator:MamiTomoe","floor":1},{"not_picked":["animator:YunYun","animator:SilverFang"],"picked":"animator:NagisaMomoe","floor":6},{"not_picked":["animator:Alexander","animator:Aqua"],"picked":"animator:DolaSchwi","floor":8},{"not_picked":["animator:SuzuneAmano","animator:Illya"],"picked":"animator:Megumin","floor":10},{"not_picked":["animator:Sebas","animator:OrikoMikuni"],"picked":"animator:Kyubey","floor":12},{"not_picked":["animator:PinaCoLada","animator:Shiro"],"picked":"animator:Ainz","floor":16},{"not_picked":["animator:RoryMercury","animator:Evileye"],"picked":"animator:Aqua+1","floor":18},{"not_picked":["animator:DolaCouronne","animator:YachiyoNanami+1"],"picked":"animator:PandorasActor","floor":20},{"not_picked":["animator:DolaCouronne","animator:Melzalgald"],"picked":"animator:Tyuule","floor":27},{"not_picked":["animator:Aqua","animator:Evileye+1"],"picked":"animator:Hans","floor":29},{"not_picked":["animator:Rider+1","animator:Bozes+1","animator:Kuribayashi"],"picked":"SKIP","floor":30},{"not_picked":["animator:Albedo","animator:Saber"],"picked":"animator:Saitama","floor":33},{"not_picked":["animator:Tyuule","animator:Geryuganshoop","animator:Shalltear+1"],"picked":"SKIP","floor":35}],"player_experience":448265,"relics_obtained":[{"floor":6,"key":"Replay:Mystery Machine"},{"floor":8,"key":"Red Skull"},{"floor":9,"key":"Gremlin Horn"},{"floor":10,"key":"Oddly Smooth Stone"},{"floor":12,"key":"PreservedInsect"},{"floor":17,"key":"Grinning Jar"},{"floor":17,"key":"Snack Pack"},{"floor":17,"key":"Replay:Kaleidoscope"},{"floor":26,"key":"Whetstone"},{"floor":27,"key":"Mercury Hourglass"},{"floor":30,"key":"Gremlin Food"}],"event_choices":[{"damage_healed":0,"gold_gain":0,"player_choice":"Entered Light","damage_taken":13,"max_hp_gain":0,"max_hp_loss":0,"event_name":"Shining Light","floor":3,"gold_loss":0,"cards_upgraded":["animator:Defend","animator:Strike"]},{"damage_healed":0,"gold_gain":99,"player_choice":"Stole From Cult","damage_taken":0,"max_hp_gain":0,"max_hp_loss":0,"event_name":"Nest","floor":24,"gold_loss":0},{"damage_healed":0,"gold_gain":0,"player_choice":"Bet on Murderer","damage_taken":0,"max_hp_gain":0,"max_hp_loss":0,"event_name":"The Joust","floor":31,"gold_loss":50},{"damage_healed":0,"gold_gain":0,"player_choice":"Paid","damage_taken":0,"relics_obtained":["Red Mask"],"max_hp_gain":0,"max_hp_loss":0,"event_name":"Tomb of Lord Red Mask","floor":36,"gold_loss":500},{"damage_healed":0,"gold_gain":0,"player_choice":"Fight","damage_taken":0,"max_hp_gain":0,"max_hp_loss":0,"event_name":"Mysterious Sphere","floor":37,"gold_loss":0}],"is_beta":false,"boss_relics":[{"not_picked":["hubris:VirtuousBlindfold","Philosopher\u0027s Stone"],"picked":"Calling Bell"},{"not_picked":["animator:VividPicture","hubris:RunicObelisk"],"picked":"Replay:Drink Me"}],"items_purged_floors":[5,13,21,28],"is_endless":false,"potions_floor_spawned":[1,6,8,10,20,29,30,33,35],"killed_by":"2 Orb Walkers","ascension_level":6}}