{"host":"4iumrvuiaf6fol98","time":1608228499,"event":{"mods":["AchievementEnabler","BaseMod","Colored Map","Colored Powertips","Minty Spire (QoL Compilation)","Quick Restart","StSLib"],"gold_per_floor":[359,359,359,434,457,457,477,4,4,27,42,42,63,79,79,199,199,223,44,68,68,141,141,180,204,229,2,52,102,102,152,152,276,276,300,350,365,415,528,528,528,528],"floor_reached":41,"playtime":4445,"items_purged":["Injury"],"score":476,"play_id":"adab9aa8-48e7-41a4-9241-089f54f67615","local_time":"20201217130819","is_ascension_mode":false,"campfire_choices":[{"floor":6.0,"key":"REST"},{"data":"Noxious Fumes","floor":12,"key":"SMITH"},{"data":"Distraction","floor":15,"key":"SMITH"},{"floor":23,"key":"REST"},{"data":"Noxious Fumes","floor":30,"key":"SMITH"},{"floor":32,"key":"REST"},{"data":"Noxious Fumes","floor":40,"key":"SMITH"}],"circlet_count":0,"master_deck":["Defend_G+1","Defend_G+1","Defend_G+1","Defend_G+1","Neutralize","Distraction+1","Slice","Dodge and Roll","Noxious Fumes+1","Deadly Poison","Bane","Deadly Poison","Poisoned Stab","Dagger Spray","Bane","Burst","Dagger Spray","Noxious Fumes+1","Flying Knee","Poisoned Stab","Blur","Bane+1","Die Die Die","Footwork","Noxious Fumes+1","Corpse Explosion","Bite","Bite","Bite","Bite","Bite","Malaise+1","Envenom+1","Riddle With Holes+1","Deadly Poison","Madness","Madness","Deflect","Deflect+1"],"relics":["Ring of the Snake","Golden Idol","Ornamental Fan","Incense Burner","Sozu","SsserpentHead","Bottled Flame","Snake Skull","Tiny Chest","Astrolabe","Gambling Chip"],"acts_visited":["Exordium","TheCity","TheBeyond"],"potions_floor_usage":[14],"damage_taken":[{"damage":1.0,"enemies":"Cultist","floor":1.0,"turns":4.0},{"damage":1.0,"enemies":"2 Louse","floor":5.0,"turns":3.0},{"damage":0.0,"enemies":"Small Slimes","floor":7.0,"turns":3.0},{"damage":0.0,"enemies":"Exordium Wildlife","floor":10.0,"turns":2.0},{"damage":2,"enemies":"Looter","floor":11,"turns":3},{"damage":0,"enemies":"Gremlin Gang","floor":13,"turns":4},{"damage":0,"enemies":"2 Fungi Beasts","floor":14,"turns":2},{"damage":8,"enemies":"Hexaghost","floor":16,"turns":8},{"damage":0,"enemies":"3 Byrds","floor":18,"turns":4},{"damage":0,"enemies":"Chosen","floor":20,"turns":3},{"damage":23,"enemies":"Shelled Parasite and Fungi","floor":22,"turns":4},{"damage":31,"enemies":"Gremlin Leader","floor":24,"turns":6},{"damage":20,"enemies":"Cultist and Chosen","floor":25,"turns":5},{"damage":40,"enemies":"Champ","floor":33,"turns":10},{"damage":7,"enemies":"Orb Walker","floor":35,"turns":3},{"damage":24,"enemies":"3 Shapes","floor":37,"turns":2},{"damage":22,"enemies":"Mind Bloom Boss Battle","floor":39,"turns":5},{"damage":37,"enemies":"Sphere and 2 Shapes","floor":41,"turns":3}],"seed_played":"8817464262407607313","potions_obtained":[{"floor":1.0,"key":"Explosive Potion"},{"floor":11,"key":"SkillPotion"},{"floor":14,"key":"CultistPotion"}],"is_trial":false,"path_per_floor":["M","?","?","?","M","R","M","$","T","M","M","R","M","M","R","B",null,"M","$","M","?","M","R","E","M","T","$","?","?","R","T","R","B",null,"M","?","M","?","?","R","M"],"character_chosen":"THE_SILENT","items_purchased":["Ornamental Fan","Noxious Fumes","Deadly Poison","Bane","Noxious Fumes","Flying Knee","Poisoned Stab","Noxious Fumes","Corpse Explosion"],"campfire_rested":3,"item_purchase_floors":[8,8,8,8,19,19,19,27,27],"current_hp_per_floor":[48,48,48,37,36,57,57,57,57,57,55,55,55,55,55,47,70,70,70,70,70,47,68,37,17,17,17,17,17,17,17,31,9,49,48,42,18,43,25,25,0,0],"gold":528,"neow_bonus":"TWO_FIFTY_GOLD","is_daily":false,"chose_seed":false,"campfire_upgraded":4,"win_rate":0.0,"timestamp":1608228499,"path_taken":["M","?","?","?","M","R","M","$","T","?","M","R","M","M","R","BOSS","M","$","M","?","?","R","E","M","T","$","?","?","R","?","R","BOSS","M","?","M","?","?","R","M"],"items_purchased_type":["Relic","Card","Card","Card","Card","Card","Card","Card","Card"],"build_version":"2020-12-13","purchased_purges":1,"victory":false,"max_hp_per_floor":[70,70,70,70,70,70,70,70,70,70,70,70,70,70,70,70,70,70,70,70,70,70,70,70,70,70,70,70,49,49,49,49,49,49,49,49,49,43,43,43,43,43],"card_choices":[{"not_picked":["Well Laid Plans","Quick Slash"],"picked":"Distraction","floor":1.0},{"not_picked":["Underhanded Strike","Sucker Punch"],"picked":"Slice","floor":5.0},{"not_picked":["Outmaneuver","Catalyst"],"picked":"Dodge and Roll","floor":7.0},{"not_picked":["Finisher","Dagger Throw"],"picked":"Deadly Poison","floor":10.0},{"not_picked":["Slice","Eviscerate"],"picked":"Poisoned Stab","floor":11},{"not_picked":["Slice","Heel Hook"],"picked":"Dagger Spray","floor":13},{"not_picked":["Terror","Doppelganger"],"picked":"Bane","floor":14},{"not_picked":["Bullet Time","Doppelganger"],"picked":"Burst","floor":16},{"not_picked":["Slice","Heel Hook"],"picked":"Dagger Spray","floor":18},{"not_picked":["Backflip","Dodge and Roll"],"picked":"Blur","floor":20},{"not_picked":["Prepared","Acrobatics"],"picked":"Bane+1","floor":22},{"not_picked":["Storm of Steel","Bane"],"picked":"Die Die Die","floor":24},{"not_picked":["Catalyst","Tactician"],"picked":"Footwork","floor":25},{"not_picked":["Burst","Bullet Time"],"picked":"Phantasmal Killer","floor":33},{"not_picked":["Underhanded Strike","Calculated Gamble+1"],"picked":"Deadly Poison","floor":35},{"not_picked":["PiercingWail","Terror"],"picked":"Deflect","floor":37},{"not_picked":["Slice+1","Acrobatics+1"],"picked":"Deflect+1","floor":39}],"player_experience":219683,"relics_obtained":[{"floor":9.0,"key":"Incense Burner"},{"floor":24,"key":"Bottled Flame"},{"floor":26,"key":"Snake Skull"},{"floor":31,"key":"Tiny Chest"},{"floor":39,"key":"Gambling Chip"}],"event_choices":[{"damage_healed":0.0,"max_hp_gain":0.0,"max_hp_loss":0.0,"gold_gain":0.0,"event_name":"Golden Wing","player_choice":"Ignored","floor":2.0,"gold_loss":0.0,"damage_taken":0.0},{"damage_healed":0.0,"max_hp_gain":0.0,"max_hp_loss":0.0,"gold_gain":0.0,"event_name":"Golden Idol","player_choice":"Take Wound","floor":3.0,"gold_loss":0.0,"damage_taken":0.0,"relics_obtained":["Golden Idol"],"cards_obtained":["Injury"]},{"damage_healed":0.0,"max_hp_gain":0.0,"max_hp_loss":0.0,"gold_gain":75.0,"event_name":"World of Goop","player_choice":"Gather Gold","floor":4.0,"gold_loss":0.0,"damage_taken":11.0},{"damage_healed":0,"gold_gain":0,"player_choice":"Trade","damage_taken":0,"relics_obtained":["SsserpentHead"],"max_hp_gain":0,"max_hp_loss":0,"event_name":"FaceTrader","floor":21,"gold_loss":0},{"damage_healed":0,"gold_gain":0,"player_choice":"Simplicity","damage_taken":0,"max_hp_gain":0,"max_hp_loss":0,"event_name":"Back to Basics","floor":28,"gold_loss":0,"cards_upgraded":["Strike_G","Strike_G","Strike_G","Strike_G","Strike_G","Defend_G","Defend_G","Defend_G","Defend_G","Defend_G"]},{"damage_healed":0,"gold_gain":0,"player_choice":"Became a vampire","damage_taken":0,"max_hp_gain":0,"max_hp_loss":21,"event_name":"Vampires","floor":29,"gold_loss":0,"cards_obtained":["Bite","Bite","Bite","Bite","Bite"]},{"damage_healed":0,"gold_gain":0,"player_choice":"Embrace Madness","damage_taken":6,"max_hp_gain":0,"max_hp_loss":0,"event_name":"Winding Halls","floor":36,"gold_loss":0,"cards_obtained":["Madness","Madness"]},{"damage_healed":43,"gold_gain":0,"player_choice":"Heal","damage_taken":0,"max_hp_gain":0,"max_hp_loss":6,"event_name":"The Moai Head","floor":38,"gold_loss":0},{"damage_healed":0,"gold_gain":0,"player_choice":"Fight","damage_taken":0,"max_hp_gain":0,"max_hp_loss":0,"event_name":"MindBloom","floor":39,"gold_loss":0}],"is_beta":false,"boss_relics":[{"not_picked":["Fusion Hammer","Empty Cage"],"picked":"Sozu"},{"not_picked":["Pandora\u0027s Box","Tiny House"],"picked":"Astrolabe"}],"items_purged_floors":[8],"is_endless":false,"potions_floor_spawned":[1,11,14,20,22,25,35,37],"killed_by":"Sphere and 2 Shapes","ascension_level":0}}