{"host":"02w9hl92h62kgkzk","time":1608191004,"event":{"mods":["2.2 Compatiblity","AchievementEnabler","Act Like it!","AlwaysNeverKeys","Aspiration","Bard","BaseMod","Beaked The Cultist","Better Altar","Better Match","Better Note","Better Sensory Stone","Better Skull","Better Third Choice","Better Vampires","BetterRewards","Block Reminder","CCEM","ChefMod","Colored Map","Colored Powertips","Conspire","Dio Mod","Downfall","Ekko","Elementarium","Emptier Cage","Energized Spire","Fireblade Mod","Friendly Minions","FruityMod","Gensokyo","GifTheSpireLib","Halation","Hallownest","Hermit","Hubris","Jorbs\u0027s Wanderer Trilogy","Magitek Elite","Marisa????????","Marked Mod","Minty Spire (QoL Compilation)","Permanent Neow","QueenMod","Quick Restart","Random Character Mod","Rare Cards Sparkle","Replay The Spire","Retaliation","Reworked Bosses","Robot Space Explorer","SIMod","Shade Mod","Shop Mod","Somnambulant","Spicy Shops","Spikes Relics","StSLib","Stuff the Spire","Synergy Search","The Administrix","The Alterego","The Animator","The Blackbeard","The Blue Laboratory","The Bug Knight","The Construct","The Cursed","The Death Knight","The Disciple","The Factory","The Fake Hero","The Forsaken","The Gatherer","The Hayseed","The Hierophant","The Judge","The Jungle","The Runesmith","The Valiant","The Vixen","The Wild Card","TheHero","TheVacant","Trackpad","Transform Curses","Unceasing Turn Reminder","Wandering Minibosses","thorton","vexMod"],"gold_per_floor":[115,126,401,413,425,440,440,440],"floor_reached":7,"playtime":381,"items_purged":[],"score":70,"play_id":"3304a2f2-1884-429f-af36-55b41dd61815","local_time":"20201217014324","daily_mods":["Draft"],"is_ascension_mode":false,"campfire_choices":[],"circlet_count":0,"master_deck":["theForsaken:InspiringBlow","theForsaken:Bolster","theForsaken:Thunderbolt","theForsaken:ScorchingSunlight","theForsaken:Terrorize","theForsaken:Thunderbolt","theForsaken:Preservation","theForsaken:RainingSunlight","theForsaken:Thunderbolt","theForsaken:Eulogy","theForsaken:RainingSunlight","theForsaken:Thunderbolt","theForsaken:WordsOfPestilence","theForsaken:PowerUp","theForsaken:ShieldBash","theForsaken:DefensiveStance","Regret"],"relics":["theForsaken:JudgementScales","Ring of Chaos"],"acts_visited":["Exordium"],"potions_floor_usage":[4],"damage_taken":[{"damage":12,"enemies":"conspire:RoseBush","floor":1,"turns":2},{"damage":6,"enemies":"Cultist","floor":2,"turns":3},{"damage":8,"enemies":"Jaw Worm","floor":4,"turns":1},{"damage":21,"enemies":"conspire:2 RoseBushes","floor":5,"turns":3},{"damage":14,"enemies":"3 Louse","floor":6,"turns":2},{"damage":4,"enemies":"Lagavulin","floor":7,"turns":4}],"seed_played":"-2672953015755739646","potions_obtained":[{"floor":1,"key":"AttackPotion"},{"floor":4,"key":"Fire Potion"},{"floor":6,"key":"blueLaboratory:LouseDecoction"}],"is_trial":true,"path_per_floor":["M","M","?","M","M","M","E"],"character_chosen":"THE_FORSAKEN","items_purchased":[],"campfire_rested":0,"item_purchase_floors":[],"current_hp_per_floor":[53,47,47,39,18,4,0,0],"gold":440,"neow_bonus":"","is_daily":false,"chose_seed":false,"campfire_upgraded":0,"win_rate":0.0,"timestamp":1608191004,"path_taken":["M","M","?","?","M","M","E"],"items_purchased_type":[],"build_version":"2020-12-13","purchased_purges":0,"victory":false,"max_hp_per_floor":[65,65,65,65,65,65,65,65],"card_choices":[{"not_picked":["theForsaken:HymnOfRest","theForsaken:WordsOfMight"],"picked":"theForsaken:InspiringBlow","floor":0},{"not_picked":["theForsaken:HymnOfPatience","theForsaken:BlindFaith"],"picked":"theForsaken:Bolster","floor":0},{"not_picked":["theForsaken:CleansingLight","theForsaken:Parry"],"picked":"theForsaken:Thunderbolt","floor":0},{"not_picked":["theForsaken:PanicDive","theForsaken:WordOfPower"],"picked":"theForsaken:ScorchingSunlight","floor":0},{"not_picked":["theForsaken:PowerUp","theForsaken:Enfeeble"],"picked":"theForsaken:Terrorize","floor":0},{"not_picked":["theForsaken:SolarFlare","theForsaken:HymnOfPatience"],"picked":"theForsaken:Thunderbolt","floor":0},{"not_picked":["theForsaken:PanicDive","theForsaken:StoreUp"],"picked":"theForsaken:Preservation","floor":0},{"not_picked":["theForsaken:ShieldCharge","theForsaken:AncientWords"],"picked":"theForsaken:RainingSunlight","floor":0},{"not_picked":["theForsaken:NobleSacrifice","theForsaken:WordOfPower"],"picked":"theForsaken:Thunderbolt","floor":0},{"not_picked":["theForsaken:HorrifyingStrike","theForsaken:Preservation"],"picked":"theForsaken:Eulogy","floor":0},{"not_picked":["theForsaken:WardingHymn","theForsaken:ShieldCharge"],"picked":"theForsaken:RainingSunlight","floor":0},{"not_picked":["theForsaken:BountifulSunlight","theForsaken:ScorchingSunlight"],"picked":"theForsaken:Thunderbolt","floor":0},{"not_picked":["theForsaken:NobleSacrifice","theForsaken:ScorchingSunlight"],"picked":"theForsaken:WordsOfPestilence","floor":0},{"not_picked":["theForsaken:BlindFaith","theForsaken:Preservation"],"picked":"theForsaken:PowerUp","floor":0},{"not_picked":["theForsaken:ShieldCharge","theForsaken:HymnOfPatience"],"picked":"theForsaken:ShieldBash","floor":0},{"not_picked":["theForsaken:BindingThorns","theForsaken:MagicWeapon","theForsaken:BlessedWeapon"],"picked":"SKIP","floor":1},{"not_picked":["theForsaken:Enfeeble","theForsaken:CowardsBrand"],"picked":"theForsaken:DefensiveStance","floor":2},{"not_picked":["theForsaken:Parry","theForsaken:HymnOfPatience","theForsaken:RainingSunlight"],"picked":"SKIP","floor":4},{"not_picked":["theForsaken:WordsOfMight","theForsaken:FuryStrikes","theForsaken:QuickAttack"],"picked":"SKIP","floor":5},{"not_picked":["theForsaken:PowerUp","theForsaken:Devotion","theForsaken:WordOfPower"],"picked":"SKIP","floor":6}],"player_experience":1103328,"relics_obtained":[],"event_choices":[{"damage_healed":0,"gold_gain":275,"player_choice":"Desecrate","damage_taken":0,"max_hp_gain":0,"max_hp_loss":0,"event_name":"Golden Shrine","floor":3,"gold_loss":0,"cards_obtained":["Regret"]}],"is_beta":false,"boss_relics":[],"items_purged_floors":[],"is_endless":false,"potions_floor_spawned":[1,4,6],"killed_by":"Lagavulin","ascension_level":0}}