{"host":"uhhucka17mqeuzwb","time":1608184422,"event":{"mods":["2.2 Compatiblity","AchievementEnabler","Act Like it!","Astrologer","BaseMod","Better Altar","Better Skull","Colored Powertips","Defuse TimeMaze Blight","Downfall","Energized Spire","Faster Ascension Climbing","Friendly Minions","Gensokyo","GifTheSpireLib","Gremlin Mod","Gremlin Skip","Halation","Hallownest","Hermit","HololiveMod","KinomotoSakuraMod(????)","Lobotomy","Marisa????????","Minty Spire (QoL Compilation)","Quick Restart","Red Circlet Mod","Replay The Spire","Reworked Bosses","Shade Mod","Shop Mod","StSLib","The Administrix","The Animator","The Blue Laboratory","The Bug Knight","The Cursed","The Factory","The Forsaken","Waifu the Spire"],"gold_per_floor":[82,82,22,34,54,72,89,89,89,108,108,121,121,96,96,195,195,214,224,240,1,35,35,35,35,35,35,35,62,62,78,166,287,287,310,325,325,325,325,344,390,453,495,105,105,105,115,115,115,131,131,145],"floor_reached":53,"playtime":9767,"items_purged":[],"score":960,"play_id":"de6cd6a4-43c4-47e2-bd2b-dbcf8c13cfa3","local_time":"20201217005342","is_ascension_mode":false,"campfire_choices":[{"data":"Hololive_CallShiroganeNoel","floor":8,"key":"SMITH"},{"data":"Hololive_CallUsadaPekora","floor":11,"key":"SMITH"},{"data":"Hololive_CallHoshimachiSuisei","floor":13,"key":"SMITH"},{"data":"Hololive_CallShiranuiFlare","floor":15,"key":"SMITH"},{"data":"Hololive_StrengthChampion","floor":23,"key":"SMITH"},{"data":"Hololive_StrengthChampion+1","floor":28,"key":"SMITH"},{"data":"Hololive_CallOzoraSubaru","floor":46,"key":"SMITH"},{"data":"Hololive_StrengthChampion+3","floor":48,"key":"SMITH"},{"data":"Hololive_StrengthChampion+4","floor":51,"key":"SMITH"}],"circlet_count":0,"master_deck":["Hololive_CallHoushouMarine","Hololive_CallShiroganeNoel+1","Hololive_CallUruhaRushia","Hololive_CallShiranuiFlare+1","Hololive_CallUsadaPekora+1","Hololive_StrengthChampion+5","Hololive_Strike","Hololive_Strike+1","Hololive_Defend","Hololive_Defend","Hololive_Breathe","Hololive_CallNatsuiroMatsuri+1","Wellcheers","Hololive_CallUruhaRushia","Hololive_LuckPotion","Hololive_CallHoshimachiSuisei+1","CENSORED","Hololive_CallMurasakiShion","Hololive_FlyingPonyTail","LittleHelper","Hololive_CallAkiRosenthal","Hololive_FlyingPonyTail","Hololive_MaximGun+1","Hololive_CocoNews+1","Hololive_CallNekomataOkayu","Hololive_CallMinatoAqua","Hololive_Yoholoon+1","Hololive_Teleport+1","RedShoes","Hololive_CallYozoraMel+1","OSAHOGD","Hololive_CallSakuraMiko+1","Hololive_DurableLive","UniverseFragment","Hololive_CallShirakamiFubuki","Hololive_LuckPotion+1","Hololive_FlyingPonyTail","Hololive_CallHimemoriLuna","BlackSwan","Hololive_CallOzoraSubaru+1","Hololive_DurableLive","Hololive_ILoveYou+1","Hololive_CandyCastle"],"relics":["Hololive_TheStar","CogitoBucket","Juzu Bracelet","Gensokyo:NagashiBinaDoll","Molten Egg 2","SkinProphecy","Sozu","Theresia","MerchantsRug","MutagenicStrength","Akabeko","Painkiller Herb","AtMidnight","AdjustmentMirror","halation:EternalFortune","Whetstone","Replay:WaspNest","DollysMirror","theForsaken:Kindling"],"acts_visited":["Gensokyo:Gensokyo","TheCity","TheBeyond"],"potions_floor_usage":[],"damage_taken":[{"damage":0,"enemies":"Gensokyo:3_Fairies","floor":1,"turns":5},{"damage":0,"enemies":"Gensokyo:Gryphon","floor":4,"turns":3},{"damage":0,"enemies":"Gensokyo:Python","floor":5,"turns":2},{"damage":0,"enemies":"Gensokyo:2_Rabbits","floor":6,"turns":2},{"damage":0,"enemies":"Gensokyo:LivingMonolith","floor":7,"turns":2},{"damage":14,"enemies":"Gensokyo:Python_and_Kodama","floor":10,"turns":3},{"damage":0,"enemies":"Gensokyo:2_Rabbits","floor":12,"turns":2},{"damage":0,"enemies":"Gensokyo:Yukari","floor":16,"turns":7},{"damage":0,"enemies":"3 Byrds","floor":18,"turns":3},{"damage":0,"enemies":"Chosen","floor":19,"turns":3},{"damage":2,"enemies":"3 Cultists","floor":20,"turns":4},{"damage":0,"enemies":"Snecko","floor":22,"turns":2},{"damage":0,"enemies":"Centurion and Healer","floor":29,"turns":3},{"damage":0,"enemies":"Cultist and Chosen","floor":31,"turns":3},{"damage":0,"enemies":"Automaton","floor":33,"turns":5},{"damage":0,"enemies":"Orb Walker","floor":35,"turns":4},{"damage":0,"enemies":"3 Shapes","floor":36,"turns":3},{"damage":0,"enemies":"Spire Growth","floor":40,"turns":3},{"damage":0,"enemies":"Transient","floor":41,"turns":5},{"damage":0,"enemies":"Giant Head","floor":42,"turns":6},{"damage":0,"enemies":"Maw","floor":43,"turns":4},{"damage":0,"enemies":"3 Darklings","floor":47,"turns":3},{"damage":0,"enemies":"Sphere and 2 Shapes","floor":50,"turns":1},{"damage":0,"enemies":"bossMod:newAwakened","floor":52,"turns":13},{"damage":14,"enemies":"Malkuth","floor":53,"turns":9},{"damage":2,"enemies":"Hod","floor":53,"turns":13},{"damage":160,"enemies":"Tiphereth","floor":53,"turns":26}],"seed_played":"821786008356875792","potions_obtained":[{"floor":6,"key":"Regen Potion"},{"floor":7,"key":"blueLaboratory:PolymorphPotion"}],"is_trial":false,"path_per_floor":["M","?","$","M","M","M","M","R","T","M","R","M","R","$","R","B",null,"M","M","M","$","M","R","?","?","T","$","R","M","?","M","R","B",null,"?","?","?","PTL","PTL","?","?","E","?","T","T","T","?","T","?","?","T","B",null],"character_chosen":"Hololive_HololiveCharacter","items_purchased":["Hololive_CallNatsuiroMatsuri+1","Hololive_FlyingPonyTail","MerchantsRug","Hololive_Yoholoon+1","Hololive_Teleport+1","Replay:WaspNest","DollysMirror"],"campfire_rested":0,"item_purchase_floors":[3,14,21,21,21,44,44],"current_hp_per_floor":[35,35,35,35,35,35,35,35,35,25,25,36,36,36,36,35,39,35,34,24,24,23,23,23,23,23,23,23,19,19,35,35,52,55,47,61,64,64,64,60,59,70,72,72,72,72,74,74,74,70,70,80],"gold":255,"neow_bonus":"","is_daily":false,"chose_seed":false,"campfire_upgraded":9,"win_rate":0.0,"timestamp":1608184422,"path_taken":["M","?","$","M","M","M","M","R","T","M","R","M","R","$","R","BOSS","M","M","M","$","M","R","?","?","T","$","R","M","?","M","R","BOSS","?","?","?","PTL","PTL","?","?","E","?","T","T","T","?","T","?","?","T","BOSS"],"items_purchased_type":["Card","Card","Relic","Card","Card","Relic","Relic"],"build_version":"2020-12-13","purchased_purges":0,"victory":true,"max_hp_per_floor":[35,35,35,35,35,35,35,35,35,35,35,37,37,37,37,39,39,41,43,47,47,49,49,49,49,49,49,49,51,51,53,53,55,55,59,61,64,64,64,66,68,70,72,72,72,72,74,74,74,76,76,80],"card_choices":[{"not_picked":["MeatLantern","PunishingBird","VoidDream"],"picked":"Singing Bowl","floor":1},{"not_picked":["Hololive_CallAmaneKanata","Hololive_StrengthChampion","Hololive_Drill"],"picked":"Hololive_Breathe","floor":1},{"not_picked":["GreedKing","NakedNest","CherryBlossoms"],"picked":"Singing Bowl","floor":4},{"not_picked":["ShyLook","SpiderBud"],"picked":"Wellcheers","floor":4},{"not_picked":["Hololive_CallShiroganeNoel","Hololive_OvertimeWork","Hololive_FlyingPonyTail"],"picked":"Hololive_CallUruhaRushia","floor":4},{"not_picked":["CrumblingArmor","MeatLantern","CherryBlossoms"],"picked":"Singing Bowl","floor":5},{"not_picked":["Hololive_Psychosis","Hololive_Sequa","Hololive_Drill"],"picked":"Hololive_LuckPotion","floor":5},{"not_picked":["PunishingBird","OldLady","CrumblingArmor"],"picked":"Singing Bowl","floor":6},{"not_picked":["Hololive_Rebound","Hololive_CocoNews","Hololive_RevenueBasedLive"],"picked":"Hololive_CallHoshimachiSuisei","floor":6},{"not_picked":["Freischutz","CrumblingArmor","ShyLook"],"picked":"Singing Bowl","floor":7},{"not_picked":["Scorched","HappyTeddy"],"picked":"CENSORED","floor":7},{"not_picked":["Hololive_OvertimeWork","Hololive_CallYukihanaLamy","Hololive_CallRoboco"],"picked":"Hololive_CallMurasakiShion","floor":7},{"not_picked":["CherryBlossoms","SnowQueen","VoidDream"],"picked":"Singing Bowl","floor":10},{"not_picked":["Hololive_CallAmaneKanata","Hololive_CallTokoyamiTowa","Hololive_OvertimeWork+1"],"picked":"Hololive_FlyingPonyTail","floor":10},{"not_picked":["Funeral","CherryBlossoms","PunishingBird"],"picked":"Singing Bowl","floor":12},{"not_picked":["CherryBlossoms","MHz"],"picked":"LittleHelper","floor":12},{"not_picked":["Hololive_ILoveYou","Hololive_Rebound","Hololive_CallOkamiMio"],"picked":"Hololive_CallAkiRosenthal","floor":12},{"not_picked":["Scorched","Woodsman","CrumblingArmor"],"picked":"Singing Bowl","floor":16},{"not_picked":["Hololive_ScarfAndHalo+1","Hololive_DiamondStrike+1","Hololive_IdolExercise"],"picked":"Hololive_MaximGun+1","floor":16},{"not_picked":["Alriune","MHz","LaLuna"],"picked":"Singing Bowl","floor":18},{"not_picked":["Hololive_HuntDinosaur+1","Hololive_SummonFox","Hololive_StrengthChampion+1"],"picked":"Hololive_CocoNews+1","floor":18},{"not_picked":["FairyFestival","FieryBird","Murderer"],"picked":"Singing Bowl","floor":19},{"not_picked":["Hololive_Breathe","Hololive_OvertimeWork+1","Hololive_CallAyundaRisu+1"],"picked":"Hololive_CallNekomataOkayu","floor":19},{"not_picked":["BeautyBeast","MHz","Funeral"],"picked":"Singing Bowl","floor":20},{"not_picked":["Hololive_LuckPotion","Hololive_Breathe","Hololive_CallShiranuiFlare"],"picked":"Hololive_CallMinatoAqua","floor":20},{"not_picked":["OldLady","BlackArmy","Rudolta"],"picked":"Singing Bowl","floor":22},{"not_picked":["Hololive_RevenueBasedLive","Hololive_Breathe","Hololive_FlyingPonyTail"],"picked":"Hololive_Spy+1","floor":22},{"not_picked":["LittlePrince","Freischutz"],"picked":"RedShoes","floor":29},{"not_picked":["Hololive_CocoNews+1","Hololive_LuckPotion","Hololive_Rebound"],"picked":"Hololive_CallYozoraMel+1","floor":29},{"not_picked":["Porccubus","SnowQueen"],"picked":"OSAHOGD","floor":31},{"not_picked":["Hololive_LuckPotion+1","Hololive_CallMoonaHoshinova","Hololive_DiamondStrike+1"],"picked":"Hololive_CallSakuraMiko+1","floor":31},{"not_picked":["MHz","BlueStar","SpiderBud"],"picked":"Singing Bowl","floor":33},{"not_picked":["Hololive_BeCareful","Hololive_OpenUp+1","Hololive_StarCraft"],"picked":"Hololive_DurableLive","floor":33},{"not_picked":["PunishingBird","NakedNest","SilentOrchestra"],"picked":"Singing Bowl","floor":35},{"not_picked":["Hololive_BeCareful","Hololive_RevenueBasedLive","Hololive_LuckPotion","Hololive_Trident+1"],"picked":"SKIP","floor":35},{"not_picked":["Murderer","CrumblingArmor"],"picked":"UniverseFragment","floor":36},{"not_picked":["Hololive_HuntDinosaur+1","Hololive_StrengthChampion+1","Hololive_CallAiraniIofifteen"],"picked":"Hololive_CallShirakamiFubuki","floor":36},{"not_picked":["HeroicMonk","PlagueDoctor","FieryBird"],"picked":"Singing Bowl","floor":40},{"not_picked":["Hololive_Psychosis+1","Hololive_CocoNews+1","Hololive_OvertimeWork+1"],"picked":"Hololive_LuckPotion+1","floor":40},{"not_picked":["CrumblingArmor","FieryBird","NothingThere"],"picked":"Singing Bowl","floor":41},{"not_picked":["Hololive_CallAyundaRisu","Hololive_Watashimo","Hololive_Breathe"],"picked":"Hololive_FlyingPonyTail","floor":41},{"not_picked":["Alriune","GreedKing","PlagueDoctor"],"picked":"Singing Bowl","floor":42},{"not_picked":["Hololive_SummonFox+1","Hololive_Sequa+1","Hololive_Rebound"],"picked":"Hololive_CallHimemoriLuna","floor":42},{"not_picked":["DespairKnight","BlackArmy","DreamingCurrent"],"picked":"Singing Bowl","floor":43},{"not_picked":["QueenBee","NakedNest"],"picked":"BlackSwan","floor":43},{"not_picked":["Hololive_Breathe","Hololive_CallYukihanaLamy","Hololive_ASMR+1"],"picked":"Hololive_CallOzoraSubaru","floor":43},{"not_picked":["DreamingCurrent","LaLuna","MeltingLove"],"picked":"Singing Bowl","floor":47},{"not_picked":["Hololive_Sequa+1","Hololive_HuntDinosaur","Hololive_Trident+1"],"picked":"Hololive_ILoveYou+1","floor":47},{"not_picked":["FieryBird","DreamingCurrent","Freischutz"],"picked":"Singing Bowl","floor":50},{"not_picked":["Hololive_CallMoonaHoshinova+1","Hololive_Drill+1","Hololive_CallShishiroBotan+1"],"picked":"Hololive_CandyCastle","floor":50}],"player_experience":1037754,"relics_obtained":[{"floor":9,"key":"Molten Egg 2"},{"floor":26,"key":"Akabeko"},{"floor":35,"key":"AtMidnight"},{"floor":42,"key":"Whetstone"},{"floor":45,"key":"theForsaken:Kindling"}],"event_choices":[{"damage_healed":0,"gold_gain":0,"player_choice":"Inject Mutagens","damage_taken":0,"relics_obtained":["MutagenicStrength"],"max_hp_gain":0,"max_hp_loss":0,"event_name":"Drug Dealer","floor":25,"gold_loss":0},{"cards_removed":["Hololive_Spy"],"damage_healed":0,"gold_gain":0,"player_choice":"Removed Skill","damage_taken":0,"max_hp_gain":0,"max_hp_loss":0,"event_name":"Falling","floor":49,"gold_loss":0}],"is_beta":false,"boss_relics":[{"not_picked":["halation:Yufonium","energizedSpire:HugeHouse"],"picked":"Sozu"},{"not_picked":["Kintsugi","halation:MonkeysPaw"],"picked":"Painkiller Herb"}],"items_purged_floors":[],"is_endless":false,"potions_floor_spawned":[6,7,18,19,29,41,42,43],"ascension_level":0}}