{"host":"sav7uxregyirlf69","time":1608176638,"event":{"mods":["AchievementEnabler","BaseMod","Colored Map","DeckTracker","Keyboard Shortcuts","Minty Spire (QoL Compilation)","READ ME - Guardian Mod","StSLib","SuperFastMode"],"gold_per_floor":[114,114,189,23,23,23,23,42,42,42,80,80,5,43,43,168,168,187,87,106,106,125,125,125],"floor_reached":23,"playtime":423,"items_purged":["Strike_B","Strike_B"],"score":195,"play_id":"5bbc83ec-20cf-4562-b776-e612be0b7872","local_time":"20201217124358","daily_mods":["Specialized","Flight","Lethality"],"is_ascension_mode":false,"campfire_choices":[{"data":"Apotheosis","floor":6,"key":"SMITH"},{"data":"White Noise","floor":7,"key":"SMITH"},{"floor":12,"key":"REST"},{"data":"Self Repair","floor":15,"key":"SMITH"}],"circlet_count":0,"master_deck":["Strike_B","Defend_B","Defend_B","Defend_B","Zap","Dualcast","White Noise","White Noise","White Noise+1","Self Repair+1","Apotheosis+1","Compile Driver","Auto Shields","Undo","Core Surge","Redo+1","Conserve Battery+1","Beam Cell+1","Recycle+1","Reinforced Body+1","Glacier"],"relics":["Cracked Core","Golden Idol","Pear","Strawberry","Bottled Tornado","Astrolabe"],"acts_visited":["Exordium","TheCity"],"potions_floor_usage":[14,22],"damage_taken":[{"damage":9,"enemies":"Cultist","floor":1,"turns":3},{"damage":3,"enemies":"2 Louse","floor":8,"turns":2},{"damage":33,"enemies":"3 Sentries","floor":11,"turns":4},{"damage":14,"enemies":"Gremlin Nob","floor":14,"turns":3},{"damage":30,"enemies":"Hexaghost","floor":16,"turns":8},{"damage":58,"enemies":"3 Byrds","floor":18,"turns":5},{"damage":0,"enemies":"Chosen","floor":20,"turns":6},{"damage":12,"enemies":"Centurion and Healer","floor":22,"turns":9},{"damage":46,"enemies":"Slavers","floor":23,"turns":2}],"seed_played":"-4230686447748436371","potions_obtained":[{"floor":11,"key":"FearPotion"},{"floor":16,"key":"PotionOfCapacity"},{"floor":20,"key":"Energy Potion"}],"is_trial":false,"path_per_floor":["M","?","?","$","?","R","R","M","T","?","E","R","$","E","R","B",null,"M","$","M","?","M","E"],"character_chosen":"DEFECT","items_purchased":["Apotheosis"],"campfire_rested":1,"item_purchase_floors":[4],"current_hp_per_floor":[66,66,55,55,55,55,55,59,69,43,17,42,42,35,35,15,86,38,38,48,48,46,0,0],"gold":125,"neow_bonus":"","is_daily":true,"chose_seed":false,"campfire_upgraded":3,"win_rate":0.0,"timestamp":1608176638,"path_taken":["M","?","?","?","?","R","R","M","T","?","E","R","?","E","R","BOSS","M","?","M","?","M","E"],"items_purchased_type":["Card"],"build_version":"2020-12-13","purchased_purges":2,"victory":false,"max_hp_per_floor":[75,75,75,75,69,69,69,69,79,86,86,86,86,86,86,86,86,86,86,86,86,86,86,86],"card_choices":[{"not_picked":["Redo","Ball Lightning"],"picked":"Self Repair","floor":1},{"not_picked":["Streamline","Redo"],"picked":"Compile Driver","floor":8},{"not_picked":["Genetic Algorithm","Reinforced Body"],"picked":"Auto Shields","floor":11},{"not_picked":["Streamline","Stack"],"picked":"Undo","floor":14},{"not_picked":["Meteor Strike","Fission"],"picked":"Core Surge","floor":16},{"not_picked":["Compile Driver","Stack"],"picked":"Recycle+1","floor":18},{"not_picked":["Beam Cell","Reprogram+1"],"picked":"Reinforced Body+1","floor":20},{"not_picked":["Double Energy","Sweeping Beam","Conserve Battery"],"picked":"SKIP","floor":22}],"player_experience":935781,"relics_obtained":[{"floor":9,"key":"Pear"},{"floor":14,"key":"Bottled Tornado"}],"event_choices":[{"cards_removed":["White Noise"],"damage_healed":0,"gold_gain":0,"player_choice":"Forget","damage_taken":0,"max_hp_gain":0,"max_hp_loss":0,"event_name":"Living Wall","floor":2,"gold_loss":0},{"damage_healed":0,"gold_gain":75,"player_choice":"Gather Gold","damage_taken":11,"max_hp_gain":0,"max_hp_loss":0,"event_name":"World of Goop","floor":3,"gold_loss":0},{"damage_healed":0,"gold_gain":0,"player_choice":"Lose Max HP","damage_taken":0,"relics_obtained":["Golden Idol"],"max_hp_gain":0,"max_hp_loss":6,"event_name":"Golden Idol","floor":5,"gold_loss":0},{"damage_healed":0,"gold_gain":0,"player_choice":"Success","damage_taken":33,"relics_obtained":["Strawberry"],"max_hp_gain":0,"max_hp_loss":0,"event_name":"Scrap Ooze","floor":10,"gold_loss":0},{"damage_healed":0,"gold_gain":0,"player_choice":"Read","damage_taken":0,"max_hp_gain":0,"max_hp_loss":0,"event_name":"The Library","floor":21,"gold_loss":0,"cards_obtained":["Glacier"]}],"is_beta":false,"boss_relics":[{"not_picked":["Runic Pyramid","Busted Crown"],"picked":"Astrolabe"}],"items_purged_floors":[13,19],"is_endless":false,"potions_floor_spawned":[11,16,20],"killed_by":"Slavers","ascension_level":0}}