{"host":"iv8gkcqs5ryn8eyc","time":1608237998,"event":{"mods":["BaseMod","Colored Map","Colored Powertips","Minty Spire (QoL Compilation)","Replay The Spire","Shade Mod","Spire Birthday Party","StSLib","The Blackbeard","The Blue Laboratory","The Runesmith","The Servant 0.9.4","The Wild Card","TheVacant"],"gold_per_floor":[110,121,121,136,162,189,189,224,224,240,257,257,284,296,296,397,397,413,430,445,445,445,445,360,392,392,392,317,334,334,349,349,349,349],"floor_reached":33,"playtime":1865,"items_purged":["Shade:Defend_Shade"],"score":328,"play_id":"8ad611b4-dec7-4e68-ae44-d4dc468955a1","local_time":"20201217154638","is_ascension_mode":true,"campfire_choices":[{"data":"Shade:CallWraith","floor":7,"key":"SMITH"},{"floor":15,"key":"REST"},{"data":"Shade:FreshBones","floor":23,"key":"SMITH"},{"data":"Shade:PressTheAttack","floor":27,"key":"SMITH"},{"floor":30,"key":"RECALL"},{"data":"Shade:FingerOfDeath","floor":32,"key":"SMITH"}],"circlet_count":0,"master_deck":["Shade:Strike_Shade","Shade:Strike_Shade","Shade:Strike_Shade","Shade:Strike_Shade","Shade:Defend_Shade","Shade:Defend_Shade","Shade:AnimateDead","Shade:CarefulCut","Shade:CommandSoldier","Shade:GraveStillness","Shade:FingerOfDeath+1","Shade:GraveStillness","Shade:CallWraith+1","Shade:WallOfFlesh","Shade:Bite_Shade","Shade:PressTheAttack+1","Shade:SkeletonHug","Shade:Frenzy","Shade:Consume","Shade:WallOfFlesh+1","Shade:StitchTogether","Shade:FreshBones+1","Shade:Doomsay","Shade:AblativeArmor+1"],"relics":["Shade:YorickSkull","Juzu Bracelet","Strawberry","Oddly Smooth Stone","ReplayTheSpireMod:Ring of Collecting","Ring of Fury","ReplayTheSpireMod:TigerMarble","Velvet Choker","Lantern","FossilizedHelix","Regal Pillow"],"acts_visited":["Exordium","TheCity"],"potions_floor_usage":[8,8,16,33,33],"damage_taken":[{"damage":1,"enemies":"Small Slimes","floor":1,"turns":3},{"damage":0,"enemies":"Jaw Worm","floor":2,"turns":3},{"damage":0,"enemies":"Cultist","floor":4,"turns":3},{"damage":1,"enemies":"Replay:BlueRogue","floor":6,"turns":7},{"damage":18,"enemies":"Gremlin Nob","floor":8,"turns":4},{"damage":0,"enemies":"Exordium Wildlife","floor":10,"turns":7},{"damage":0,"enemies":"3 Louse","floor":11,"turns":4},{"damage":6,"enemies":"3 Sentries","floor":13,"turns":5},{"damage":0,"enemies":"Large Slime","floor":14,"turns":5},{"damage":7,"enemies":"Fading Forest","floor":16,"turns":11},{"damage":1,"enemies":"3 Byrds","floor":18,"turns":4},{"damage":0,"enemies":"2 Thieves","floor":19,"turns":3},{"damage":0,"enemies":"Snake Plant","floor":20,"turns":3},{"damage":0,"enemies":"Gremlin Leader","floor":25,"turns":8},{"damage":0,"enemies":"Cultist and Chosen","floor":29,"turns":4},{"damage":0,"enemies":"Sentry and Sphere","floor":31,"turns":3},{"damage":78,"enemies":"Collector","floor":33,"turns":11}],"seed_played":"6390623935112407859","potions_obtained":[{"floor":2,"key":"Block Potion"},{"floor":4,"key":"Swift Potion"},{"floor":6,"key":"blueLaboratory:RecallPotion"},{"floor":18,"key":"blueLaboratory:RememoryPotion"},{"floor":25,"key":"blueLaboratory:Moonshine"},{"floor":31,"key":"SneckoOil"}],"is_trial":false,"path_per_floor":["M","M","?","M","T","E","R","E","T","M","M","?","E","M","R","B",null,"M","M","M","?","?","R","?","E","T","R","$","M","R","M","R","B"],"character_chosen":"SHADE","items_purchased":[],"campfire_rested":1,"item_purchase_floors":[],"current_hp_per_floor":[64,64,57,57,57,63,63,45,45,45,47,47,45,47,68,72,72,72,72,72,72,72,72,72,72,72,72,72,72,72,72,72,0,0],"gold":349,"neow_bonus":"THREE_CARDS","is_daily":false,"chose_seed":false,"campfire_upgraded":4,"win_rate":0.0,"timestamp":1608237998,"path_taken":["M","M","?","M","?","E","R","E","T","M","M","?","E","M","R","BOSS","M","M","M","?","?","R","?","E","T","R","$","M","R","M","R","BOSS"],"items_purchased_type":[],"build_version":"2020-12-13","purchased_purges":1,"victory":false,"max_hp_per_floor":[65,65,65,65,65,72,72,72,72,72,72,72,72,72,72,72,72,72,72,72,72,72,72,72,72,72,72,72,72,72,72,72,72,72],"card_choices":[{"not_picked":["Shade:CoffinDance","Shade:FeralStrike"],"picked":"Shade:CommandSoldier","floor":0},{"not_picked":["Shade:GreyBargain","Shade:Asphyxiate"],"picked":"Shade:GraveStillness","floor":1},{"not_picked":["Shade:FeralStrike","Shade:Brains"],"picked":"Shade:FingerOfDeath","floor":2},{"not_picked":["Shade:SpectralStrikes","Shade:FeralStrike"],"picked":"Shade:GraveStillness","floor":4},{"not_picked":["Shade:FleshOffering","Shade:FeralStrike"],"picked":"Shade:CallWraith","floor":6},{"not_picked":["Shade:TouchOfTheGrave","Shade:CommandSoldier"],"picked":"Shade:WallOfFlesh","floor":8},{"not_picked":["Shade:AncientSpear","Shade:FreshBones"],"picked":"Shade:Bite_Shade","floor":10},{"not_picked":["Shade:Trample","Shade:FeralStrike"],"picked":"Shade:PressTheAttack","floor":11},{"not_picked":["Shade:UnbarTheGrave","Shade:RavenousHorde"],"picked":"Shade:SkeletonHug","floor":13},{"not_picked":["Shade:SpontaneousRitual","Shade:CoffinDance"],"picked":"Shade:Frenzy","floor":14},{"not_picked":["Shade:OneIsEnough","Shade:Tombstone"],"picked":"Shade:Consume","floor":16},{"not_picked":["Shade:FleshOffering","Shade:GraveStillness","Shade:FuneraryArmor"],"picked":"SKIP","floor":18},{"not_picked":["Shade:SoulToxin","Shade:Premonition"],"picked":"Shade:WallOfFlesh+1","floor":19},{"not_picked":["Shade:Asphyxiate","Shade:GraveStillness"],"picked":"Shade:StitchTogether","floor":20},{"not_picked":["Shade:WallOfFlesh","Shade:OminousRitual"],"picked":"Shade:Doomsay","floor":25},{"not_picked":["Shade:FeralStrike","Shade:WallOfFlesh","Shade:Brains"],"picked":"SKIP","floor":29},{"not_picked":["Shade:Carnophage","Shade:StitchTogether"],"picked":"Shade:AblativeArmor+1","floor":31}],"player_experience":323943,"relics_obtained":[{"floor":5,"key":"Juzu Bracelet"},{"floor":6,"key":"Strawberry"},{"floor":8,"key":"Oddly Smooth Stone"},{"floor":12,"key":"ReplayTheSpireMod:Ring of Collecting"},{"floor":12,"key":"Ring of Fury"},{"floor":13,"key":"ReplayTheSpireMod:TigerMarble"},{"floor":25,"key":"FossilizedHelix"},{"floor":26,"key":"Regal Pillow"}],"event_choices":[{"cards_removed":["Shade:Defend_Shade"],"damage_healed":0,"gold_gain":0,"player_choice":"Card Removal","damage_taken":7,"max_hp_gain":0,"max_hp_loss":0,"event_name":"Golden Wing","floor":3,"gold_loss":0},{"damage_healed":0,"gold_gain":0,"player_choice":"Read","damage_taken":0,"max_hp_gain":0,"max_hp_loss":0,"event_name":"The Library","floor":21,"gold_loss":0,"cards_obtained":["Shade:FreshBones"]},{"damage_healed":0,"gold_gain":0,"player_choice":"Ignored","damage_taken":0,"max_hp_gain":0,"max_hp_loss":0,"event_name":"Ghosts","floor":22,"gold_loss":0},{"damage_healed":0,"gold_gain":0,"player_choice":"Obtained Relic","damage_taken":0,"relics_obtained":["Lantern"],"max_hp_gain":0,"max_hp_loss":0,"event_name":"Addict","floor":24,"gold_loss":85}],"is_beta":false,"boss_relics":[{"not_picked":["Runesmith:UraniumAnvil","ChewingGum"],"picked":"Velvet Choker"}],"items_purged_floors":[28],"is_endless":false,"potions_floor_spawned":[2,4,6,18,25,31],"killed_by":"Collector","ascension_level":1}}