{"host":"agela5aetnmltfvm","time":1608210748,"event":{"mods":["BaseMod","Colored Map","Jorbs\u0027s Wanderer Trilogy","Lobotomy","Minty Spire (QoL Compilation)","Replay The Spire","StSLib","The Hierophant","The Jungle","The Runesmith"],"gold_per_floor":[116,134,134,152,164,196,208,208,208,208,222,242,120,130,130,230,230,245,245,264,264,264,264],"floor_reached":22,"playtime":1066,"items_purged":["Runesmith:Strike_RS"],"score":190,"play_id":"3d5149d1-6082-4df9-bad2-1a4cf60dda1d","local_time":"20201217211228","is_ascension_mode":false,"campfire_choices":[{"data":"ReplayTheSpireMod:Armaments MK-II-B","floor":8,"key":"SMITH"}],"circlet_count":0,"master_deck":["Runesmith:Strike_RS","Runesmith:Strike_RS","Runesmith:Defend_RS","Runesmith:Defend_RS","Runesmith:Fortify","Runesmith:CraftIncendium","ReplayTheSpireMod:Armaments MK-II-B+1","Runesmith:Firestorm","Runesmith:Duplicate","Runesmith:Supernova","Runesmith:RunicBlueprint","Runesmith:CraftMagma","Runesmith:CraftPrismatica","Runesmith:CreatorForm+1","Runesmith:CraftVitae+1","Runesmith:CraftPrismatica+1","RitualDagger"],"relics":["NeowsBlessing","m_RuneBlood","Happy Flower","Replay:Accelerometer","FaceOfCleric","Astrolabe"],"acts_visited":["Exordium","TheCity"],"potions_floor_usage":[6,7],"damage_taken":[{"damage":0,"enemies":"Small Slimes","floor":1,"turns":1},{"damage":0,"enemies":"2 Louse","floor":2,"turns":2},{"damage":0,"enemies":"Cultist","floor":4,"turns":1},{"damage":4,"enemies":"Red Slaver","floor":5,"turns":6},{"damage":14,"enemies":"Lagavulin","floor":6,"turns":9},{"damage":3,"enemies":"Lots of Slimes","floor":7,"turns":3},{"damage":7,"enemies":"Exordium Wildlife","floor":11,"turns":5},{"damage":0,"enemies":"2 Fungi Beasts","floor":12,"turns":5},{"damage":4,"enemies":"Blue Slaver","floor":14,"turns":5},{"damage":35,"enemies":"Hexaghost","floor":16,"turns":13},{"damage":22,"enemies":"Chosen","floor":18,"turns":6},{"damage":26,"enemies":"3 Byrds","floor":20,"turns":6},{"damage":32,"enemies":"Centurion and Healer","floor":22,"turns":5}],"seed_played":"2472299215483193880","potions_obtained":[{"floor":1,"key":"Block Potion"},{"floor":5,"key":"Explosive Potion"},{"floor":6,"key":"Dexterity Potion"},{"floor":14,"key":"SneckoOil"},{"floor":18,"key":"LifebloodPotion"}],"is_trial":false,"path_per_floor":["M","M","?","M","M","E","M","R","T","?","M","M","$","M","R_BF","B",null,"M","?","M","?","M"],"character_chosen":"RUNESMITH_CLASS","items_purchased":["Runesmith:CraftMagma"],"campfire_rested":0,"item_purchase_floors":[13],"current_hp_per_floor":[70,70,70,70,69,58,58,58,58,58,54,57,57,56,56,25,71,53,53,31,25,0,0],"gold":264,"neow_bonus":"THREE_ENEMY_KILL","is_daily":false,"chose_seed":false,"campfire_upgraded":1,"win_rate":0.0,"timestamp":1608210748,"path_taken":["M","M","?","M","M","E","M","R","T","?","M","?","?","M","R_BF","BOSS","M","?","M","?","M"],"items_purchased_type":["Card"],"build_version":"2020-12-13","purchased_purges":1,"victory":false,"max_hp_per_floor":[70,70,70,70,70,70,70,70,70,70,70,70,70,70,70,71,71,72,72,73,73,73,73],"card_choices":[{"not_picked":["Runesmith:Firestorm","Runesmith:StaticCage"],"picked":"Runesmith:CraftIncendium","floor":1},{"not_picked":["Runesmith:Prism","Runesmith:StaticCage"],"picked":"Runesmith:Empowerment","floor":2},{"not_picked":["Perfected Strike","Runesmith:CraftMagma"],"picked":"Runesmith:Firestorm","floor":4},{"not_picked":["Runesmith:Accelerate","Runesmith:CraftProtectio","Runesmith:RuneHurl"],"picked":"SKIP","floor":5},{"not_picked":["Runesmith:HeatExchange","Perfected Strike"],"picked":"Runesmith:Duplicate","floor":6},{"not_picked":["Runesmith:HammerThrow","Runesmith:Fortify","Runesmith:CraftProtectio"],"picked":"SKIP","floor":7},{"not_picked":["Runesmith:LithiumIon","ReplayTheSpireMod:Armaments MK-II-B"],"picked":"Runesmith:Supernova","floor":11},{"not_picked":["Runesmith:StaticCage","Runesmith:CraftProtectio"],"picked":"Runesmith:RunicBlueprint","floor":12},{"not_picked":["Runesmith:MakeshiftArmor","Runesmith:Overpower","Runesmith:RuneHurl"],"picked":"SKIP","floor":14},{"not_picked":["Runesmith:ReplicatingBarrier","Runesmith:MetallurgicalResearch"],"picked":"Runesmith:CraftPrismatica","floor":16},{"not_picked":["Runesmith:PoweredAnvil","Runesmith:HeatExchange","Runesmith:UnstableHammer"],"picked":"SKIP","floor":18},{"not_picked":["Runesmith:HeatExchange","Runesmith:MakeshiftArmor","Runesmith:StaticCage"],"picked":"SKIP","floor":20}],"player_experience":515978,"relics_obtained":[{"floor":6,"key":"Happy Flower"},{"floor":9,"key":"Replay:Accelerometer"}],"event_choices":[{"cards_removed":["Runesmith:Defend_RS"],"damage_healed":0,"gold_gain":0,"player_choice":"Purged","damage_taken":0,"max_hp_gain":0,"max_hp_loss":0,"event_name":"Purifier","floor":10,"gold_loss":0},{"damage_healed":0,"gold_gain":0,"player_choice":"Trade","damage_taken":0,"relics_obtained":["FaceOfCleric"],"max_hp_gain":0,"max_hp_loss":0,"event_name":"FaceTrader","floor":15,"gold_loss":0},{"damage_healed":0,"gold_gain":0,"player_choice":"Ignored","damage_taken":0,"max_hp_gain":0,"max_hp_loss":0,"event_name":"Vampires","floor":19,"gold_loss":0},{"damage_healed":0,"gold_gain":0,"player_choice":"Joined the Cult","damage_taken":6,"max_hp_gain":0,"max_hp_loss":0,"event_name":"Nest","floor":21,"gold_loss":0,"cards_obtained":["RitualDagger"]}],"is_beta":false,"boss_relics":[{"not_picked":["Empty Cage","Replay:Bronze Core"],"picked":"Astrolabe"}],"items_purged_floors":[13],"is_endless":false,"potions_floor_spawned":[1,5,6,14,18],"killed_by":"Centurion and Healer","ascension_level":0}}