{"host":"mcdusr64esz012l0","time":1608198923,"event":{"mods":["BaseMod","Minty Spire (QoL Compilation)","Relic Stats"],"gold_per_floor":[110,110,51,70,88,88,117,117,117,146,165,165,200,211,211,288,288,302,352,362,362,377,377,377],"floor_reached":23,"playtime":1454,"items_purged":[],"score":460,"play_id":"4782f6e8-18e2-4aa6-bb2d-eee73b17b116","local_time":"20201217045523","is_ascension_mode":true,"campfire_choices":[{"data":"Chaos","floor":6.0,"key":"SMITH"},{"data":"Reinforced Body","floor":8.0,"key":"SMITH"},{"data":"Leap","floor":15.0,"key":"SMITH"}],"circlet_count":0,"master_deck":["AscendersBane","Strike_B","Strike_B","Defend_B","Defend_B","Defend_B","Defend_B","Zap","Dualcast","Undo","Chaos+1","Conserve Battery","Ball Lightning","FTL","Leap+1","Reinforced Body+1","Machine Learning","Consume+1","Multi-Cast","Cold Snap","Reboot"],"relics":["Cracked Core","Bottled Flame","HornCleat","Unceasing Top","Toy Ornithopter","Runic Pyramid","CultistMask"],"acts_visited":["Exordium","TheCity"],"potions_floor_usage":[23],"damage_taken":[{"damage":4.0,"enemies":"Small Slimes","floor":1.0,"turns":5.0},{"damage":0.0,"enemies":"Jaw Worm","floor":4.0,"turns":3.0},{"damage":1.0,"enemies":"Cultist","floor":5.0,"turns":4.0},{"damage":8.0,"enemies":"Gremlin Nob","floor":7.0,"turns":3.0},{"damage":5.0,"enemies":"3 Sentries","floor":10.0,"turns":5.0},{"damage":0.0,"enemies":"Blue Slaver","floor":11.0,"turns":4.0},{"damage":0.0,"enemies":"Lagavulin","floor":13.0,"turns":7.0},{"damage":0.0,"enemies":"Red Slaver","floor":14.0,"turns":5.0},{"damage":4.0,"enemies":"The Guardian","floor":16.0,"turns":10.0},{"damage":14.0,"enemies":"Chosen","floor":18.0,"turns":9.0},{"damage":5.0,"enemies":"Spheric Guardian","floor":20.0,"turns":5.0},{"damage":10.0,"enemies":"Chosen and Byrds","floor":22.0,"turns":9.0},{"damage":63,"enemies":"Book of Stabbing","floor":23,"turns":7}],"seed_played":"3842841867037016085","potions_obtained":[{"floor":10.0,"key":"Regen Potion"},{"floor":11.0,"key":"Swift Potion"},{"floor":20.0,"key":"PowerPotion"}],"is_trial":false,"path_per_floor":["M","?","$","M","M","R","E","R","T","E","M","?","E","M","R","B",null,"M","?","M","?","M","E"],"character_chosen":"DEFECT","items_purchased":["Ball Lightning"],"campfire_rested":0,"item_purchase_floors":[3],"current_hp_per_floor":[42,65,65,65,64,64,56,56,56,51,51,51,51,51,51,47,65,51,51,46,46,41,0,0],"gold":377,"neow_bonus":"TRANSFORM_TWO_CARDS","is_daily":false,"chose_seed":false,"campfire_upgraded":3,"win_rate":0.0,"timestamp":1608198923,"path_taken":["M","?","$","M","M","R","E","R","T","E","M","?","E","M","R","BOSS","M","?","?","?","?","E"],"items_purchased_type":["Card"],"build_version":"2020-12-13","purchased_purges":0,"victory":false,"max_hp_per_floor":[71,71,71,71,71,71,71,71,71,71,71,71,71,71,71,71,71,71,71,71,71,71,71,71],"relic_stats":{"counters":[13,76],"obtain_stats":[{"Bottled Flame":7,"HornCleat":9,"CultistMask":21,"Cracked Core":0,"Unceasing Top":10,"Toy Ornithopter":13,"Runic Pyramid":17},{"Bottled Flame":4,"HornCleat":4,"CultistMask":11,"Cracked Core":0,"Unceasing Top":5,"Toy Ornithopter":7,"Runic Pyramid":9},{"Bottled Flame":15,"HornCleat":15,"CultistMask":60,"Cracked Core":0,"Unceasing Top":20,"Toy Ornithopter":31,"Runic Pyramid":46}],"Unceasing Top":[3],"Toy Ornithopter":10},"card_choices":[{"not_picked":["Coolheaded","Redo"],"picked":"Conserve Battery","floor":1.0},{"not_picked":["Ball Lightning","Beam Cell"],"picked":"FTL","floor":4.0},{"not_picked":["Beam Cell","Chaos"],"picked":"Leap","floor":5.0},{"not_picked":["BootSequence","Lockon"],"picked":"Reinforced Body","floor":7.0},{"not_picked":["Streamline","Melter"],"picked":"Machine Learning","floor":10.0},{"not_picked":["Chaos","Tempest"],"picked":"Consume","floor":11.0},{"not_picked":["Gash","Skim","Sweeping Beam"],"picked":"SKIP","floor":13.0},{"not_picked":["Auto Shields","Rebound","Leap"],"picked":"SKIP","floor":14.0},{"not_picked":["Machine Learning","Hyperbeam"],"picked":"Multi-Cast","floor":16.0},{"not_picked":["Beam Cell","Conserve Battery"],"picked":"Cold Snap","floor":18.0},{"not_picked":["Gash","Conserve Battery","Chill"],"picked":"SKIP","floor":20.0},{"not_picked":["Rebound","Force Field"],"picked":"Reboot","floor":22.0}],"player_experience":989232,"relics_obtained":[{"floor":7.0,"key":"Bottled Flame"},{"floor":9.0,"key":"HornCleat"},{"floor":10.0,"key":"Unceasing Top"},{"floor":13.0,"key":"Toy Ornithopter"}],"event_choices":[{"damage_healed":23.0,"max_hp_gain":0.0,"max_hp_loss":0.0,"gold_gain":0.0,"event_name":"Big Fish","player_choice":"Banana","floor":2.0,"gold_loss":0.0,"damage_taken":0.0},{"damage_healed":0.0,"max_hp_gain":0.0,"max_hp_loss":0.0,"gold_gain":0.0,"event_name":"Living Wall","player_choice":"Grow","floor":12.0,"gold_loss":0.0,"damage_taken":0.0,"cards_upgraded":["Consume"]},{"damage_healed":0.0,"max_hp_gain":0.0,"max_hp_loss":0.0,"gold_gain":100.0,"event_name":"The Joust","player_choice":"Bet on Murderer","floor":19.0,"gold_loss":50.0,"damage_taken":0.0},{"damage_healed":0.0,"max_hp_gain":0.0,"max_hp_loss":0.0,"gold_gain":0.0,"event_name":"FaceTrader","player_choice":"Trade","floor":21.0,"gold_loss":0.0,"damage_taken":0.0,"relics_obtained":["CultistMask"]}],"is_beta":false,"boss_relics":[{"not_picked":["Astrolabe","Black Star"],"picked":"Runic Pyramid"}],"items_purged_floors":[],"is_endless":false,"potions_floor_spawned":[10,11,16,20],"killed_by":"Book of Stabbing","ascension_level":19}}