{"host":"i2bwlr76y9j8uqh3","time":1608169025,"event":{"mods":["2.2 Compatiblity","Act Like it!","BaseMod","Better Note","BetterRewards","CapriCore","Colored Powertips","Conspire","Gensokyo","Hermit","Hubris","Infinite Spire","Lobotomy","LobotomyExtend","Marisa????????","Minty Spire (QoL Compilation)","Permanent Neow","Rare Cards Sparkle","Reimu??????","Replay The Spire","StSLib","The Administrix","The Animator","The Blue Laboratory","The Immortal","The Jungle","The Servant 0.9.4"],"gold_per_floor":[117,117,60,84,84,84,84,114,114,146,146,191,191,224,224,337,337,371,371,172,240,285,633,633,676,676,676,694,703,721,730,730,834,834,848,848,861,469,487,496,562,571,580,580,580,623,666,685,685,685],"floor_reached":51,"playtime":2098,"items_purged":["hubris:Disease"],"score":1029,"play_id":"67d23753-3218-42a0-9696-c010a080f9c4","local_time":"20201216203705","daily_mods":["Draft","Vintage","DeadlyEvents","Elite Swarm","Lethality"],"is_ascension_mode":false,"campfire_choices":[{"floor":13,"key":"REST"},{"floor":15,"key":"REST"},{"data":"MaximisePower","floor":24,"key":"SMITH"},{"floor":29,"key":"REST"},{"data":"MaximisePower","floor":32,"key":"SMITH"},{"floor":40,"key":"REST"},{"floor":42,"key":"REST"},{"data":"UltimateShortwave","floor":44,"key":"SMITH"},{"data":"hubris:InfiniteBlow+276","floor":49,"key":"SMITH"}],"circlet_count":0,"master_deck":["AlicesGift","PowerUp","MachineGunSpark","PowerUp","DoubleSpark","EventHorizon","DoubleSpark","DarkMatter","StarlightTyphoon","WitchOfGreed","Robbery","DC","DarkMatter","Secret Weapon","DeepEcoloBomb+1","Secret Weapon","FinalSpark","CasketOfStar","MillisecondPulsars","MaximisePower+1","GravityBeat+1","MachineGunSpark+1","Eruption+1","CollectingQuirk+1","Enlightenment","hubris:InfiniteBlow+277","MaximisePower+1","FinalSpark+1","hubris:Compulsion","ReplayTheSpireMod:Restless Dread","RefractionSpark+1","ReplayTheSpireMod:Splinters","Injury","Exhume","TreasureHunter+1","MachineGunSpark+1","Sickly","Delirium","EarthLightRay+1","UltimateShortwave+1","GravityBeat+1","Doubt","UltimateShortwave","StarDustReverie"],"relics":["MiniHakkero","Ring of Chaos","Replay:Ringing Soul","LetterFromLob","Pet Ghost","InspiredRelic","NeowsBlessing","Bronze Scales","infinitespire:Golems Mask","Bottled Tornado","ReplayTheSpireMod:DimensionalGlitch","conspire:SpecialSausage","infinitespire:Satchel","Matryoshka","Philosopher\u0027s Stone","Molten Egg 2","Replay:Drink Me","ReplayTheSpireMod:SealedPack","ReplayTheSpireMod:CursedCoin","Pen Nib","CeramicFish","Centennial Puzzle","hubris:DeckOfHolding","Old Coin","Mercury Hourglass","Dream Catcher","Blue Doll","SacredBark","SlaversCollar","hubris:TerracottaHorce","Cursed Key","hubris:Backtick","Bottled Flame","Incense Burner","Runic Dome","Ring of Chaos","MagicBroom","ReplayTheSpireMod:Ninjato","Snecko Heart","ReplayTheSpireMod:Lightbulb","infinitespire:EmpoweringShard","infinitespire:Joker Card","Bottled Lightning","Gremlin Horn"],"acts_visited":["Exordium","TheCity","TheBeyond"],"potions_floor_usage":[14,22,50],"damage_taken":[{"damage":0,"enemies":"Jaw Worm","floor":1,"turns":1},{"damage":0,"enemies":"Cultist","floor":4,"turns":2},{"damage":0,"enemies":"3 Sentries","floor":8,"turns":1},{"damage":0,"enemies":"2 Louse","floor":10,"turns":1},{"damage":0,"enemies":"Replay:BlueRogue","floor":12,"turns":1},{"damage":0,"enemies":"Lagavulin","floor":14,"turns":1},{"damage":0,"enemies":"Fading Forest","floor":16,"turns":11},{"damage":0,"enemies":"Spheric Guardian","floor":18,"turns":1},{"damage":38,"enemies":"Gremlin Leader","floor":23,"turns":2},{"damage":0,"enemies":"Book of Stabbing","floor":25,"turns":1},{"damage":0,"enemies":"Champ","floor":33,"turns":1},{"damage":0,"enemies":"Orb Walker","floor":35,"turns":1},{"damage":48,"enemies":"3 Shapes","floor":37,"turns":1},{"damage":3,"enemies":"Giant Head","floor":41,"turns":1},{"damage":3,"enemies":"R_Hoarder","floor":46,"turns":1},{"damage":0,"enemies":"Nemesis","floor":47,"turns":1},{"damage":0,"enemies":"Jaw Worm Horde","floor":48,"turns":1},{"damage":2,"enemies":"Donu and Deca","floor":50,"turns":2}],"seed_played":"4615597981193660406","potions_obtained":[{"floor":4,"key":"AttackPotion"},{"floor":8,"key":"blueLaboratory:AbyssPotion"},{"floor":10,"key":"ShroomBrew"},{"floor":12,"key":"Adrenaline Potion"},{"floor":16,"key":"blueLaboratory:BottledHope"},{"floor":37,"key":"Toxic Potion"},{"floor":47,"key":"FairyPotion"}],"is_trial":true,"path_per_floor":["M","WH","$","M","WH","E","WH","E","T","M","WH","E","R","E","R","B",null,"M","WH","$","T","M","E","R","E","T","WH","WH","R","WH","?","R","B",null,"M","WH","M","$","WH","R","E","R","T","R","?","E","E","M","R","B",null],"character_chosen":"MARISA","items_purchased":["DeepEcoloBomb+1","ReplayTheSpireMod:CursedCoin","Pen Nib","CeramicFish","GravityBeat+1","MachineGunSpark+1","ReplayTheSpireMod:Ninjato"],"campfire_rested":5,"item_purchase_floors":[3,20,20,20,20,38,38],"current_hp_per_floor":[75,78,81,81,76,21,21,24,24,24,24,27,50,53,77,80,83,83,63,66,66,69,34,34,37,37,37,40,66,69,72,72,75,86,86,86,38,41,44,75,75,105,108,108,108,108,111,111,111,114],"gold":685,"neow_bonus":"CURSED_BOSS_RELIC","is_daily":false,"chose_seed":false,"campfire_upgraded":4,"win_rate":0.0,"timestamp":1608169025,"path_taken":["M","WH","$","M","WH","E","WH","E","T","M","WH","E","R","E","R","BOSS","M","WH","$","?","M","E","R","E","T","WH","WH","R","WH","?","R","BOSS","M","WH","M","$","WH","R","E","R","T","R","?","E","?","M","R","BOSS"],"items_purchased_type":["Card","Relic","Relic","Relic","Card","Card","Relic"],"build_version":"2020-12-13","purchased_purges":1,"victory":true,"max_hp_per_floor":[75,78,81,81,76,71,71,74,74,74,74,77,77,80,80,83,83,83,63,66,66,69,72,72,75,75,75,78,81,84,87,87,90,90,90,90,90,93,96,99,102,105,108,108,108,111,114,114,114,114],"card_choices":[{"not_picked":["MysteriousBeam","OrrerysSun"],"picked":"AlicesGift","floor":0},{"not_picked":["AsteroidBelt","SporeBomb"],"picked":"PowerUp","floor":0},{"not_picked":["NonDirectionalLaser","GrandCross"],"picked":"MachineGunSpark","floor":0},{"not_picked":["ShootingEcho","MilkyWay"],"picked":"PowerUp","floor":0},{"not_picked":["EventHorizon","Acceleration"],"picked":"DoubleSpark","floor":0},{"not_picked":["SprinkleStarSeal","MilkyWay"],"picked":"EventHorizon","floor":0},{"not_picked":["Acceleration","GrandCross"],"picked":"DoubleSpark","floor":0},{"not_picked":["SporeBomb","LuminesStrike"],"picked":"DarkMatter","floor":0},{"not_picked":["WitchLeyline","OneTimeOff"],"picked":"StarlightTyphoon","floor":0},{"not_picked":["NonDirectionalLaser","PulseMagic"],"picked":"GravityBeat","floor":0},{"not_picked":["SuperPerseids","Acceleration"],"picked":"WitchOfGreed","floor":0},{"not_picked":["PowerUp","MilkyWay"],"picked":"Robbery","floor":0},{"not_picked":["MysteriousBeam","NonDirectionalLaser"],"picked":"DC","floor":0},{"not_picked":["Orbital","UnstableBomb"],"picked":"DarkSpark","floor":0},{"not_picked":["LuminesStrike","WitchLeyline"],"picked":"DarkMatter","floor":0},{"not_picked":["Panache","Sadistic Nature"],"picked":"Secret Weapon","floor":2},{"not_picked":["Thinking Ahead","Poisoned Strike"],"picked":"Secret Weapon","floor":5},{"not_picked":["SuperNova","JA"],"picked":"FinalSpark","floor":8},{"not_picked":["BlazingStar","AbsoluteMagnitude"],"picked":"CasketOfStar","floor":12},{"not_picked":["BlazingStar","JA"],"picked":"MillisecondPulsars","floor":14},{"not_picked":["MillisecondPulsars","BinaryStars"],"picked":"MaximisePower","floor":16},{"not_picked":["Stagnation:ReiMu","NB:ReiMu"],"picked":"Eruption","floor":22},{"not_picked":["ManaRampage","TreasureHunter"],"picked":"CollectingQuirk","floor":22},{"not_picked":["ReplayTheSpireMod:Trickstab","Replay:BasicMightCard"],"picked":"Enlightenment","floor":22},{"not_picked":["infinitespire:Menacing","infinitespire:Execution"],"picked":"hubris:InfiniteBlow+276","floor":22},{"not_picked":["SatelliteIllusion","StarDustReverie"],"picked":"MaximisePower","floor":23},{"not_picked":["BlazingStar+1","SuperNova"],"picked":"FinalSpark+1","floor":25},{"not_picked":["Occultation+1","NonDirectionalLaser+1"],"picked":"RefractionSpark+1","floor":29},{"not_picked":["SatelliteIllusion","BlazingStar+1"],"picked":"TreasureHunter+1","floor":33},{"not_picked":["GrandCross+1","NonDirectionalLaser+1"],"picked":"EarthLightRay+1","floor":40},{"not_picked":["SuperNova","CasketOfStar"],"picked":"UltimateShortwave","floor":41},{"not_picked":["NonDirectionalLaser+1","GalacticHalo"],"picked":"GravityBeat+1","floor":42},{"not_picked":["CollectingQuirk+1","BinaryStars"],"picked":"UltimateShortwave","floor":46},{"not_picked":["CasketOfStar","MillisecondPulsars"],"picked":"StarDustReverie","floor":47}],"player_experience":162674,"relics_obtained":[{"floor":1,"key":"Replay:Ringing Soul"},{"floor":1,"key":"LetterFromLob"},{"floor":4,"key":"Pet Ghost"},{"floor":8,"key":"Bronze Scales"},{"floor":9,"key":"infinitespire:Golems Mask"},{"floor":10,"key":"Bottled Tornado"},{"floor":12,"key":"infinitespire:Satchel"},{"floor":14,"key":"Matryoshka"},{"floor":18,"key":"Molten Egg 2"},{"floor":21,"key":"Centennial Puzzle"},{"floor":21,"key":"hubris:DeckOfHolding"},{"floor":23,"key":"Old Coin"},{"floor":25,"key":"Mercury Hourglass"},{"floor":26,"key":"Dream Catcher"},{"floor":26,"key":"Blue Doll"},{"floor":35,"key":"Incense Burner"},{"floor":37,"key":"MagicBroom"},{"floor":41,"key":"ReplayTheSpireMod:Lightbulb"},{"floor":43,"key":"infinitespire:EmpoweringShard"},{"floor":46,"key":"infinitespire:Joker Card"},{"floor":47,"key":"Bottled Lightning"},{"floor":48,"key":"Gremlin Horn"}],"event_choices":[{"cards_removed":["Eruption"],"damage_healed":0,"gold_gain":0,"player_choice":"Take \u0026 Give","damage_taken":0,"max_hp_gain":0,"max_hp_loss":0,"event_name":"betterNote:BetterNote","floor":31,"gold_loss":0,"cards_obtained":["Exhume"]},{"damage_healed":0,"gold_gain":0,"player_choice":"Bought 0 Potions","damage_taken":0,"max_hp_gain":0,"max_hp_loss":0,"event_name":"The Woman in Blue","floor":45,"gold_loss":0}],"is_beta":false,"boss_relics":[{"not_picked":["Busted Crown","hubris:HollowSoul"],"picked":"Philosopher\u0027s Stone"},{"not_picked":["conspire:RunicOctahedron","Snecko Eye"],"picked":"hubris:Backtick"}],"items_purged_floors":[38],"is_endless":false,"potions_floor_spawned":[4,8,16,37,47,48],"ascension_level":0}}