{"host":"nnw06giuvlwk603n","time":1608224454,"event":{"mods":["Act Like it!","Aspiration","BaseMod","Better Altar","Better Match","Better Note","Better Sensory Stone","Better Skull","Better Third Choice","Better Vampires","BetterRewards","Dio Mod","Downfall","Elementarium","GifTheSpireLib","Hermit","Hubris","Infinite Spire","Ironclad Rager","Marisa????????","Minty Spire (QoL Compilation)","Rare Cards Sparkle","Replay The Spire","Robot Space Explorer","Spicy Shops","StSLib","Stuff the Spire","The Cursed","The Edgeheg"],"gold_per_floor":[99,114,114,114,39,39,39,53,53,88,105,555,405,416,427,531,531,456,475,475,19,34,34,58,78,78,3,3,3,19,33,49,153,153,153,165,165,440,62,62,85,103,131,143,170,201,231,253,277,289,301,313,313],"floor_reached":52,"playtime":2327,"items_purged":["Pain"],"score":861,"play_id":"ac8634f7-031c-4c23-8703-c9058ac9cbc9","local_time":"20201217120054","is_ascension_mode":false,"campfire_choices":[{"floor":1,"key":"RECALL"},{"data":"champ:PerfectedStrike","floor":5,"key":"SMITH"},{"floor":9,"key":"REST"},{"data":"1","floor":18,"key":"LIFT"},{"data":"2","floor":20,"key":"LIFT"},{"floor":27,"key":"REST"},{"data":"3","floor":35,"key":"LIFT"},{"floor":37,"key":"DIG"},{"floor":40,"key":"REST"},{"floor":44,"key":"REST"}],"circlet_count":0,"master_deck":["champ:Strike","champ:Strike","champ:Strike","champ:Strike","champ:Defend","champ:Defend","champ:Defend","champ:Defend","champ:Execute","champ:Taunt","Dramatic Entrance","champ:Haymaker","champ:TornadoPunch","champ:GutPunch","Slimebound:Icky","Slimebound:Icky","Slimebound:Icky","champ:TornadoPunch","champ:FlashCut","champ:SwordThrow+1","CurseOfTheBell","hubris:Despair","Replay:Light Bash","champ:VampiricStrike+1","Replay:SS_fish_3+1","infinitespire:DeathsTouch","champ:PerfectedStrike","champ:EndlessRage+1","champ:Duel+1","champ:PerfectedStrike+1","AbeCurse","infinitespire:UltimateForm","champ:Encircle","champ:Lariat","champ:TornadoPunch","champ:LastStand+1","Regret","Writhe","Shame","champ:CrookedStrike","Regret","Dramatic Entrance+1","champ:PreciseThrust+1","champ:ShieldWall","champ:ShieldWall+1","champ:Haymaker+1","champ:RecklessLeap","Parasite","champ:FocusedGladiator+1"],"relics":["champ:ChampionCrown","hubris:Icosahedron","Golden Egg","downfall:HeartBlessingRed","Snack Pack","infinitespire:BottledMercury","Replay:Grab Bag","Replay:Bronze Core","aspiration:FutureDiary","Calling Bell","ReplayTheSpireMod:SealedPack","Nunchaku","Singing Bowl","Girya","downfall:HeartBlessingGreen","Shovel","Ancient Tea Set","Elementarium:GolemsHeart","downfall:HeartBlessingBlue","StuffTheSpire:Mouthbags","Replay:Wax Seal","Abe\u0027s Treasure","hubris:EmptyBottle","Replay:Ancient Bell","Pen Nib","StuffTheSpire:RubySignet","Unceasing Top","infinitespire:Satchel","champ:BerserkersGuideToSlaughter","infinitespire:WardingShard","DollysMirror","Art of War","MawBank"],"acts_visited":["Exordium","Exordium","TheBeyond","TheEnding"],"potions_floor_usage":[22,33,33,33,33,33,33,39,39,47,47],"damage_taken":[{"damage":13,"enemies":"Jaw Worm","floor":2,"turns":3},{"damage":9,"enemies":"Cultist","floor":8,"turns":3},{"damage":29,"enemies":"3 Sentries","floor":10,"turns":6},{"damage":0,"enemies":"2 Louse","floor":11,"turns":1},{"damage":11,"enemies":"Lots of Slimes","floor":14,"turns":3},{"damage":7,"enemies":"3 Louse","floor":15,"turns":3},{"damage":62,"enemies":"downfall:Watcher","floor":16,"turns":8},{"damage":8,"enemies":"Elementarium:2_ELEMENTALS","floor":19,"turns":3},{"damage":15,"enemies":"downfall:FleeingMerchant","floor":21,"turns":5},{"damage":35,"enemies":"Elementarium:Cyclone","floor":22,"turns":5},{"damage":28,"enemies":"Elementarium:Hydrostalker","floor":25,"turns":5},{"damage":16,"enemies":"Elementarium:VOID_CORRUPTION_AND_ORB_OF_FIRE","floor":30,"turns":5},{"damage":0,"enemies":"Elementarium:RubyGolem","floor":31,"turns":1},{"damage":31,"enemies":"Elementarium:VOID_CORRUPTION_AND_TAR_GOLEM","floor":32,"turns":5},{"damage":21,"enemies":"downfall:Silent","floor":33,"turns":6},{"damage":15,"enemies":"3 Darklings","floor":36,"turns":2},{"damage":24,"enemies":"downfall:FleeingMerchant","floor":39,"turns":4},{"damage":0,"enemies":"3 Shapes","floor":42,"turns":1},{"damage":46,"enemies":"R_Hoarder","floor":43,"turns":6},{"damage":2,"enemies":"3 Darklings","floor":45,"turns":3},{"damage":42,"enemies":"4 Shapes","floor":46,"turns":3},{"damage":9,"enemies":"Transient","floor":47,"turns":5},{"damage":40,"enemies":"3 Darklings","floor":48,"turns":6},{"damage":36,"enemies":"Writhing Mass","floor":49,"turns":4},{"damage":57,"enemies":"downfall:Defect","floor":50,"turns":4},{"damage":149,"enemies":"downfall:CharBossMerchant","floor":52,"turns":7}],"seed_played":"-8268988211369270352","potions_obtained":[{"floor":10,"key":"Reflective Coating"},{"floor":14,"key":"SteroidPotion"},{"floor":25,"key":"Block Potion"},{"floor":30,"key":"Adrenaline Potion"},{"floor":31,"key":"champ:TechniquePotion"},{"floor":33,"key":"AttackPotion"},{"floor":36,"key":"Guardian:BlockOnCardUsePotion"},{"floor":46,"key":"GamblersBrew"},{"floor":47,"key":"SpeedPotion"},{"floor":49,"key":"SteroidPotion"}],"is_trial":false,"path_per_floor":["R","M","?","T","R","?","T","M","R","E","M","?","?","M","M","B",null,"R","M","R","$","M","?","T","M","?","R","?","AVR","M","M","M","B",null,"R","M","R","?","$","R","T","M","E","R","M","M","M","M","M","B",null,"E"],"character_chosen":"THE_CHAMP","items_purchased":["Shovel","Ancient Tea Set","champ:BerserkersGuideToSlaughter","infinitespire:WardingShard","DollysMirror","DistilledChaos"],"campfire_rested":4,"item_purchase_floors":[21,21,39,39,39,39],"current_hp_per_floor":[90,82,82,82,82,77,77,75,90,66,66,66,100,89,82,53,102,102,97,97,97,67,67,67,42,42,86,37,37,29,31,12,35,114,114,99,99,99,85,116,116,118,77,112,112,111,116,80,85,54,118,0,0],"gold":313,"neow_bonus":"RANDOM_COLORLESS","is_daily":false,"chose_seed":false,"campfire_upgraded":1,"win_rate":0.0,"timestamp":1608224454,"path_taken":["R","M","?","?","R","?","T","?","R","E","M","?","?","M","M","BOSS","R","M","R","$","M","?","T","M","?","R","?","AVR","?","M","M","BOSS","R","M","R","?","$","R","T","M","E","R","M","M","M","M","M","BOSS","E"],"items_purchased_type":["Relic","Relic","Relic","Relic","Relic","Potion"],"build_version":"2020-12-13","purchased_purges":1,"victory":false,"max_hp_per_floor":[90,90,90,90,90,90,90,90,90,90,90,90,100,100,100,100,102,102,102,102,102,102,102,102,104,104,114,114,114,114,114,114,114,114,114,114,114,114,116,116,116,118,118,118,118,118,118,118,118,118,118,118,118],"card_choices":[{"not_picked":["expansioncontent:Chronoboost","Replay:SS_forest_6"],"picked":"Dramatic Entrance","floor":0},{"not_picked":["champ:CalledShot","champ:BladeFlurry"],"picked":"champ:PerfectedStrike","floor":2},{"not_picked":["champ:BringItOn","champ:PreciseThrust"],"picked":"champ:Haymaker","floor":8},{"not_picked":["champ:GutPunch","champ:HeartStrike"],"picked":"champ:TornadoPunch","floor":10},{"not_picked":["champ:GladiatorsShout","champ:DefensiveStyle"],"picked":"champ:GutPunch","floor":11},{"not_picked":["champ:AdrenalArmor","champ:GladiatorsShout"],"picked":"champ:TornadoPunch","floor":14},{"not_picked":["champ:ShieldWall","champ:AdrenalArmor"],"picked":"champ:FlashCut","floor":15},{"not_picked":["champ:SteelEdge","champ:CheapShot"],"picked":"champ:SwordThrow","floor":16},{"not_picked":["champ:Taunt","hermit:Snapshot","Replay:Light Bash"],"picked":"Singing Bowl","floor":17},{"not_picked":["champ:DancingMaster","champ:SwordThrow"],"picked":"champ:VampiricStrike","floor":17},{"not_picked":["Replay:SS_forest_5","Good Instincts"],"picked":"Replay:SS_fish_3","floor":17},{"not_picked":["ReplayTheSpireMod:??????????????????????","infinitespire:Starlight"],"picked":"infinitespire:DeathsTouch","floor":17},{"not_picked":["champ:AdrenalArmor","champ:TornadoPunch"],"picked":"champ:PerfectedStrike","floor":19},{"not_picked":["champ:PerfectForm","champ:FlashCut"],"picked":"champ:EndlessRage","floor":21},{"not_picked":["champ:BerserkersShout","champ:DefensiveShout+1"],"picked":"champ:Duel+1","floor":22},{"not_picked":["champ:ShieldWall+1","champ:CalledShot","champ:Haymaker"],"picked":"Singing Bowl","floor":25},{"not_picked":["champ:ShieldSlam","champ:AdrenalArmor"],"picked":"champ:Encircle","floor":30},{"not_picked":["champ:AdrenalArmor+1","champ:CalledShot"],"picked":"champ:Lariat","floor":31},{"not_picked":["champ:BringItOn","champ:FlashCut"],"picked":"champ:TornadoPunch","floor":32},{"not_picked":["champ:ShieldSlam","champ:Improvising"],"picked":"champ:LastStand","floor":33},{"not_picked":["hubris:Gluttony","StuffTheSpire:GnomedCurse"],"picked":"Regret","floor":34},{"not_picked":["Shame","Clumsy"],"picked":"Writhe","floor":34},{"not_picked":["Replay:Sluggish","hubris:Lust"],"picked":"Shame","floor":34},{"not_picked":["champ:Lariat+1","champ:Backstep+1"],"picked":"champ:CrookedStrike","floor":36},{"not_picked":["champ:StrikeOfGenius","champ:DeathBlow","champ:Haymaker"],"picked":"Singing Bowl","floor":39},{"not_picked":["champ:HeartStrike","champ:FightOn","champ:BladeFlurry+1"],"picked":"Singing Bowl","floor":42},{"not_picked":["champ:EnGarde+1","champ:FlashCut+1"],"picked":"champ:PreciseThrust+1","floor":43},{"not_picked":["champ:Lariat","champ:FightOn"],"picked":"champ:ShieldWall","floor":45},{"not_picked":["champ:BringItOn","champ:CalledShot"],"picked":"champ:ShieldWall+1","floor":46},{"not_picked":["champ:DefensiveShout","champ:FightOn"],"picked":"champ:Haymaker+1","floor":47},{"not_picked":["champ:Lariat","champ:FlashCut+1"],"picked":"champ:RecklessLeap","floor":48},{"not_picked":["champ:ArenaPreparation+1","champ:CrookedStrike+1"],"picked":"champ:FocusedGladiator+1","floor":49}],"player_experience":1287961,"relics_obtained":[{"floor":4,"key":"Golden Egg"},{"floor":7,"key":"Snack Pack"},{"floor":10,"key":"infinitespire:BottledMercury"},{"floor":17,"key":"Nunchaku"},{"floor":17,"key":"Singing Bowl"},{"floor":17,"key":"Girya"},{"floor":37,"key":"infinitespire:Satchel"},{"floor":41,"key":"Art of War"},{"floor":43,"key":"MawBank"}],"event_choices":[{"damage_healed":0,"gold_gain":0,"player_choice":"Chest","damage_taken":0,"relics_obtained":["Elementarium:GolemsHeart"],"max_hp_gain":0,"max_hp_loss":0,"event_name":"Elementarium:AbandonedFactory","floor":23,"gold_loss":0,"cards_obtained":["Pain"]},{"damage_healed":0,"gold_gain":0,"player_choice":"Pray","damage_taken":0,"max_hp_gain":0,"max_hp_loss":0,"event_name":"Elementarium:VoidShrine","floor":26,"gold_loss":0,"cards_upgraded":["Replay:SS_fish_3"]},{"damage_healed":0,"gold_gain":0,"player_choice":"RE RE ","damage_taken":53,"relics_obtained":["StuffTheSpire:Mouthbags","Replay:Wax Seal"],"max_hp_gain":0,"max_hp_loss":0,"event_name":"betterSkull:BetterSkull","floor":28,"gold_loss":0,"cards_upgraded":[]}],"is_beta":false,"boss_relics":[{"not_picked":["Empty Cage","hubris:ScarierMask"],"picked":"Replay:Grab Bag"},{"not_picked":["infinitespire:Cupcake","hubris:RunicObelisk"],"picked":"Replay:Bronze Core"},{"not_picked":["ReplayTheSpireMod:Onyx Gauntlets","Coffee Dripper"],"picked":"aspiration:FutureDiary"},{"not_picked":["StuffTheSpire:RunicHypercube","sneckomod:SneckoTalon"],"picked":"Calling Bell"},{"not_picked":["Kintsugi","hubris:Stopwatch"],"picked":"ReplayTheSpireMod:SealedPack"},{"not_picked":["hubris:TerracottaHorce","Painkiller Herb"],"picked":"Replay:Ancient Bell"},{"not_picked":["infinitespire:Beetle Shell","Lantern"],"picked":"Pen Nib"},{"not_picked":["aspiration:FetidBarrel","aspiration:StickyExplosives_weak"],"picked":"StuffTheSpire:RubySignet"},{"not_picked":["Bird Faced Urn","Calipers"],"picked":"Unceasing Top"}],"items_purged_floors":[29],"is_endless":false,"potions_floor_spawned":[10,14,25,30,31,33,36,46,47,49],"killed_by":"downfall:CharBossMerchant","ascension_level":0}}