{"host":"ocy7z4248lncoz2b","time":1608246942,"event":{"mods":["BaseMod","Beaked The Cultist","Better Match","Better Sensory Stone","Better Third Choice","BetterRewards","Clockwork Mod","Colored Powertips","Conspire","Downfall","Friendly Minions","Highlight Path","Hubris","Infinite Spire","Marisa????????","Mimic Mod","Minty Spire (QoL Compilation)","READ ME - Guardian Mod","Replay The Spire","Shop Mod","Spicy Shops","Spikes Relics","StSLib","SuperFastMode","The Blue Laboratory","The Construct","The Jungle"],"gold_per_floor":[99,112,139,139,156,156,189,189,202,202,220,70,82,67,84,186,186,186,221,235,235,235,266,266,58,74,74,74,88,106,134,154,154,154],"floor_reached":33,"playtime":2123,"items_purged":[],"score":289,"play_id":"0c9823ec-e13e-4d0c-9c97-882fdd4a2b0c","local_time":"20201218081542","is_ascension_mode":false,"campfire_choices":[{"data":"hexamod:Float","floor":1.0,"key":"SMITH"},{"data":"hexamod:RecurringNightmare","floor":4.0,"key":"SMITH"},{"data":"hexamod:ThermalTransfer","floor":6.0,"key":"SMITH"},{"data":"hexamod:EtherealExpedition","floor":8.0,"key":"SMITH"},{"data":"hexamod:RainOfEmbers","floor":10.0,"key":"SMITH"},{"data":"hexamod:SearingWound","floor":18.0,"key":"SMITH"},{"data":"hexamod:Again","floor":21.0,"key":"SMITH"},{"floor":27.0,"key":"REST"}],"circlet_count":0,"master_deck":["hexamod:Strike","hexamod:Strike","hexamod:Strike","hexamod:Defend","hexamod:Defend","hexamod:Defend","hexamod:Sear","hexamod:Float+1","hexamod:NecessarySacrifice","hexamod:GhostOfSpireFuture","hexamod:RetreatToShadows","hexamod:RecurringNightmare+1","hexamod:ThermalTransfer+1","hexamod:EtherealExpedition+1","hexamod:RainOfEmbers+1","hexamod:EmpoweredFlame","hexamod:Again+1","hexamod:SearingWound+1","hexamod:WildfireWeapon","hexamod:InspiringFlames+1","hexamod:RadiantFlame","hexamod:GhostflameInferno","Replay:SS_hec_2","hexamod:ThirdSeal","hexamod:ShieldOfDarkness","hexamod:NightmareGuise","hexamod:StepThrough","hexamod:RadiantFlame+1","hexamod:Incineration","hexamod:SecondSeal","hexamod:GhostOfSpirePresent+1","hexamod:FastForward"],"relics":["hexamod:SpiritBrand","hubris:SphereOfDissonance","hexamod:MatchstickCase","construct:ClawGrip","CaptainsWheel","Happy Flower","SpikesRelics:ToyHorsey"],"acts_visited":["Exordium","TheCity"],"potions_floor_usage":[30,30],"damage_taken":[{"damage":1.0,"enemies":"Cultist","floor":2.0,"turns":4.0},{"damage":30.0,"enemies":"Gremlin Nob","floor":3.0,"turns":5.0},{"damage":4.0,"enemies":"2 Louse","floor":5.0,"turns":3.0},{"damage":4.0,"enemies":"Small Slimes","floor":7.0,"turns":5.0},{"damage":0.0,"enemies":"Small Slimes","floor":9.0,"turns":3.0},{"damage":2.0,"enemies":"3 Louse","floor":11.0,"turns":2.0},{"damage":6.0,"enemies":"Gremlin Gang","floor":13.0,"turns":7.0},{"damage":0.0,"enemies":"downfall:FleeingMerchant","floor":14.0,"turns":4.0},{"damage":5.0,"enemies":"Large Slime","floor":15.0,"turns":5.0},{"damage":36.0,"enemies":"downfall:Ironclad","floor":16.0,"turns":9.0},{"damage":12.0,"enemies":"Nightmare","floor":19.0,"turns":6.0},{"damage":22.0,"enemies":"conspire:FuzzyDice","floor":20.0,"turns":7.0},{"damage":13.0,"enemies":"Slavers","floor":23.0,"turns":6.0},{"damage":10.0,"enemies":"downfall:FleeingMerchant","floor":25.0,"turns":4.0},{"damage":0.0,"enemies":"conspire:HollyBat","floor":26.0,"turns":8.0},{"damage":1.0,"enemies":"Centurion and Healer","floor":29.0,"turns":8.0},{"damage":1,"enemies":"Cultist and Chosen","floor":30,"turns":5},{"damage":12,"enemies":"Sentry and Sphere","floor":31,"turns":6},{"damage":0,"enemies":"Chosen and Byrds","floor":32,"turns":5},{"damage":24,"enemies":"downfall:Silent","floor":33,"turns":7}],"seed_played":"-3554316829066735224","potions_obtained":[{"floor":2.0,"key":"blueLaboratory:NullPotion"},{"floor":9.0,"key":"Adrenaline Potion"},{"floor":15.0,"key":"construct:ShiftPotion"},{"floor":20.0,"key":"Adrenaline Potion"},{"floor":22.0,"key":"CultistPotion"},{"floor":29.0,"key":"SkillPotion"}],"is_trial":false,"path_per_floor":["R","M","E","R","M","R","MIM","R","M","R","M","?","M","$","M","B",null,"R","NM","M","R","?","E","T","$","M","R","?","M","M","M","M","B"],"character_chosen":"THE_SPIRIT","items_purchased":["Replay:SS_hec_2","hexamod:ThirdSeal","hexamod:ShieldOfDarkness"],"campfire_rested":1,"item_purchase_floors":[25,25,25],"current_hp_per_floor":[63,62,32,32,28,28,24,24,24,24,22,73,67,67,62,26,73,73,61,39,39,39,26,26,16,16,37,37,36,35,23,23,0,0],"gold":154,"neow_bonus":"TRANSFORM_TWO_CARDS","is_daily":false,"chose_seed":false,"campfire_upgraded":7,"win_rate":0.0,"timestamp":1608246942,"path_taken":["R","M","E","R","M","R","MIM","R","M","R","?","?","?","$","M","BOSS","R","NM","M","R","?","E","T","$","M","R","?","?","M","M","M","BOSS"],"items_purchased_type":["Card","Card","Card"],"build_version":"2020-12-13","purchased_purges":0,"victory":false,"max_hp_per_floor":[63,63,63,63,63,63,63,63,63,63,63,73,73,73,73,73,73,73,73,73,73,73,73,73,73,73,73,73,73,73,73,73,73,73],"card_choices":[{"not_picked":["hexamod:Hexaguard","hexamod:Again"],"picked":"hexamod:RetreatToShadows","floor":2.0},{"not_picked":["hexamod:Firestarter","hexamod:BurningTouch"],"picked":"hexamod:RecurringNightmare","floor":3.0},{"not_picked":["hexamod:NightmareStrike","hexamod:SwordOfDarkness"],"picked":"hexamod:ThermalTransfer","floor":5.0},{"not_picked":["hexamod:NightmareGuise","hexamod:Hexaguard"],"picked":"hexamod:EtherealExpedition","floor":7.0},{"not_picked":["hexamod:InspiringFlames","hexamod:ParanormalForm"],"picked":"hexamod:RainOfEmbers","floor":9.0},{"not_picked":["hexamod:BurningTouch","hexamod:NightmareStrike"],"picked":"hexamod:EmpoweredFlame","floor":11.0},{"not_picked":["hexamod:Firestarter","hexamod:NightmareGuise","hexamod:BacktrackSmack"],"picked":"SKIP","floor":13.0},{"not_picked":["hexamod:FastForward","hexamod:EmpoweredFlame"],"picked":"hexamod:Again","floor":14.0},{"not_picked":["hexamod:NightmareGuise","hexamod:GhostShield"],"picked":"hexamod:SearingWound","floor":15.0},{"not_picked":["hexamod:SearingWound","hexamod:TurnItUp"],"picked":"hexamod:WildfireWeapon","floor":16.0},{"not_picked":["hexamod:SwordOfDarkness+1","hexamod:Firestarter"],"picked":"hexamod:InspiringFlames+1","floor":19.0},{"not_picked":["hexamod:GhostLash+1","hexamod:SwordOfDarkness","hexamod:DynamicBlow"],"picked":"SKIP","floor":20.0},{"not_picked":["hexamod:PhantomFireball+1","hexamod:ThermalTransfer"],"picked":"hexamod:RadiantFlame","floor":23.0},{"not_picked":["hexamod:SpectersWail+1","hexamod:BurningTouch+1"],"picked":"hexamod:GhostflameInferno","floor":25.0},{"not_picked":["hexamod:RadiantFlame","hexamod:EtherealExpedition"],"picked":"hexamod:NightmareGuise","floor":26.0},{"not_picked":["hexamod:InspiringFlames","hexamod:RainOfEmbers"],"picked":"hexamod:StepThrough","floor":26.0},{"not_picked":["hexamod:InspiringFlames","hexamod:BurningTouch"],"picked":"hexamod:RadiantFlame+1","floor":29.0},{"not_picked":["hexamod:NightmareStrike","hexamod:GhostOfSpireFuture","hexamod:SwordOfDarkness+1"],"picked":"SKIP","floor":29.0},{"not_picked":["hexamod:Hexaguard","hexamod:HauntingEcho+1"],"picked":"hexamod:Incineration","floor":30},{"not_picked":["hexamod:Firestarter","hexamod:AdvancingGuard+1"],"picked":"hexamod:SecondSeal","floor":30},{"not_picked":["hexamod:RainOfEmbers+1","hexamod:Haunt+1","hexamod:GhostShield"],"picked":"SKIP","floor":31},{"not_picked":["hexamod:HeatCrush","hexamod:Again","hexamod:ParanormalForm"],"picked":"SKIP","floor":31},{"not_picked":["hexamod:StepThrough","hexamod:Hexaguard"],"picked":"hexamod:GhostOfSpirePresent+1","floor":32},{"not_picked":["hexamod:DynamicBlow","hexamod:Firestarter"],"picked":"hexamod:FastForward","floor":32}],"player_experience":235878,"relics_obtained":[{"floor":3.0,"key":"hubris:SphereOfDissonance"},{"floor":7.0,"key":"hexamod:MatchstickCase"},{"floor":19.0,"key":"CaptainsWheel"},{"floor":23.0,"key":"Happy Flower"},{"floor":24.0,"key":"SpikesRelics:ToyHorsey"}],"event_choices":[],"is_beta":false,"boss_relics":[{"not_picked":["conspire:RunicOctahedron","hubris:VirtuousBlindfold"],"picked":"construct:ClawGrip"}],"items_purged_floors":[],"is_endless":true,"potions_floor_spawned":[2,9,15,16,20,29],"killed_by":"downfall:Silent","ascension_level":0}}