{"host":"l8lm1goh5xm9tkuw","time":1608179350,"event":{"mods":["Act Like it!","Alarm Clock","Astrologer","BaseMod","Colored Map","Colored Powertips","GungeonMod","Hermit","KinomotoSakuraMod(Ä¾Ö®±¾Ó£)","KomeijiMod","Library of Ruina","Library of Ruina Extra","Lobotomy","LobotomyExtend","Marisa£¨ìFÓê¡¡Ä§ÀíÉ³£©","Minty Spire (QoL Compilation)","MostiFishMod","Quick Restart","Replay The Spire","Shade Mod","StSLib","TestMod","The Animator","The Bug Knight","The Hierophant","UnlockEverythingMod","vexMod","¡¾ÒÅÎï¿¨ÅÆ¡¿REMEMod"],"gold_per_floor":[118,118,118,131,56,83,95,120,120,152,152,52,20,20,20,121,121,133,152,152,164,184,184,211,227,277,289,300,328,328,20,20,115,115,127,127,146,163,9,9,37,48,48,148,166,200,211,211,211,211,211,211,211,91,119,119],"floor_reached":57,"playtime":1870,"items_purged":["Strike_R","Strike_R","Defend_R","Strike_R"],"score":1399,"play_id":"489d6435-023b-4e80-96fa-c2641a44d53c","local_time":"20201217122910","is_ascension_mode":false,"campfire_choices":[{"data":"True Grit","floor":11.0,"key":"SMITH"},{"data":"Hemogenesis","floor":15.0,"key":"SMITH"},{"data":"True Grit","floor":23.0,"key":"SMITH"},{"data":"MostiFishMod:404NotFound","floor":32.0,"key":"SMITH"},{"data":"Feel No Pain","floor":40.0,"key":"SMITH"},{"floor":49.0,"key":"RECALL"},{"data":"Dark Embrace","floor":53.0,"key":"SMITH"}],"circlet_count":0,"master_deck":["Strike_R","Defend_R","Defend_R","Defend_R","Bash","True Grit+1","Shrug It Off+1","Hemogenesis+1","MostiFishMod:404NotFound+1","Burning Pact+1","True Grit+1","True Grit+1","REME_FearOfPain+1","MostiFishMod:FireWorks+1","Feel No Pain+1","Second Wind+1","Dark Embrace+1"],"relics":["DaveBox","testmod-TestBox","REME_ComplimentaryCards","NightmareShop","Question Card","LetterFromLob","Singing Bowl","Meat on the Bone","Garlic","Ornamental Fan","PageOfBloodbath","ImportantClient","ChiXiaoBlade","DemoMod:GlassGuonStoneRelic","DemoMod:MeltedRock","Divine Protection","Gaze_r","Replay:Wax Seal","Incense Burner","PatriotShield","Onion Ring","Replay:Bottled Flurry","testmod-FatalChain","Shuriken","Technique"],"acts_visited":["Exordium","TheCity","TheBeyond","TheEnding"],"potions_floor_usage":[56],"damage_taken":[{"damage":1.0,"enemies":"Jaw Worm","floor":1.0,"turns":4.0},{"damage":0.0,"enemies":"2 Louse","floor":4.0,"turns":4.0},{"damage":36.0,"enemies":"3 Sentries","floor":6.0,"turns":16.0},{"damage":9.0,"enemies":"Cultist","floor":7.0,"turns":4.0},{"damage":25.0,"enemies":"Gremlin Nob","floor":8.0,"turns":5.0},{"damage":17.0,"enemies":"3 Sentries","floor":10.0,"turns":13.0},{"damage":0.0,"enemies":"Exordium Thugs","floor":13.0,"turns":5.0},{"damage":31.0,"enemies":"The Guardian","floor":16.0,"turns":17.0},{"damage":0.0,"enemies":"Shell Parasite","floor":18.0,"turns":1.0},{"damage":0.0,"enemies":"Spheric Guardian","floor":19.0,"turns":1.0},{"damage":1.0,"enemies":"Snecko","floor":21.0,"turns":3.0},{"damage":0.0,"enemies":"Centurion and Healer","floor":22.0,"turns":1.0},{"damage":0.0,"enemies":"Gremlin Leader","floor":24.0,"turns":3.0},{"damage":0.0,"enemies":"Shelled Parasite and Fungi","floor":25.0,"turns":1.0},{"damage":0.0,"enemies":"Chosen and Byrds","floor":27.0,"turns":3.0},{"damage":0.0,"enemies":"Centurion and Healer","floor":28.0,"turns":2.0},{"damage":0.0,"enemies":"Book of Stabbing","floor":29.0,"turns":5.0},{"damage":0.0,"enemies":"Snecko","floor":30.0,"turns":1.0},{"damage":0.0,"enemies":"KingOfGreed","floor":33.0,"turns":5.0},{"damage":0.0,"enemies":"3 Darklings","floor":35.0,"turns":3.0},{"damage":0.0,"enemies":"3 Shapes","floor":37.0,"turns":1.0},{"damage":0.0,"enemies":"3 Darklings","floor":38.0,"turns":1.0},{"damage":0.0,"enemies":"Giant Head","floor":41.0,"turns":3.0},{"damage":0.0,"enemies":"Jaw Worm Horde","floor":42.0,"turns":3.0},{"damage":0.0,"enemies":"Spire Growth","floor":45.0,"turns":1.0},{"damage":0.0,"enemies":"Nemesis","floor":46.0,"turns":3.0},{"damage":0.0,"enemies":"3 Darklings","floor":47.0,"turns":2.0},{"damage":0.0,"enemies":"Awakened One","floor":50.0,"turns":3.0},{"damage":0.0,"enemies":"Awakened One","floor":51.0,"turns":1.0},{"damage":0.0,"enemies":"Shield and Spear","floor":55.0,"turns":1.0}],"seed_played":"-2311075687327436516","potions_obtained":[{"floor":4.0,"key":"BlessingOfTheForge"},{"floor":6.0,"key":"FearPotion"},{"floor":8.0,"key":"ColorlessPotion"},{"floor":13.0,"key":"Weak Potion"},{"floor":18.0,"key":"CalmPotion"},{"floor":22.0,"key":"Elixir"}],"is_trial":false,"path_per_floor":["M","?","?","M","$","E","M","E","T","E","R","$","M","T","R","B",null,"M","M","?","M","M","R","E","M","T","M","M","E","M","$","R","B",null,"M","?","M","M","$","R","E","M","T","?","M","E","M","?","R","B",null,null,"R","$","E","B",null],"character_chosen":"IRONCLAD","items_purchased":["Replay:Wax Seal","Incense Burner","REME_FearOfPain","Feel No Pain"],"campfire_rested":0,"item_purchase_floors":[31,31,31,39],"current_hp_per_floor":[79,80,80,80,80,46,37,12,12,54,54,54,61,61,61,50,86,86,86,86,87,89,89,92,92,92,94,96,98,98,98,98,98,98,100,100,102,104,104,104,106,108,108,108,108,108,108,108,108,137,137,137,137,137,139,139],"gold":119,"neow_bonus":"BOSS_RELIC","is_daily":false,"chose_seed":false,"campfire_upgraded":6,"win_rate":0.0,"timestamp":1608179350,"path_taken":["M","?","?","M","$","E","?","E","T","E","R","$","M","?","R","BOSS","M","M","?","M","?","R","E","M","T","M","M","E","M","?","R","BOSS","M","?","M","M","?","R","E","M","T","?","?","E","M","?","R","BOSS","R","$","E","BOSS"],"items_purchased_type":["Relic","Relic","Card","Card"],"build_version":"2020-12-13","purchased_purges":4,"victory":true,"max_hp_per_floor":[80,80,80,80,80,82,82,82,82,84,84,84,86,86,86,86,86,86,86,86,88,90,90,92,92,92,94,96,98,98,98,98,98,98,100,100,102,104,104,104,106,108,108,108,108,108,108,108,108,137,137,137,137,137,139,139],"card_choices":[{"not_picked":["Heavy Blade","Flex"],"picked":"True Grit","floor":1.0},{"not_picked":["Headbutt","Thunderclap","Blood for Blood","Clothesline"],"picked":"SKIP","floor":4.0},{"not_picked":["Twin Strike","Metallicize","Run Through","Pommel Strike"],"picked":"Singing Bowl","floor":6.0},{"not_picked":["Pummel","Thunderclap","Armaments"],"picked":"Shrug It Off","floor":7.0},{"not_picked":["REME_TheLastStrike","Spot Weakness","Disarm"],"picked":"Hemogenesis","floor":8.0},{"not_picked":["DemoMod:WhiteBlade","Ghostly Armor","Heavy Blade","Sentinel"],"picked":"Singing Bowl","floor":10.0},{"not_picked":["REME_Scribble","Thunderclap","Run Through","Clash"],"picked":"Singing Bowl","floor":13.0},{"not_picked":["Corruption","Exhume","MostiFishMod:FireWorks"],"picked":"MostiFishMod:404NotFound","floor":16.0},{"not_picked":["Shrug It Off","Combust","Clothesline"],"picked":"Burning Pact+1","floor":18.0},{"not_picked":["Intimidate","Cleave","Wild Strike"],"picked":"True Grit","floor":19.0},{"not_picked":["REME_SingleHolding+1","Anger","Clash","Carnage"],"picked":"Singing Bowl","floor":21.0},{"not_picked":["Replay:Undeath\u0027s Touch","Heavy Blade","Infernal Blade","Perfected Strike"],"picked":"Singing Bowl","floor":22.0},{"not_picked":["Headbutt","DemoMod:BlackBlade+1","Searing Blow","Sever Soul"],"picked":"Singing Bowl","floor":24.0},{"not_picked":["MostiFishMod:NeverNightCountry","Flex+1","Havoc+1"],"picked":"True Grit+1","floor":25.0},{"not_picked":["Blood for Blood","ReplayTheSpireMod:Strike From Hell","Iron Wave+1","Cleave"],"picked":"Singing Bowl","floor":27.0},{"not_picked":["REME_Scribble+1","Sword Boomerang","Flex","Massacre"],"picked":"Singing Bowl","floor":28.0},{"not_picked":["Perfected Strike","Iron Wave+1","REME_Scribble","DemoMod:BlackBlade+1"],"picked":"Singing Bowl","floor":29.0},{"not_picked":["REME_Fury","MostiFishMod:NeverNightCountry","MostiFishMod:RacingGame"],"picked":"MostiFishMod:FireWorks","floor":33.0},{"not_picked":["Sever Soul","ReplayTheSpireMod:Muscle Training","Demonic Infusion","Combust"],"picked":"Singing Bowl","floor":35.0},{"not_picked":["REME_SingleHolding+1","Shrug It Off+1","Flame Barrier+1","Pommel Strike"],"picked":"Singing Bowl","floor":37.0},{"not_picked":["Combust","ReplayTheSpireMod:Muscle Training+1","Havoc","Flex"],"picked":"Singing Bowl","floor":38.0},{"not_picked":["Headbutt+1","Dual Wield","ReplayTheSpireMod:Muscle Training","REME_SingleHolding"],"picked":"Singing Bowl","floor":41.0},{"not_picked":["Shrug It Off","Replay:Undeath\u0027s Touch","Wild Strike+1","Dual Wield+1"],"picked":"Singing Bowl","floor":42.0},{"not_picked":["Warcry+1","Sword Boomerang","ReplayTheSpireMod:Corrosion Curse"],"picked":"Second Wind+1","floor":45.0},{"not_picked":["Hemokinesis","Combust+1","REME_SingleHolding"],"picked":"MostiFishMod:NeverNightCountry","floor":46.0},{"not_picked":["True Grit+1","Flex+1","Havoc"],"picked":"Dark Embrace","floor":47.0},{"not_picked":["MostiFishMod:UltimateDefense","Clothesline","Twin Strike","Inflame"],"picked":"Singing Bowl","floor":55.0}],"player_experience":322106,"relics_obtained":[{"floor":1.0,"key":"Question Card"},{"floor":1.0,"key":"LetterFromLob"},{"floor":6.0,"key":"Singing Bowl"},{"floor":8.0,"key":"Meat on the Bone"},{"floor":9.0,"key":"Garlic"},{"floor":10.0,"key":"Ornamental Fan"},{"floor":14.0,"key":"PageOfBloodbath"},{"floor":16.0,"key":"ImportantClient"},{"floor":24.0,"key":"DemoMod:MeltedRock"},{"floor":29.0,"key":"Divine Protection"},{"floor":41.0,"key":"Onion Ring"},{"floor":43.0,"key":"Replay:Bottled Flurry"},{"floor":46.0,"key":"testmod-FatalChain"},{"floor":55.0,"key":"Shuriken"}],"event_choices":[{"cards_removed":["Strike_R"],"damage_healed":0.0,"max_hp_gain":0.0,"max_hp_loss":0.0,"gold_gain":0.0,"event_name":"Bonfire Elementals","player_choice":"Offered Basic","floor":3.0,"gold_loss":0.0,"damage_taken":0.0},{"damage_healed":0.0,"max_hp_gain":0.0,"max_hp_loss":0.0,"gold_gain":0.0,"event_name":"NoteForYourself","player_choice":"Ignored","floor":20.0,"gold_loss":0.0,"damage_taken":0.0},{"damage_healed":0.0,"max_hp_gain":0.0,"max_hp_loss":0.0,"gold_gain":0.0,"event_name":"Upgrade Shrine","player_choice":"Upgraded","floor":36.0,"gold_loss":0.0,"damage_taken":0.0,"cards_upgraded":["MostiFishMod:FireWorks"]},{"damage_healed":0.0,"max_hp_gain":0.0,"max_hp_loss":0.0,"gold_gain":100.0,"event_name":"Golden Shrine","player_choice":"Pray","floor":44.0,"gold_loss":0.0,"damage_taken":0.0}],"is_beta":false,"boss_relics":[{"not_picked":["FixedStarFall","vexMod:MysteryBossChallenge"],"picked":"ChiXiaoBlade"},{"not_picked":["ReplayTheSpireMod:DimensionalGlitch","testmod-DeterminationOfClimber"],"picked":"PatriotShield"}],"items_purged_floors":[5,12,39,54],"is_endless":false,"potions_floor_spawned":[4,6,8,13,18,22,33,41,42,45,46],"ascension_level":0}}