{"host":"udzsrhbqdxqtlypj","time":1608223962,"event":{"mods":["BaseMod","Minty Spire (QoL Compilation)","Relic Stats"],"gold_per_floor":[109,109,125,142,155,155,187,39,66,66,66,66,92,112,112,112,112],"floor_reached":16,"playtime":1197,"items_purged":["Strike_R"],"score":240,"play_id":"453c588d-05a8-4b28-8d97-a1f70569c630","local_time":"20201217105242","is_ascension_mode":true,"campfire_choices":[{"data":"Hemokinesis","floor":6,"key":"SMITH"},{"data":"Anger","floor":10,"key":"SMITH"},{"data":"Demon Form","floor":15,"key":"SMITH"}],"circlet_count":0,"master_deck":["AscendersBane","Strike_R","Strike_R","Strike_R","Defend_R","Defend_R","Defend_R","Defend_R","Bash","Fire Breathing","Anger+1","Juggernaut","Hemokinesis+1","Battle Trance","Corruption","Cleave+1","Demon Form+1"],"relics":["Burning Blood","Omamori","FaceOfCleric","Tiny Chest","PreservedInsect","Molten Egg 2","Boot"],"acts_visited":["Exordium"],"potions_floor_usage":[3,16,16],"damage_taken":[{"damage":3,"enemies":"2 Louse","floor":1,"turns":2},{"damage":6,"enemies":"Cultist","floor":3,"turns":3},{"damage":9,"enemies":"Jaw Worm","floor":4,"turns":4},{"damage":14,"enemies":"Blue Slaver","floor":5,"turns":4},{"damage":37,"enemies":"Gremlin Nob","floor":7,"turns":5},{"damage":14,"enemies":"Lagavulin","floor":13,"turns":4},{"damage":3,"enemies":"Exordium Thugs","floor":14,"turns":4}],"seed_played":"706898790661392114","potions_obtained":[{"floor":1,"key":"DistilledChaos"},{"floor":4,"key":"BloodPotion"},{"floor":14,"key":"SteroidPotion"}],"is_trial":false,"path_per_floor":["M","?","M","M","M","R","E","$","T","R","?","T","E","M","R","B"],"character_chosen":"IRONCLAD","items_purchased":["Corruption"],"campfire_rested":0,"item_purchase_floors":[8],"current_hp_per_floor":[75,75,76,74,67,67,37,37,37,37,30,30,23,27,27,0,0],"gold":112,"neow_bonus":"RANDOM_COMMON_RELIC","is_daily":false,"chose_seed":false,"campfire_upgraded":3,"win_rate":0.0,"timestamp":1608223962,"path_taken":["M","?","M","?","?","R","E","$","T","R","?","?","E","?","R","BOSS"],"items_purchased_type":["Card"],"build_version":"2020-12-13","purchased_purges":1,"victory":false,"max_hp_per_floor":[80,80,81,82,83,83,84,84,84,84,84,84,85,86,86,86,86],"relic_stats":{"FaceOfCleric":6,"counters":[8,35],"Tiny Chest":0,"PreservedInsect":29,"Boot":[3],"obtain_stats":[{"FaceOfCleric":2,"Tiny Chest":7,"Molten Egg 2":12,"PreservedInsect":9,"Omamori":0,"Boot":13,"Burning Blood":0},{"FaceOfCleric":1,"Tiny Chest":5,"Molten Egg 2":5,"PreservedInsect":5,"Omamori":0,"Boot":6,"Burning Blood":0},{"FaceOfCleric":2,"Tiny Chest":18,"Molten Egg 2":18,"PreservedInsect":18,"Omamori":0,"Boot":22,"Burning Blood":0}],"Burning Blood":42},"card_choices":[{"not_picked":["True Grit","Twin Strike"],"picked":"Fire Breathing","floor":1},{"not_picked":["Pommel Strike","Sword Boomerang"],"picked":"Anger","floor":3},{"not_picked":["Headbutt","Clothesline"],"picked":"Juggernaut","floor":4},{"not_picked":["Headbutt","Infernal Blade"],"picked":"Hemokinesis","floor":5},{"not_picked":["Sentinel","Twin Strike"],"picked":"Battle Trance","floor":7},{"not_picked":["Perfected Strike+1","Sword Boomerang+1"],"picked":"Cleave+1","floor":13},{"not_picked":["Power Through","Infernal Blade"],"picked":"Demon Form","floor":14}],"player_experience":2638311,"relics_obtained":[{"floor":7,"key":"Tiny Chest"},{"floor":9,"key":"PreservedInsect"},{"floor":12,"key":"Molten Egg 2"},{"floor":13,"key":"Boot"}],"event_choices":[{"damage_healed":0,"gold_gain":0,"player_choice":"Trade","damage_taken":0,"relics_obtained":["FaceOfCleric"],"max_hp_gain":0,"max_hp_loss":0,"event_name":"FaceTrader","floor":2,"gold_loss":0},{"cards_removed":["Strike_R"],"damage_healed":0,"gold_gain":0,"player_choice":"Card Removal","damage_taken":7,"max_hp_gain":0,"max_hp_loss":0,"event_name":"Golden Wing","floor":11,"gold_loss":0}],"is_beta":false,"boss_relics":[],"items_purged_floors":[8],"is_endless":false,"potions_floor_spawned":[1,4,14],"killed_by":"The Guardian","ascension_level":10}}