{"host":"8ipjylpxrvyj8jzh","time":1608164483,"event":{"mods":["AchievementEnabler","Aspiration","BaseMod","Better Match","Better Third Choice","BetterRewards","Card Forge","Colored Map","Displayed Cursed Tome","Energized Spire","Halation","Hubris","Infinite Spire","Minty Spire (QoL Compilation)","Quick Restart","Relic Sorter","Replay The Spire","Shop Mod","Spicy Shops","StSLib","The Animator","Treasure Hunter"],"gold_per_floor":[153,153,18,18,40,82,82,121,121,165,204,286,326,326,326,475,475,534,558,624,684,684,759,759,759,759,809,809,809,899,993,1078,1078,1078,1281,1281,1388,44,79,79,160,71,151,276,357,488,262,313,331,331,331,345,345,345,85,151,226],"floor_reached":58,"playtime":4897,"items_purged":["Replay:Hysterical Blindness","hubris:Disease","Pain","Looming Evil"],"score":2078,"play_id":"afd4cda4-dec0-4927-ab80-aecf4940eeac","local_time":"20201216172123","is_ascension_mode":true,"campfire_choices":[{"data":"PathToVictory","floor":7,"key":"SMITH"},{"data":"Wireheading","floor":15,"key":"SMITH"},{"floor":25,"key":"RECALL"},{"floor":34,"key":"REST"},{"data":"Voices","floor":51,"key":"SMITH"}],"circlet_count":0,"master_deck":["Eruption+1","Vigilance+1","Sanctity+1","BattleHymn+1","Vengeance+1","Wireheading+1","JustLucky+1","Consecrate+1","TH:Mimic+1","PathToVictory+1","TH:TreasureMap+1","FollowUp+1","TH:CopperCoins+1","TH:PixieDust+1","EmptyFist+1","PathToVictory+1","JustLucky+1","TH:ElvenBoots+1","Prostrate+1","Wireheading+1","infinitespire:SevenWalls+1","TH:TreasureMap+1","DeusExMachina+1","Replay:BluntJabs+1","Consecrate+1","TH:EnergyPotion+1","Weave+1","EmptyFist+1","PathToVictory+1","hubris:InfiniteBlow+15","TH:EnergyPotion+1","FlurryOfBlows+1","TH:EnergyPotion+1","TH:EnergyPotion+1","FlyingSleeves+1","Devotion+1","TH:EnergyPotion+1","EmptyFist+1","Wireheading+1","TH:TreasureMap+1","Prostrate+1","Replay:Hysterical Blindness","Consecrate+1","Languid","TH:BikiniMail+1","PathToVictory+1","Replay:Vibes+1","Tantrum+1","TH:DeckOfManyThings+1","Prostrate+1","PathToVictory+1","hubris:Sloth","TH:TreasureMap+1","ForeignInfluence+1","Prostrate+1","Madness+1","Madness+1","Panacea+1","TH:BikiniMail+1","JustLucky+1","Decay"],"relics":["PureWater","Hammer of Thor","Seething Fire","Anvil of the Gods","halation:TrafficLight","Golden Egg","Golden Idol","The Courier","Membership Card","infinitespire:EvilPickle","TheAbacus","Prayer Wheel","infinitespire:Beetle Shell","Lantern","Bag of Marbles","Pantograph","Regal Pillow","MealTicket","Dead Branch","Toolbox","Molten Egg 2","Tiny Chest","Shuriken","CaptainsWheel","infinitespire:Broken Mirror","energizedSpire:DeadBattery","halation:AfternoonTea","energizedSpire:MagnifyingGlass","Pondfish Scales","hubris:BottledHeart","ReplayTheSpireMod:Ninjato","ReplayTheSpireMod:Ring of Collecting","Ring of Greed","halation:IllGainedPizza","Blue Doll","Replay:Wax Seal","Replay:PocketPolymizer","SlaversCollar","Bird Faced Urn","Pear","hubris:SphereOfDissonance","hubris:MobiusCoin","Replay:Rubber Ducky","halation:Toothbrush","Boot","infinitespire:Lucky Rock","halation:LettersToHer","CeramicFish","Whetstone","Ancient Tea Set","Toy Ornithopter","aspiration:SeaSaltIceCream","Ice Cream","Potion Belt","Akabeko","halation:PrussianBluePaint","Ring of Panic","SacredBark","hubris:FunFungus","Membership Card","ClockworkSouvenir","hubris:SlimyHat","Strawberry","Replay:Multitool","Unceasing Top","aspiration:StickyExplosives","ReplayTheSpireMod:Ring of Exchange","aspiration:FrozenJewel","Vajra","hubris:Zylophone","Guide Book","halation:KoshaPiece"],"acts_visited":["Exordium","TheCity","TheBeyond","TheEnding"],"potions_floor_usage":[16,23,23,30,44,52,52,52,52,57,57,57,57],"damage_taken":[{"damage":0,"enemies":"Jaw Worm","floor":1,"turns":3},{"damage":0,"enemies":"Cultist","floor":5,"turns":2},{"damage":13,"enemies":"Lagavulin","floor":6,"turns":4},{"damage":3,"enemies":"Replay:BlueRogue","floor":8,"turns":3},{"damage":9,"enemies":"Lagavulin","floor":10,"turns":3},{"damage":8,"enemies":"Small Slimes","floor":11,"turns":2},{"damage":0,"enemies":"2 Fungi Beasts","floor":13,"turns":2},{"damage":12,"enemies":"Hexaghost","floor":16,"turns":6},{"damage":0,"enemies":"Spheric Guardian","floor":18,"turns":2},{"damage":0,"enemies":"Shell Parasite","floor":20,"turns":3},{"damage":0,"enemies":"Centurion and Healer","floor":21,"turns":3},{"damage":22,"enemies":"Book of Stabbing","floor":23,"turns":3},{"damage":0,"enemies":"Gremlin Leader","floor":30,"turns":4},{"damage":0,"enemies":"Shelled Parasite and Fungi","floor":31,"turns":4},{"damage":0,"enemies":"Snake Plant","floor":32,"turns":1},{"damage":0,"enemies":"hubris:MusketHawk","floor":35,"turns":5},{"damage":0,"enemies":"3 Darklings","floor":37,"turns":3},{"damage":0,"enemies":"Mind Bloom Boss Battle","floor":41,"turns":3},{"damage":0,"enemies":"R_Hoarder","floor":43,"turns":4},{"damage":0,"enemies":"3 Shapes","floor":44,"turns":2},{"damage":0,"enemies":"Reptomancer","floor":47,"turns":3},{"damage":0,"enemies":"Maw","floor":48,"turns":1},{"damage":0,"enemies":"Donu and Deca","floor":52,"turns":5},{"damage":0,"enemies":"Shield and Spear","floor":56,"turns":2},{"damage":0,"enemies":"The Heart","floor":57,"turns":6}],"seed_played":"117669704762593920","potions_obtained":[{"floor":8,"key":"SkillPotion"},{"floor":16,"key":"Ambrosia"},{"floor":23,"key":"Explosive Potion"},{"floor":30,"key":"Fire Potion"},{"floor":32,"key":"BottledMiracle"},{"floor":43,"key":"Fire Potion"},{"floor":47,"key":"Swift Potion"},{"floor":56,"key":"SpeedPotion"}],"is_trial":false,"path_per_floor":["M","?","$","?","M","E","R","E","T","E","M","T","M","?","R","B",null,"M","T","M","M","AVR","E","?","R","T","?","PTL","PTL","E","M","M","?","R","B",null,"M","$","T","AVR","?","$","E","M","T","R","E","M","?","?","R","B",null,"R","$","E","B",null],"character_chosen":"WATCHER","items_purchased":["Wireheading","JustLucky","TheAbacus","Prayer Wheel","infinitespire:Beetle Shell","Lantern","Bag of Marbles","Pantograph","Regal Pillow","MealTicket","Dead Branch","Toolbox","Bird Faced Urn","Pear","hubris:SphereOfDissonance","hubris:MobiusCoin","Replay:Rubber Ducky","halation:Toothbrush","halation:TrafficLight","Boot","infinitespire:Lucky Rock","halation:LettersToHer","CeramicFish","Whetstone","Ancient Tea Set","Toy Ornithopter","aspiration:SeaSaltIceCream","Potion Belt","Akabeko","Consecrate+1","Membership Card","ClockworkSouvenir","hubris:SlimyHat","Strawberry","Replay:Multitool","Unceasing Top","Panacea","StancePotion","Guide Book"],"campfire_rested":1,"item_purchase_floors":[3,3,3,3,3,3,3,3,3,3,3,3,38,38,38,38,38,38,38,38,38,38,38,38,38,38,38,38,38,42,42,42,42,42,42,42,55,55,55],"current_hp_per_floor":[72,72,72,72,72,59,59,56,56,47,39,39,39,21,21,34,72,72,72,72,72,72,50,1,1,1,1,1,1,1,1,1,1,1,1,1,1,1,1,1,1,1,1,1,1,1,1,1,1,1,1,1,1,1,1,1,1],"gold":226,"neow_bonus":"TRANSFORM_CARD","is_daily":false,"chose_seed":false,"campfire_upgraded":3,"win_rate":0.0,"timestamp":1608164483,"path_taken":["M","?","?","?","M","E","R","E","T","E","M","?","?","?","R","BOSS","M","?","M","M","AVR","E","?","R","T","?","PTL","PTL","E","M","M","?","R","BOSS","M","$","?","AVR","?","$","E","M","T","R","E","M","?","?","R","BOSS","R","$","E","BOSS"],"items_purchased_type":["Card","Card","Relic","Relic","Relic","Relic","Relic","Relic","Relic","Relic","Relic","Relic","Relic","Relic","Relic","Relic","Relic","Relic","Relic","Relic","Relic","Relic","Relic","Relic","Relic","Relic","Relic","Relic","Relic","Card","Relic","Relic","Relic","Relic","Relic","Relic","Card","Potion","Relic"],"build_version":"2020-12-13","purchased_purges":4,"victory":true,"max_hp_per_floor":[72,72,72,72,72,72,72,72,72,72,72,72,72,72,72,72,72,72,72,72,72,72,72,1,1,1,1,1,1,1,1,1,1,1,1,1,1,1,1,1,1,1,1,1,1,1,1,1,1,1,1,1,1,1,1,1,1],"card_choices":[{"not_picked":["Evaluate","Replay:BluntJabs"],"picked":"BattleHymn","floor":1},{"not_picked":["Protect","WheelKick+1"],"picked":"Consecrate+1","floor":5},{"not_picked":["CrushJoints+1","Wireheading","WindmillStrike+1"],"picked":"SKIP","floor":5},{"not_picked":["TH:DeckOfManyThings"],"picked":"TH:Mimic","floor":6},{"not_picked":["CutThroughFate+1","Worship"],"picked":"PathToVictory","floor":6},{"not_picked":["TH:Mimic"],"picked":"TH:TreasureMap","floor":8},{"not_picked":["ClearTheMind","Replay:BluntJabs+1"],"picked":"FollowUp+1","floor":8},{"not_picked":["TH:ElvenBoots"],"picked":"TH:CopperCoins","floor":9},{"not_picked":["TH:CursedSword"],"picked":"TH:PixieDust","floor":10},{"not_picked":["FearNoEvil+1","Wallop+1"],"picked":"EmptyFist+1","floor":10},{"not_picked":["Evaluate","FlyingSleeves+1"],"picked":"PathToVictory","floor":11},{"not_picked":["FlurryOfBlows+1","Replay:LoomingThreat"],"picked":"JustLucky+1","floor":11},{"not_picked":["TH:Mimic"],"picked":"TH:ElvenBoots","floor":12},{"not_picked":["Replay:DivineShield","Nirvana"],"picked":"Prostrate","floor":13},{"not_picked":["SignatureMove+1","Replay:Battleflow"],"picked":"Wireheading","floor":13},{"not_picked":["infinitespire:Menacing","infinitespire:Collect"],"picked":"infinitespire:SevenWalls","floor":14},{"not_picked":["TH:ArmorSpikes"],"picked":"TH:TreasureMap","floor":16},{"not_picked":["Omniscience","Judgement"],"picked":"DeusExMachina","floor":16},{"not_picked":["BowlingBash+1","EmptyBody"],"picked":"Replay:BluntJabs+1","floor":18},{"not_picked":["ThirdEye","SashWhip+1"],"picked":"Consecrate+1","floor":18},{"not_picked":["TH:DeckOfManyThings"],"picked":"TH:EnergyPotion","floor":19},{"not_picked":["Replay:Anticipation","Replay:LoomingThreat"],"picked":"Weave+1","floor":20},{"not_picked":["WreathOfFlame+1","Replay:DivineShield+1"],"picked":"EmptyFist+1","floor":20},{"not_picked":["Replay:Anticipation+1","BattleHymn+1"],"picked":"PathToVictory","floor":21},{"not_picked":["Judgement","Replay:DivineShield","SignatureMove+1"],"picked":"SKIP","floor":21},{"not_picked":["TH:DeckOfManyThings"],"picked":"TH:EnergyPotion","floor":23},{"not_picked":["EmptyFist+1","FearNoEvil+1"],"picked":"FlurryOfBlows+1","floor":23},{"not_picked":["TH:ElvenBoots"],"picked":"TH:EnergyPotion","floor":26},{"not_picked":["TH:DeckOfManyThings"],"picked":"TH:EnergyPotion","floor":30},{"not_picked":["ConjureBlade","Crescendo"],"picked":"FlyingSleeves+1","floor":30},{"not_picked":["ThirdEye","Adaptation"],"picked":"Halt","floor":31},{"not_picked":["Study","Wallop+1","CrushJoints+1"],"picked":"SKIP","floor":31},{"not_picked":["Replay:AllIn","FlurryOfBlows+1"],"picked":"Halt","floor":32},{"not_picked":["ThirdEye","WreathOfFlame+1","Perseverance"],"picked":"SKIP","floor":32},{"not_picked":["TH:PixieDust"],"picked":"TH:EnergyPotion","floor":35},{"not_picked":["Perseverance+1","Evaluate"],"picked":"EmptyFist+1","floor":37},{"not_picked":["Wallop+1","Evaluate"],"picked":"Wireheading","floor":37},{"not_picked":["TH:BikiniMail"],"picked":"TH:TreasureMap","floor":39},{"not_picked":["Replay:DivineShield+1","ForeignInfluence+1"],"picked":"Prostrate","floor":41},{"not_picked":["TH:CursedSword"],"picked":"TH:BikiniMail","floor":43},{"not_picked":["Meditate+1","Replay:ManipulateFuture"],"picked":"PathToVictory+1","floor":43},{"not_picked":["Replay:AtTheReady+1","Judgement"],"picked":"Replay:Vibes+1","floor":44},{"not_picked":["JustLucky+1","EmptyFist+1"],"picked":"Tantrum+1","floor":44},{"not_picked":["TH:ArmorSpikes"],"picked":"TH:DeckOfManyThings","floor":45},{"not_picked":["CutThroughFate+1","EmptyBody+1"],"picked":"Prostrate","floor":46},{"not_picked":["DeceiveReality+1","FlurryOfBlows+1"],"picked":"PathToVictory","floor":46},{"not_picked":["TH:CursedSword"],"picked":"TH:TreasureMap","floor":47},{"not_picked":["BattleHymn","Replay:Vibes+1"],"picked":"ForeignInfluence+1","floor":47},{"not_picked":["Replay:Anticipation","Devotion"],"picked":"Prostrate","floor":48},{"not_picked":["CarveReality+1","WindmillStrike+1","CrushJoints+1"],"picked":"SKIP","floor":48},{"not_picked":["TH:DeckOfManyThings"],"picked":"TH:BikiniMail","floor":56},{"not_picked":["Swivel","WindmillStrike+1"],"picked":"JustLucky+1","floor":56}],"player_experience":271145,"relics_obtained":[{"floor":6,"key":"Tiny Chest"},{"floor":8,"key":"Shuriken"},{"floor":10,"key":"CaptainsWheel"},{"floor":12,"key":"infinitespire:Broken Mirror"},{"floor":19,"key":"halation:AfternoonTea"},{"floor":23,"key":"Pondfish Scales"},{"floor":26,"key":"ReplayTheSpireMod:Ninjato"},{"floor":27,"key":"ReplayTheSpireMod:Ring of Collecting"},{"floor":27,"key":"Ring of Greed"},{"floor":27,"key":"halation:IllGainedPizza"},{"floor":27,"key":"Blue Doll"},{"floor":30,"key":"Replay:Wax Seal"},{"floor":39,"key":"halation:PrussianBluePaint"},{"floor":39,"key":"halation:LettersToHer"},{"floor":39,"key":"Ring of Panic"},{"floor":41,"key":"hubris:FunFungus"},{"floor":43,"key":"aspiration:StickyExplosives"},{"floor":45,"key":"ReplayTheSpireMod:Ring of Exchange"},{"floor":45,"key":"halation:LettersToHer"},{"floor":45,"key":"aspiration:FrozenJewel"},{"floor":46,"key":"Vajra"},{"floor":47,"key":"hubris:Zylophone"},{"floor":56,"key":"halation:KoshaPiece"}],"event_choices":[{"damage_healed":0,"gold_gain":0,"cards_transformed":["Defend_P"],"player_choice":"Transformed","damage_taken":0,"max_hp_gain":0,"max_hp_loss":0,"event_name":"Transmorgrifier","floor":2,"gold_loss":0,"cards_obtained":["Vengeance"]},{"damage_healed":0,"gold_gain":0,"player_choice":"Fight","damage_taken":0,"max_hp_gain":0,"max_hp_loss":0,"event_name":"MindBloom","floor":41,"gold_loss":0},{"damage_healed":0,"gold_gain":0,"player_choice":"Embrace Madness","damage_taken":0,"max_hp_gain":0,"max_hp_loss":0,"event_name":"Winding Halls","floor":49,"gold_loss":0,"cards_obtained":["Madness","Madness"]},{"damage_healed":0,"gold_gain":0,"player_choice":"Ignored","damage_taken":0,"max_hp_gain":0,"max_hp_loss":0,"event_name":"Tomb of Lord Red Mask","floor":50,"gold_loss":0}],"is_beta":false,"boss_relics":[{"not_picked":["halation:MonkeysPaw","Snecko Eye"],"picked":"energizedSpire:DeadBattery"},{"not_picked":["hubris:ScarierMask","hubris:Stopwatch"],"picked":"SlaversCollar"}],"items_purged_floors":[38,42,55,55],"is_endless":false,"potions_floor_spawned":[8,16,23,30,32,43,47,56],"ascension_level":4}}