{"host":"ok3pmhc1fiz31noj","time":1608163863,"event":{"mods":["AchievementEnabler","BaseMod","Colored Map","Colored Powertips","Minty Spire (QoL Compilation)","Quick Restart","Relic Stats","Replay The Spire","StSLib"],"gold_per_floor":[116,116,66,66,79,109,9,23,99,99,24,24,51,69,69,168,168,182,33,33,43,87,87,105,105,105,20,20,39,39,39,39,144,144,64,16,66,78,78,78],"floor_reached":39,"playtime":1483,"items_purged":["Strike_R","Defend_R"],"score":475,"play_id":"efc6e23e-69b2-40af-b27d-229e3bcc2e65","local_time":"20201217081103","is_ascension_mode":false,"campfire_choices":[{"data":"Demon Form","floor":10,"key":"SMITH"},{"data":"Demon Form","floor":15,"key":"SMITH"},{"data":"RitualDagger","floor":23,"key":"SMITH"},{"data":"Anger","floor":25,"key":"SMITH"},{"data":"Berserk","floor":32,"key":"SMITH"}],"circlet_count":0,"master_deck":["Strike_R","Strike_R","Strike_R","Defend_R+1","Defend_R","Defend_R","Bash","Anger+1","Bash","Berserk+1","Pommel Strike","Demon Form+1","Demon Form+1","Demon Form+1","Anger+1","RitualDagger+1","Rampage","Heavy Blade+1","Heavy Blade+1","Ghostly","Ghostly","Ghostly","Ghostly","Ghostly","Decay","ReplayTheSpireMod:IOU","Flex+1"],"relics":["Black Blood","NeowsBlessing","Nunchaku","Mercury Hourglass","Replay:Wax Seal","Eternal Feather","White Beast Statue","InkBottle","Bottled Tornado","Replay:Ancient Bell","Happy Flower","Darkstone Periapt","Counterbalance","TungstenRod"],"acts_visited":["Exordium","TheCity","TheBeyond"],"potions_floor_usage":[16,21,21,29,33,33,37,37,37,39],"damage_taken":[{"damage":0,"enemies":"2 Louse","floor":1,"turns":1},{"damage":0,"enemies":"Small Slimes","floor":5,"turns":1},{"damage":0,"enemies":"Gremlin Nob","floor":6,"turns":1},{"damage":14,"enemies":"Cultist","floor":8,"turns":4},{"damage":35,"enemies":"Gremlin Gang","floor":14,"turns":4},{"damage":2,"enemies":"Fading Forest","floor":16,"turns":11},{"damage":48,"enemies":"3 Byrds","floor":18,"turns":5},{"damage":20,"enemies":"Shell Parasite","floor":21,"turns":4},{"damage":23,"enemies":"Centurion and Healer","floor":24,"turns":5},{"damage":37,"enemies":"Snecko","floor":29,"turns":5},{"damage":34,"enemies":"Champ","floor":33,"turns":9},{"damage":16,"enemies":"3 Darklings","floor":35,"turns":7},{"damage":6,"enemies":"Mind Bloom Boss Battle","floor":37,"turns":4},{"damage":0,"enemies":"3 Shapes","floor":38,"turns":5},{"damage":59,"enemies":"2 Orb Walkers","floor":39,"turns":2}],"seed_played":"-3603754282102023437","potions_obtained":[{"floor":5,"key":"Toxic Potion"},{"floor":14,"key":"ColorlessPotion"},{"floor":16,"key":"BlessingOfTheForge"},{"floor":24,"key":"Adrenaline Potion"},{"floor":29,"key":"PowerPotion"},{"floor":33,"key":"DistilledChaos"},{"floor":35,"key":"AttackPotion"},{"floor":37,"key":"SkillPotion"},{"floor":38,"key":"BlessingOfTheForge"}],"is_trial":false,"path_per_floor":["M","?","?","?","M","E","$","M","T","R","$","?","T","M","R","B",null,"M","$","?","M","?","R","M","R","T","?","$","M","T","?","R","B",null,"M","$","?","M","?"],"character_chosen":"IRONCLAD","items_purchased":["Demon Form","BloodPotion","Block Potion"],"campfire_rested":0,"item_purchase_floors":[7,19,36],"current_hp_per_floor":[80,64,64,64,70,76,76,68,68,68,68,68,68,39,39,53,80,44,44,38,46,46,55,44,53,53,53,53,28,28,28,40,18,58,54,54,58,58,0,0],"gold":78,"neow_bonus":"THREE_ENEMY_KILL","is_daily":false,"chose_seed":false,"campfire_upgraded":5,"win_rate":0.0,"timestamp":1608163863,"path_taken":["M","?","?","?","?","E","$","?","T","R","$","?","?","M","R","BOSS","M","$","?","M","?","R","?","R","T","?","?","M","?","?","R","BOSS","M","$","?","M","?"],"items_purchased_type":["Card","Potion","Potion"],"build_version":"2020-12-13","purchased_purges":2,"victory":false,"max_hp_per_floor":[80,80,80,80,80,80,80,80,80,80,80,80,80,80,80,80,80,80,80,80,80,80,80,80,80,80,80,80,80,80,40,40,40,58,58,58,58,58,58,58],"relic_stats":{"Darkstone Periapt":18,"Nunchaku":[11],"Happy Flower":[6],"counters":[15,68],"Black Blood":112,"Eternal Feather":30,"obtain_stats":[{"Darkstone Periapt":34,"NeowsBlessing":0,"Happy Flower":34,"Counterbalance":34,"Black Blood":17,"Eternal Feather":22,"Replay:Ancient Bell":34,"Bottled Tornado":30,"Burning Blood":0,"White Beast Statue":26,"Mercury Hourglass":9,"Nunchaku":6,"Replay:Wax Seal":13,"InkBottle":27,"TungstenRod":37},{"Darkstone Periapt":11,"NeowsBlessing":0,"Happy Flower":11,"Counterbalance":11,"Black Blood":6,"Eternal Feather":8,"Replay:Ancient Bell":11,"Bottled Tornado":10,"Burning Blood":0,"White Beast Statue":9,"Mercury Hourglass":4,"Nunchaku":3,"Replay:Wax Seal":4,"InkBottle":9,"TungstenRod":13},{"Darkstone Periapt":50,"NeowsBlessing":0,"Happy Flower":50,"Counterbalance":50,"Black Blood":22,"Eternal Feather":31,"Replay:Ancient Bell":50,"Bottled Tornado":41,"Burning Blood":0,"White Beast Statue":36,"Mercury Hourglass":7,"Nunchaku":3,"Replay:Wax Seal":7,"InkBottle":36,"TungstenRod":61}],"InkBottle":[9],"TungstenRod":6,"Mercury Hourglass":[288]},"card_choices":[{"not_picked":["Replay:Undeath\u0027s Touch","True Grit"],"picked":"Anger","floor":1},{"not_picked":["Havoc","Armaments"],"picked":"Pommel Strike","floor":5},{"not_picked":["Second Wind","Perfected Strike","Run Through"],"picked":"SKIP","floor":6},{"not_picked":["Cleave","Run Through","Combust"],"picked":"SKIP","floor":8},{"not_picked":["Twin Strike","Spot Weakness"],"picked":"Demon Form","floor":14},{"not_picked":["Shockwave","Clothesline"],"picked":"Anger","floor":18},{"not_picked":["Dropkick","Run Through","Second Wind"],"picked":"SKIP","floor":21},{"not_picked":["Wild Strike","Entrench"],"picked":"Rampage","floor":22},{"not_picked":["Sentinel+1","ReplayTheSpireMod:Limb From Limb"],"picked":"Heavy Blade+1","floor":22},{"not_picked":["Burning Pact","Clothesline+1"],"picked":"Heavy Blade+1","floor":24},{"not_picked":["Infernal Blade","Ghostly Armor","Clash"],"picked":"SKIP","floor":29},{"not_picked":["Normality","Decay"],"picked":"ReplayTheSpireMod:IOU","floor":34},{"not_picked":["ReplayTheSpireMod:Restless Dread","Amnesia"],"picked":"Decay","floor":34},{"not_picked":["Languid","ReplayTheSpireMod:Splinters"],"picked":"ReplayTheSpireMod:IOU","floor":34},{"not_picked":["Armaments","Warcry+1"],"picked":"Flex+1","floor":35},{"not_picked":["Dropkick+1","Perfected Strike","Warcry"],"picked":"SKIP","floor":38}],"player_experience":126439,"relics_obtained":[{"floor":6,"key":"Nunchaku"},{"floor":9,"key":"Mercury Hourglass"},{"floor":13,"key":"Replay:Wax Seal"},{"floor":22,"key":"Eternal Feather"},{"floor":26,"key":"White Beast Statue"},{"floor":30,"key":"Bottled Tornado"},{"floor":37,"key":"TungstenRod"}],"event_choices":[{"damage_healed":0,"gold_gain":0,"player_choice":"Entered Light","damage_taken":16,"max_hp_gain":0,"max_hp_loss":0,"event_name":"Shining Light","floor":2,"gold_loss":0,"cards_upgraded":["Anger","Defend_R"]},{"cards_removed":["Strike_R"],"damage_healed":0,"gold_gain":0,"player_choice":"Card Removal","damage_taken":0,"max_hp_gain":0,"max_hp_loss":0,"event_name":"The Cleric","floor":3,"gold_loss":50},{"damage_healed":0,"gold_gain":0,"player_choice":"2 cards matched","damage_taken":0,"max_hp_gain":0,"max_hp_loss":0,"event_name":"Match and Keep!","floor":4,"gold_loss":0,"cards_obtained":["Bash","Berserk"]},{"damage_healed":0,"gold_gain":0,"player_choice":"Grow","damage_taken":0,"max_hp_gain":0,"max_hp_loss":0,"event_name":"Living Wall","floor":12,"gold_loss":0,"cards_upgraded":["Demon Form"]},{"damage_healed":0,"gold_gain":0,"player_choice":"Joined the Cult","damage_taken":6,"max_hp_gain":0,"max_hp_loss":0,"event_name":"Nest","floor":20,"gold_loss":0,"cards_obtained":["RitualDagger"]},{"damage_healed":0,"gold_gain":0,"player_choice":"Obtained Relic","damage_taken":0,"relics_obtained":["InkBottle"],"max_hp_gain":0,"max_hp_loss":0,"event_name":"Addict","floor":27,"gold_loss":85},{"damage_healed":0,"gold_gain":0,"player_choice":"Became a Ghost","damage_taken":0,"max_hp_gain":0,"max_hp_loss":40,"event_name":"Ghosts","floor":31,"gold_loss":0,"cards_obtained":["Ghostly","Ghostly","Ghostly","Ghostly","Ghostly"]},{"damage_healed":0,"gold_gain":0,"player_choice":"Fight","damage_taken":0,"max_hp_gain":0,"max_hp_loss":0,"event_name":"MindBloom","floor":37,"gold_loss":0},{"damage_healed":0,"gold_gain":0,"player_choice":"Fight","damage_taken":0,"max_hp_gain":0,"max_hp_loss":0,"event_name":"Mysterious Sphere","floor":39,"gold_loss":0}],"is_beta":false,"boss_relics":[{"not_picked":["Tiny House","Ectoplasm"],"picked":"Black Blood"},{"not_picked":["SacredBark","Runic Dome"],"picked":"Replay:Ancient Bell"},{"not_picked":["Bag of Preparation","Toy Ornithopter"],"picked":"Happy Flower"},{"not_picked":["ReplayTheSpireMod:Ninjato","Paper Frog"],"picked":"Darkstone Periapt"},{"not_picked":["Unceasing Top","Prayer Wheel"],"picked":"Counterbalance"}],"items_purged_floors":[11,19],"is_endless":false,"potions_floor_spawned":[5,14,16,24,29,33,35,37,38],"killed_by":"2 Orb Walkers","ascension_level":0}}