{"host":"a9gsz7kv8aebwp1f","time":1608171320,"event":{"mods":["AchievementEnabler","BaseMod","Minty Spire (QoL Compilation)"],"gold_per_floor":[113,113,188,44,44,44,44,57,57,7,40,58,58,78,78,78,78],"floor_reached":16,"playtime":317,"items_purged":[],"score":141,"play_id":"a29d3b28-1f3f-4b4d-9ecd-8fce67396071","local_time":"20201217111520","is_ascension_mode":true,"campfire_choices":[{"floor":6,"key":"REST"},{"floor":13,"key":"REST"},{"data":"Dualcast","floor":15,"key":"SMITH"}],"circlet_count":0,"master_deck":["AscendersBane","Strike_B","Strike_B","Strike_B","Strike_B","Defend_B","Defend_B+1","Defend_B+1","Defend_B","Zap","Dualcast+1","Defragment","Gash","Go for the Eyes","Leap","Loop","Redo","Skim"],"relics":["Cracked Core","Golden Idol","Nunchaku","War Paint","Pantograph","Odd Mushroom"],"acts_visited":["Exordium"],"potions_floor_usage":[16],"damage_taken":[{"damage":2,"enemies":"Jaw Worm","floor":1,"turns":3},{"damage":20,"enemies":"Small Slimes","floor":8,"turns":3},{"damage":26,"enemies":"The Mushroom Lair","floor":11,"turns":5},{"damage":1,"enemies":"2 Louse","floor":12,"turns":3},{"damage":3,"enemies":"Looter","floor":14,"turns":3},{"damage":57,"enemies":"The Guardian","floor":16,"turns":9}],"seed_played":"-4885046597572976490","potions_obtained":[{"floor":11,"key":"FocusPotion"},{"floor":12,"key":"Fire Potion"}],"is_trial":false,"path_per_floor":["M","?","?","$","?","R","T","M","T","$","?","M","R","M","R","B"],"character_chosen":"DEFECT","items_purchased":["Nunchaku","Leap"],"campfire_rested":2,"item_purchase_floors":[4,10],"current_hp_per_floor":[66,48,37,37,37,59,59,39,39,39,13,12,34,31,31,0,0],"gold":78,"neow_bonus":"THREE_CARDS","is_daily":false,"chose_seed":false,"campfire_upgraded":1,"win_rate":0.0,"timestamp":1608171320,"path_taken":["M","?","?","$","?","R","?","M","T","$","?","M","R","M","R","BOSS"],"items_purchased_type":["Relic","Card"],"build_version":"2020-12-13","purchased_purges":0,"victory":false,"max_hp_per_floor":[75,75,75,75,75,75,75,75,75,75,75,75,75,75,75,75,75],"card_choices":[{"not_picked":["Barrage","BootSequence"],"picked":"Defragment","floor":0},{"not_picked":["Redo","Ball Lightning"],"picked":"Gash","floor":1},{"not_picked":["Barrage","Ball Lightning"],"picked":"Go for the Eyes","floor":8},{"not_picked":["Rebound","Steam"],"picked":"Loop","floor":11},{"not_picked":["Reprogram","Rebound"],"picked":"Redo","floor":12},{"not_picked":["Reinforced Body","Cold Snap"],"picked":"Skim","floor":14}],"player_experience":430678,"relics_obtained":[{"floor":7,"key":"War Paint"},{"floor":9,"key":"Pantograph"},{"floor":11,"key":"Odd Mushroom"}],"event_choices":[{"damage_healed":0,"gold_gain":0,"player_choice":"Take Damage","damage_taken":18,"relics_obtained":["Golden Idol"],"max_hp_gain":0,"max_hp_loss":0,"event_name":"Golden Idol","floor":2,"gold_loss":0},{"damage_healed":0,"gold_gain":75,"player_choice":"Gather Gold","damage_taken":11,"max_hp_gain":0,"max_hp_loss":0,"event_name":"World of Goop","floor":3,"gold_loss":0},{"damage_healed":0,"gold_gain":0,"player_choice":"Ignored","damage_taken":0,"max_hp_gain":0,"max_hp_loss":0,"event_name":"Liars Game","floor":5,"gold_loss":0},{"damage_healed":0,"gold_gain":0,"player_choice":"Fought Mushrooms","damage_taken":0,"max_hp_gain":0,"max_hp_loss":0,"event_name":"Mushrooms","floor":11,"gold_loss":0}],"is_beta":false,"boss_relics":[],"items_purged_floors":[],"is_endless":false,"potions_floor_spawned":[11,12],"killed_by":"The Guardian","ascension_level":12}}