{"host":"grli52lbdph2722t","time":1608244215,"event":{"mods":["AchievementEnabler","BaseMod","Downfall","Minty Spire (QoL Compilation)","Quick Restart","StSLib"],"gold_per_floor":[99,99,127,427,427,455,455,58,58,84,101,101,112,97,110,213,213,213,233,233,233,260,145,171,271,271,303,453,465,465,483,500,599,599,374,393,393,393,443,471,525,558,568,600,612,623,705,225,237,237,237,267,117,117,117],"floor_reached":56,"playtime":3174,"items_purged":["Regret","Slimebound:Icky","champ:Strike","champ:Defend"],"score":1979,"play_id":"d36befb1-b5e2-4481-9398-11a9df64d24b","local_time":"20201217233015","is_ascension_mode":true,"campfire_choices":[{"data":"champ:Taunt","floor":1.0,"key":"SMITH"},{"floor":18.0,"key":"RECALL"},{"data":"champ:Improvising","floor":35,"key":"SMITH"},{"data":"champ:Improvising","floor":38,"key":"SMITH"},{"floor":54,"key":"REST"}],"circlet_count":0,"master_deck":["champ:Strike","champ:Defend","champ:Defend","champ:Defend","champ:Execute","champ:Taunt+1","champ:Duel","champ:Haymaker","champ:BladeFlurry","champ:PerfectForm","champ:GladiatorStyle","champ:Improvising+1","champ:FocusedGladiator","champ:ArenaPreparation","champ:EndlessRage","champ:EnchantShield","champ:IronFortress+1","champ:GladiatorsShout","champ:Riposte+1","champ:EnragedBash","champ:RecklessLeap","J.A.X.","champ:SwordSigil","champ:GladiatorStyle+1","champ:BladeFlurry+1","champ:LastStand","champ:Improvising+1","champ:LastStand","champ:Control+1","champ:FocusedGladiator","Magnetism","expansioncontent:CaCaw","champ:EnchantSword"],"relics":["champ:ChampionCrown","downfall:HeartsMalice","InkBottle","champ:DuelingGlove","Unceasing Top","Mummified Hand","Orrery","Anchor","Sundial","champ:LiftRelic","sneckomod:SneckoTalon","Omamori","MutagenicStrength","Lantern","Spirit Poop","Sozu","downfall:HeartBlessingRed","downfall:HeartBlessingGreen","downfall:HeartBlessingBlue","Girya","Bottled Tornado","Bronze Scales","Vajra","champ:DefensiveTrainingManual","Ornamental Fan","champ:BerserkersGuideToSlaughter","Potion Belt","PreservedInsect","Blood Vial"],"acts_visited":["Exordium","TheCity","TheBeyond","TheEnding"],"potions_floor_usage":[46,55],"damage_taken":[{"damage":0.0,"enemies":"3 Sentries","floor":3.0,"turns":1.0},{"damage":0.0,"enemies":"Small Slimes","floor":5.0,"turns":1.0},{"damage":0.0,"enemies":"Gremlin Nob","floor":6.0,"turns":1.0},{"damage":8.0,"enemies":"downfall:FleeingMerchant","floor":8.0,"turns":4.0},{"damage":20.0,"enemies":"Lagavulin","floor":10.0,"turns":5.0},{"damage":5.0,"enemies":"Jaw Worm","floor":11.0,"turns":3.0},{"damage":10.0,"enemies":"Cultist","floor":13.0,"turns":4.0},{"damage":15.0,"enemies":"downfall:FleeingMerchant","floor":14.0,"turns":4.0},{"damage":33.0,"enemies":"Exordium Wildlife","floor":15.0,"turns":4.0},{"damage":39.0,"enemies":"downfall:Ironclad","floor":16.0,"turns":4.0},{"damage":36.0,"enemies":"Spheric Guardian","floor":19.0,"turns":4.0},{"damage":18.0,"enemies":"Book of Stabbing","floor":22.0,"turns":4.0},{"damage":25.0,"enemies":"downfall:FleeingMerchant","floor":23.0,"turns":4.0},{"damage":8.0,"enemies":"downfall:Augmenter","floor":25.0,"turns":4.0},{"damage":18.0,"enemies":"Gremlin Leader","floor":27.0,"turns":5.0},{"damage":26.0,"enemies":"3 Byrds","floor":29.0,"turns":5.0},{"damage":20.0,"enemies":"Centurion and Healer","floor":31.0,"turns":4.0},{"damage":14.0,"enemies":"Chosen and Byrds","floor":32.0,"turns":3.0},{"damage":6.0,"enemies":"downfall:Watcher","floor":33.0,"turns":3.0},{"damage":9,"enemies":"3 Shapes","floor":36,"turns":1},{"damage":54,"enemies":"Mind Bloom Boss Battle","floor":39,"turns":3},{"damage":68,"enemies":"Reptomancer","floor":40,"turns":4},{"damage":65,"enemies":"Nemesis","floor":42,"turns":5},{"damage":5,"enemies":"3 Darklings","floor":43,"turns":2},{"damage":7,"enemies":"Reptomancer","floor":44,"turns":3},{"damage":27,"enemies":"Spire Growth","floor":45,"turns":1},{"damage":34,"enemies":"Writhing Mass","floor":46,"turns":3},{"damage":20,"enemies":"downfall:FleeingMerchant","floor":48,"turns":1},{"damage":3,"enemies":"Sphere and 2 Shapes","floor":49,"turns":3},{"damage":53,"enemies":"downfall:Silent","floor":50,"turns":5},{"damage":35,"enemies":"downfall:CharBossMerchant","floor":52,"turns":4},{"damage":123,"enemies":"downfall:NeowBoss","floor":55,"turns":15}],"seed_played":"-4766900403528280936","potions_obtained":[{"floor":6.0,"key":"FairyPotion"},{"floor":10.0,"key":"FairyPotion"},{"floor":11.0,"key":"SpeedPotion"},{"floor":13.0,"key":"SkillPotion"},{"floor":16.0,"key":"DistilledChaos"},{"floor":26.0,"key":"CultistPotion"},{"floor":29.0,"key":"EssenceOfSteel"},{"floor":31.0,"key":"DistilledChaos"}],"is_trial":false,"path_per_floor":["R","?","E","?","M","E","T","$","?","E","M","?","M","$","M","B",null,"R","M","?","?","E","$","T","?","?","E","?","M","?","M","M","B",null,"R","M","?","R","?","E","T","E","M","E","M","M","T","$","M","B",null,"E","$","R","B",null],"character_chosen":"THE_CHAMP","items_purchased":["Orrery","Anchor","champ:BerserkersGuideToSlaughter","Potion Belt","Magnetism","expansioncontent:CaCaw","PreservedInsect"],"campfire_rested":1,"item_purchase_floors":[8,8,48,48,48,48,48],"current_hp_per_floor":[81,81,81,81,81,81,81,73,73,58,58,58,58,48,36,39,77,77,65,65,65,52,43,43,43,43,43,43,31,31,31,34,31,75,85,81,81,81,86,63,63,38,39,39,39,43,43,44,54,47,87,65,65,95,77],"gold":117,"neow_bonus":"THREE_ENEMY_KILL","is_daily":false,"chose_seed":false,"campfire_upgraded":3,"win_rate":0.0,"timestamp":1608244215,"path_taken":["R","?","E","?","M","E","T","$","?","E","M","?","?","?","M","BOSS","R","M","?","?","E","$","T","?","?","E","?","?","?","M","M","BOSS","R","M","?","R","?","E","T","E","?","E","M","M","?","$","M","BOSS","E","$","R","BOSS"],"items_purchased_type":["Relic","Relic","Relic","Relic","Card","Card","Relic"],"build_version":"2020-12-13","purchased_purges":4,"victory":true,"max_hp_per_floor":[90,90,90,90,90,90,90,90,90,90,90,90,90,90,90,90,90,90,90,90,90,90,90,90,90,90,90,90,90,90,90,90,90,90,100,100,100,100,100,100,100,100,100,100,100,100,100,100,100,100,100,100,100,100,100],"card_choices":[{"not_picked":["champ:Lariat","champ:Encircle"],"picked":"champ:Duel","floor":3.0},{"not_picked":["champ:ShieldSigil","champ:Duel"],"picked":"champ:Haymaker","floor":5.0},{"not_picked":["champ:FocusedBerserking","champ:EnGarde"],"picked":"champ:BladeFlurry","floor":6.0},{"not_picked":["champ:StanceDance","champ:BerserkersShout"],"picked":"champ:PerfectForm","floor":8.0},{"not_picked":["champ:FocusedBerserking","champ:FanOfKnives"],"picked":"champ:GladiatorStyle","floor":8.0},{"not_picked":["champ:PreciseThrust","champ:RecklessLeap"],"picked":"champ:Improvising","floor":8.0},{"not_picked":["champ:HeavySlash","champ:SkillfulDodge"],"picked":"champ:FocusedGladiator","floor":8.0},{"not_picked":["champ:Shatter","champ:AdrenalArmor"],"picked":"champ:ArenaPreparation","floor":10.0},{"not_picked":["champ:AdrenalArmor","champ:BladeFlurry","champ:HeartStrike"],"picked":"SKIP","floor":11.0},{"not_picked":["champ:RapidStrikes","champ:AdrenalArmor","champ:PerfectedStrike"],"picked":"SKIP","floor":13.0},{"not_picked":["champ:FlashCut","champ:FalseCounter"],"picked":"champ:EndlessRage","floor":14.0},{"not_picked":["champ:Riposte","champ:BringItOn","champ:BladeFlurry"],"picked":"SKIP","floor":15.0},{"not_picked":["champ:LastStand","champ:HeavySlash"],"picked":"champ:EnchantShield","floor":16.0},{"not_picked":["champ:Duel","champ:TornadoPunch"],"picked":"champ:IronFortress+1","floor":19.0},{"not_picked":["champ:FightOn","champ:Backstep"],"picked":"champ:GladiatorsShout","floor":22.0},{"not_picked":["champ:RecklessLeap","champ:Encircle"],"picked":"champ:Riposte+1","floor":23.0},{"not_picked":[],"picked":"J.A.X.","floor":25.0},{"not_picked":["champ:ShieldSigil","champ:BringItOn"],"picked":"champ:SwordSigil","floor":25.0},{"not_picked":["champ:FlashCut","champ:GladiatorsShout"],"picked":"champ:GladiatorStyle+1","floor":27.0},{"not_picked":["champ:DefensiveShout","champ:BringItOn"],"picked":"champ:BladeFlurry+1","floor":29.0},{"not_picked":["champ:RageSigil+1","champ:Encircle","champ:FaceSlap+1"],"picked":"SKIP","floor":31.0},{"not_picked":["champ:PerfectedStrike","champ:ShieldSigil"],"picked":"champ:LastStand","floor":32.0},{"not_picked":["champ:SteelEdge","champ:ShieldThrow"],"picked":"champ:Improvising","floor":33.0},{"not_picked":["champ:TornadoPunch","champ:Circumvent+1","champ:ShieldSigil"],"picked":"SKIP","floor":36},{"not_picked":["champ:ArenaPreparation+1","champ:DefensiveShout+1","champ:BladeFlurry"],"picked":"SKIP","floor":40},{"not_picked":["champ:FaceSlap","champ:SwordSigil+1"],"picked":"champ:LastStand","floor":42},{"not_picked":["champ:FaceSlap+1","champ:GladiatorsShout"],"picked":"champ:Control+1","floor":43},{"not_picked":["champ:FanOfKnives","champ:PerfectedStrike+1","champ:BringItOn"],"picked":"SKIP","floor":44},{"not_picked":["champ:Haymaker+1","champ:Lariat","champ:RapidStrikes+1"],"picked":"SKIP","floor":45},{"not_picked":["champ:DefensiveShout+1","champ:AdrenalArmor","champ:TornadoPunch+1"],"picked":"SKIP","floor":46},{"not_picked":["champ:ShieldWall+1","champ:CrookedStrike"],"picked":"champ:FocusedGladiator","floor":48},{"not_picked":["champ:ArenaPreparation","champ:Lariat+1"],"picked":"champ:EnchantSword","floor":49},{"not_picked":["champ:SwordSigil+1","champ:CrookedStrike","champ:EnGarde"],"picked":"SKIP","floor":52}],"player_experience":4868193,"relics_obtained":[{"floor":3.0,"key":"champ:DuelingGlove"},{"floor":6.0,"key":"Unceasing Top"},{"floor":7.0,"key":"Mummified Hand"},{"floor":10.0,"key":"Sundial"},{"floor":22.0,"key":"Omamori"},{"floor":25.0,"key":"MutagenicStrength"},{"floor":27.0,"key":"Lantern"},{"floor":39,"key":"Girya"},{"floor":40,"key":"Bottled Tornado"},{"floor":41,"key":"Bronze Scales"},{"floor":42,"key":"Vajra"},{"floor":44,"key":"champ:DefensiveTrainingManual"},{"floor":47,"key":"Ornamental Fan"},{"floor":52,"key":"Blood Vial"}],"event_choices":[{"damage_healed":0.0,"max_hp_gain":0.0,"max_hp_loss":0.0,"gold_gain":0.0,"event_name":"Big Fish","player_choice":"Box","floor":2.0,"gold_loss":0.0,"damage_taken":0.0,"relics_obtained":["InkBottle"],"cards_obtained":["Regret"]},{"damage_healed":0.0,"max_hp_gain":0.0,"max_hp_loss":0.0,"gold_gain":0.0,"event_name":"Ghosts","player_choice":"Ignored","floor":20.0,"gold_loss":0.0,"damage_taken":0.0},{"cards_removed":["Slimebound:Icky"],"damage_healed":0.0,"max_hp_gain":0.0,"max_hp_loss":0.0,"gold_gain":0.0,"event_name":"Bonfire Elementals","player_choice":"Offered Curse","floor":30.0,"gold_loss":0.0,"damage_taken":0.0,"relics_obtained":["Spirit Poop"]}],"is_beta":false,"boss_relics":[{"not_picked":["SacredBark","Runic Pyramid"],"picked":"sneckomod:SneckoTalon"},{"not_picked":["Pandora\u0027s Box","Philosopher\u0027s Stone"],"picked":"Sozu"}],"items_purged_floors":[8,23,48,53],"is_endless":false,"potions_floor_spawned":[6,10,11,13,16,19,29,31,32,33,36,40,44,46,49],"ascension_level":7}}