{"host":"wha9hktbkslqvblg","time":1608179834,"event":{"mods":["BaseMod","Colored Map","Minty Spire (QoL Compilation)","Relic Stats","SuperFastMode","everything is the same but u backflip on backflip"],"gold_per_floor":[116,116,116,41,51,86,86,121,121,141,66,83,99,99,99,174,174,174,174],"floor_reached":18,"playtime":307,"items_purged":["Strike_R"],"score":540,"play_id":"da0a8fdd-db66-47c8-9e5f-98ba1ad9ac29","local_time":"20201217133714","is_ascension_mode":true,"campfire_choices":[{"data":"Body Slam","floor":7,"key":"SMITH"},{"data":"Armaments","floor":15,"key":"SMITH"}],"circlet_count":0,"master_deck":["AscendersBane","Strike_R","Strike_R+1","Strike_R","Defend_R","Defend_R","Defend_R","Defend_R+1","Bash","Body Slam+1","Evolve","Barricade","Armaments+1"],"relics":["Burning Blood","NeowsBlessing","FossilizedHelix","Ice Cream","Runic Dome"],"acts_visited":["Exordium","TheCity"],"potions_floor_usage":[12,16,16],"damage_taken":[{"damage":0,"enemies":"Small Slimes","floor":1,"turns":1},{"damage":0,"enemies":"Jaw Worm","floor":5,"turns":1},{"damage":0,"enemies":"Lagavulin","floor":6,"turns":1},{"damage":15,"enemies":"3 Sentries","floor":8,"turns":9},{"damage":1,"enemies":"Cultist","floor":10,"turns":4},{"damage":4,"enemies":"Red Slaver","floor":12,"turns":3},{"damage":18,"enemies":"3 Louse","floor":13,"turns":5},{"damage":0,"enemies":"Hexaghost","floor":16,"turns":9},{"damage":0,"enemies":"Shell Parasite","floor":18,"turns":2}],"seed_played":"-3717126168999301278","potions_obtained":[{"floor":1,"key":"Dexterity Potion"},{"floor":10,"key":"Fire Potion"},{"floor":12,"key":"SkillPotion"}],"is_trial":false,"path_per_floor":["M","?","?","?","M","E","R","E","T","M","$","M","M","$","R","B",null,"M"],"character_chosen":"IRONCLAD","items_purchased":[],"campfire_rested":0,"item_purchase_floors":[],"current_hp_per_floor":[74,51,56,56,62,68,68,59,59,64,64,66,54,54,54,60,75,75,75],"gold":174,"neow_bonus":"THREE_ENEMY_KILL","is_daily":false,"chose_seed":false,"campfire_upgraded":2,"win_rate":0.0,"timestamp":1608179834,"path_taken":["M","?","?","?","M","E","R","E","T","M","?","M","?","$","R","BOSS","M"],"items_purchased_type":[],"build_version":"2020-12-13","purchased_purges":1,"victory":false,"max_hp_per_floor":[75,75,80,80,80,80,80,80,80,80,80,80,80,80,80,80,80,80,80],"relic_stats":{"counters":[9,35],"obtain_stats":[{"Ice Cream":8,"Runic Dome":17,"NeowsBlessing":0,"Burning Blood":0,"FossilizedHelix":6},{"Ice Cream":4,"Runic Dome":8,"NeowsBlessing":0,"Burning Blood":0,"FossilizedHelix":3},{"Ice Cream":12,"Runic Dome":33,"NeowsBlessing":0,"Burning Blood":0,"FossilizedHelix":3}],"Burning Blood":48},"card_choices":[{"not_picked":["Entrench","Clash","Dropkick"],"picked":"SKIP","floor":1},{"not_picked":["Warcry","Sever Soul"],"picked":"Body Slam","floor":5},{"not_picked":["Double Tap","Dark Embrace"],"picked":"Evolve","floor":6},{"not_picked":["Pummel","Shockwave"],"picked":"Barricade","floor":8},{"not_picked":["Clash","Cleave","Clothesline"],"picked":"SKIP","floor":10},{"not_picked":["True Grit","Sword Boomerang"],"picked":"Armaments","floor":12},{"not_picked":["Anger","Body Slam","Bludgeon"],"picked":"SKIP","floor":13}],"player_experience":861775,"relics_obtained":[{"floor":6,"key":"FossilizedHelix"},{"floor":8,"key":"Ice Cream"}],"event_choices":[{"damage_healed":0,"gold_gain":0,"player_choice":"Entered Light","damage_taken":23,"max_hp_gain":0,"max_hp_loss":0,"event_name":"Shining Light","floor":2,"gold_loss":0,"cards_upgraded":["Defend_R","Strike_R"]},{"damage_healed":0,"gold_gain":0,"player_choice":"Donut","damage_taken":0,"max_hp_gain":5,"max_hp_loss":0,"event_name":"Big Fish","floor":3,"gold_loss":0},{"cards_removed":["Strike_R"],"damage_healed":0,"gold_gain":0,"player_choice":"Card Removal","damage_taken":0,"max_hp_gain":0,"max_hp_loss":0,"event_name":"The Cleric","floor":4,"gold_loss":75}],"is_beta":false,"boss_relics":[{"not_picked":["Snecko Eye","Ectoplasm"],"picked":"Runic Dome"}],"items_purged_floors":[11],"is_endless":false,"potions_floor_spawned":[1,10,12,13],"killed_by":"Shell Parasite","ascension_level":20}}