{"host":"jgyoyy5iuhtvyvtg","time":1608180996,"event":{"mods":["2.2 Compatiblity","BaseMod","Challenge The Spire","Colored Map","Conspire","Downfall","Hermit","Highlight Path","Infinite Spire","Lobotomy","LobotomyExtend","Minty Spire (QoL Compilation)","Quick Restart","Replay The Spire","Spikes Relics","StSLib","The Construct","The Disciple","The Jungle","Yuri Mod"],"gold_per_floor":[99,305,305,325,336,336,336,350,383,383,400,9,23,8,27,127,127,127,127,141,141,154,171,271,321,321,348,273,89,108,108,120,133,233,233,233,233,233,83,95,95,119,44,78,3,14,237,253,253,273,377,377,377,377,377,423,435,435,435,470,482,482,498,508,358,369,382,382,382],"floor_reached":52,"playtime":2213,"items_purged":[],"score":749,"play_id":"a918c186-3edb-4c8e-a2b3-253be5097efe","local_time":"20201216205636","is_ascension_mode":false,"campfire_choices":[{"data":"champ:Taunt","floor":1.0,"key":"SMITH"},{"data":"champ:Execute","floor":3.0,"key":"SMITH"},{"data":"champ:CrownThrow","floor":6.0,"key":"SMITH"},{"data":"champ:GladiatorStyle","floor":10.0,"key":"SMITH"},{"data":"champ:PerfectedStrike","floor":18.0,"key":"SMITH"},{"data":"champ:Duel","floor":1.0,"key":"SMITH"},{"data":"champ:FlashCut","floor":3.0,"key":"SMITH"},{"data":"champ:BladeFlurry","floor":8.0,"key":"SMITH"},{"data":"champ:Haymaker","floor":10.0,"key":"SMITH"},{"data":"champ:PreciseThrust","floor":18.0,"key":"SMITH"},{"data":"champ:IgnorePain","floor":23.0,"key":"SMITH"},{"floor":25.0,"key":"RECALL"},{"data":"expansioncontent:DashGenerateEvil","floor":27.0,"key":"SMITH"},{"data":"champ:Improvising","floor":35,"key":"SMITH"},{"data":"champ:Improvising","floor":40,"key":"SMITH"},{"data":"champ:GladiatorStyle","floor":44,"key":"SMITH"}],"circlet_count":0,"master_deck":["champ:Strike","champ:Strike","champ:Strike","champ:Strike","champ:Defend","champ:Defend","champ:Defend","champ:Defend","champ:Execute+1","champ:Taunt+1","champ:GladiatorsShout+1","champ:FlashCut+1","champ:CrownThrow+1","champ:PerfectedStrike+1","champ:GladiatorStyle+1","champ:Riposte+1","champ:Duel+1","champ:GladiatorStyle+1","champ:BladeFlurry+1","champ:Haymaker+1","champ:PreciseThrust+1","expansioncontent:DashGenerateEvil+1","champ:IgnorePain+1","CurseOfTheBell","infinitespire:Gouge+1","champ:SwordSigil+1","champ:PerfectedStrike","champ:PreciseThrust","champ:BladeFlurry","champ:Improvising+1","champ:SteelEdge","champ:Improvising+1","champ:ShieldWall+1","champ:GladiatorStyle","champ:RapidStrikes","champ:RisingSlash+1"],"relics":["champ:ChampionCrown","yuri:PortableGlitches","champ:DefensiveTrainingManual","infinitespire:Golems Mask","CosmicIsotope","Moonlight_r","LetterFromLob","Potion Belt","RetroEgg","downfall:HeartBlessingGreen","Calling Bell","hexamod:BolsterEngine","Kunai","Replay:PocketPolymizer","Ring of Misfortune","Ring of Fury","downfall:HeartBlessingBlue","Blood Vial","downfall:HeartBlessingRed","Pocketwatch","infinitespire:Cupcake","Turnip","Bottled Lightning","conspire:TopHat"],"acts_visited":["Exordium","Exordium","Exordium","TheBeyond"],"potions_floor_usage":[],"damage_taken":[{"damage":5.0,"enemies":"Small Slimes","floor":4.0,"turns":4.0},{"damage":6.0,"enemies":"2 Louse","floor":5.0,"turns":2.0},{"damage":5.0,"enemies":"Cultist","floor":8.0,"turns":2.0},{"damage":11.0,"enemies":"Lagavulin","floor":9.0,"turns":4.0},{"damage":6.0,"enemies":"Large Slime","floor":11.0,"turns":4.0},{"damage":5.0,"enemies":"downfall:FleeingMerchant","floor":12.0,"turns":4.0},{"damage":2.0,"enemies":"Red Slaver","floor":13.0,"turns":2.0},{"damage":0.0,"enemies":"downfall:FleeingMerchant","floor":14.0,"turns":4.0},{"damage":11.0,"enemies":"Exordium Thugs","floor":15.0,"turns":3.0},{"damage":20.0,"enemies":"downfall:Watcher","floor":16.0,"turns":9.0},{"damage":0.0,"enemies":"Small Slimes","floor":2.0,"turns":2.0},{"damage":0.0,"enemies":"Cultist","floor":4.0,"turns":2.0},{"damage":0.0,"enemies":"2 Louse","floor":5.0,"turns":2.0},{"damage":0.0,"enemies":"Gremlin Nob","floor":9.0,"turns":3.0},{"damage":11.0,"enemies":"downfall:FleeingMerchant","floor":11.0,"turns":4.0},{"damage":3.0,"enemies":"Blue Slaver","floor":12.0,"turns":2.0},{"damage":0.0,"enemies":"3 Louse","floor":14.0,"turns":3.0},{"damage":3.0,"enemies":"Exordium Thugs","floor":15.0,"turns":3.0},{"damage":36.0,"enemies":"downfall:Silent","floor":16.0,"turns":5.0},{"damage":0.0,"enemies":"theJungle:GiantWrat","floor":22.0,"turns":2.0},{"damage":2.0,"enemies":"theJungle:2_Phrogs","floor":26.0,"turns":4.0},{"damage":0.0,"enemies":"theJungle:5_Spyders","floor":28.0,"turns":3.0},{"damage":0.0,"enemies":"downfall:FleeingMerchant","floor":29.0,"turns":2.0},{"damage":0,"enemies":"theJungle:JungleHuntersEncounter","floor":30,"turns":2},{"damage":0,"enemies":"Snake Plant","floor":32,"turns":3},{"damage":0,"enemies":"theJungle:FunGuy","floor":33,"turns":4},{"damage":9,"enemies":"2 Orb Walkers","floor":38,"turns":4},{"damage":0,"enemies":"Orb Walker","floor":39,"turns":2},{"damage":0,"enemies":"Reptomancer","floor":42,"turns":3},{"damage":6,"enemies":"3 Darklings","floor":43,"turns":4},{"damage":0,"enemies":"Sphere and 2 Shapes","floor":45,"turns":3},{"damage":0,"enemies":"Spire Growth","floor":46,"turns":3},{"damage":26,"enemies":"4 Shapes","floor":48,"turns":3},{"damage":0,"enemies":"Maw","floor":49,"turns":3},{"damage":28,"enemies":"Replay:Hell Engine","floor":50,"turns":5}],"seed_played":"-8590036021928142399","potions_obtained":[{"floor":4.0,"key":"Explosive Potion"},{"floor":8.0,"key":"Weak Potion"},{"floor":11.0,"key":"Adrenaline Potion"},{"floor":2.0,"key":"DistilledChaos"},{"floor":9.0,"key":"sneckomod:MuddlingPotion"},{"floor":14.0,"key":"SpeedPotion"},{"floor":22.0,"key":"champ:TechniquePotion"},{"floor":33,"key":"Regen Potion"},{"floor":38,"key":"Strength Potion"},{"floor":48,"key":"LifebloodPotion"},{"floor":49,"key":"FairyPotion"}],"is_trial":false,"path_per_floor":["R","?","R","M","M","R","T","M","E","R","M","$","M","$","M","B",null,"R","M","R","M","R","M","M","?","T","R","E","R","$","M","M","M","M","B",null,"R","?","?","?","M","R","T","R","E","R","M","$","M","T","M","B",null,"R","?","?","?","M","R","T","E","M","R","M","M","$","M","M","B",null,null],"character_chosen":"THE_CHAMP","items_purchased":["champ:GladiatorStyle","infinitespire:Golems Mask","expansioncontent:DashGenerateEvil","champ:PreciseThrust","champ:BladeFlurry","champ:GladiatorStyle","champ:RapidStrikes"],"campfire_rested":0,"item_purchase_floors":[12,12,11,29,29,47,47],"current_hp_per_floor":[99,99,99,99,98,98,98,98,87,87,81,81,79,79,68,53,99,99,99,99,99,99,99,99,99,99,99,99,88,85,85,93,90,54,99,99,99,74,109,109,109,109,119,117,117,119,119,119,119,119,119,119,119,119,119,110,112,112,112,114,110,110,112,114,114,90,92,66,66],"gold":382,"neow_bonus":"TEN_PERCENT_HP_BONUS","is_daily":false,"chose_seed":false,"campfire_upgraded":15,"win_rate":0.0,"timestamp":1608180996,"path_taken":["R","?","R","M","M","R","T","?","E","R","M","$","M","$","M","BOSS","R","M","R","M","R","M","M","?","T","R","E","R","$","M","M","?","M","BOSS","R","?","?","?","M","R","T","R","E","R","?","$","M","?","M","BOSS","R","?","?","?","M","R","T","E","M","R","M","M","?","?","M","BOSS"],"items_purchased_type":["Card","Relic","Card","Card","Card","Card","Card"],"build_version":"2020-12-13","purchased_purges":0,"victory":true,"max_hp_per_floor":[99,99,99,99,99,99,99,99,99,99,99,99,99,99,99,99,99,99,99,99,99,99,99,99,99,99,99,99,99,99,99,99,99,99,99,99,99,99,109,109,109,109,119,119,119,119,119,119,119,119,119,119,119,119,119,119,119,119,119,119,119,119,119,119,119,119,119,119,119],"card_choices":[{"not_picked":["champ:FanOfKnives","champ:FalseCounter"],"picked":"champ:GladiatorsShout","floor":2.0},{"not_picked":["champ:FocusedGladiator","champ:TornadoPunch"],"picked":"champ:FlashCut","floor":4.0},{"not_picked":["champ:ArenaPreparation","champ:AdrenalArmor"],"picked":"champ:CrownThrow","floor":5.0},{"not_picked":["champ:DefensiveStyle","champ:BringItOn"],"picked":"champ:PerfectedStrike","floor":8.0},{"not_picked":["champ:Circumvent","champ:RecklessLeap"],"picked":"champ:GladiatorStyle","floor":9.0},{"not_picked":["champ:StanceDance","champ:AdrenalArmor"],"picked":"champ:Riposte","floor":11.0},{"not_picked":["champ:EnGarde","champ:CrookedStrike"],"picked":"champ:Duel","floor":12.0},{"not_picked":["champ:RageSigil","champ:AdrenalArmor","champ:Backstep"],"picked":"SKIP","floor":13.0},{"not_picked":["champ:BringItOn","champ:BerserkerStyle","champ:Circumvent"],"picked":"SKIP","floor":14.0},{"not_picked":["champ:FanOfKnives","champ:Aggression","champ:Riposte"],"picked":"SKIP","floor":15.0},{"not_picked":["champ:Backstep","champ:StanceDance","champ:BerserkerStyle"],"picked":"SKIP","floor":2.0},{"not_picked":["champ:StanceDance","champ:AdrenalArmor"],"picked":"champ:BladeFlurry","floor":4.0},{"not_picked":["champ:DefensiveShout","champ:TornadoPunch","champ:FightOn"],"picked":"SKIP","floor":5.0},{"not_picked":["champ:ShieldSlam","champ:EnchantSword"],"picked":"champ:Haymaker","floor":9.0},{"not_picked":["champ:ArenaPreparation","champ:FanOfKnives"],"picked":"champ:PreciseThrust","floor":11.0},{"not_picked":["champ:GutPunch","champ:AdrenalArmor","champ:BringItOn"],"picked":"SKIP","floor":12.0},{"not_picked":["champ:FlashCut","champ:TornadoPunch","champ:GutPunch"],"picked":"SKIP","floor":14.0},{"not_picked":["champ:TornadoPunch","champ:BerserkersShout","champ:Backstep"],"picked":"SKIP","floor":15.0},{"not_picked":["champ:HoldFirm","champ:ShieldSlam"],"picked":"champ:IgnorePain","floor":16.0},{"not_picked":["infinitespire:Collect","infinitespire:UltimateForm"],"picked":"infinitespire:Gouge","floor":20.0},{"not_picked":["champ:Circumvent","champ:CalledShot"],"picked":"champ:SwordSigil+1","floor":22.0},{"not_picked":["champ:Haymaker","champ:Control","champ:GladiatorsShout"],"picked":"SKIP","floor":26.0},{"not_picked":["champ:RapidStrikes","champ:GutPunch"],"picked":"champ:PerfectedStrike","floor":28.0},{"not_picked":["champ:StanceDance","champ:BladeFlurry"],"picked":"champ:Improvising","floor":30},{"not_picked":["champ:FaceSlap","champ:GladiatorsShout"],"picked":"champ:SteelEdge","floor":32},{"not_picked":["champ:ShieldThrow","champ:PerfectForm"],"picked":"champ:Improvising","floor":33},{"not_picked":["champ:Circumvent+1","champ:TornadoPunch","champ:ShieldSigil"],"picked":"SKIP","floor":39},{"not_picked":["champ:RageSigil+1","champ:Lariat","champ:Balance"],"picked":"SKIP","floor":42},{"not_picked":["champ:BerserkersShout+1","champ:IronFortress","champ:DefensiveShout"],"picked":"SKIP","floor":43},{"not_picked":["champ:TornadoPunch","champ:SwordThrow","champ:SwordSigil"],"picked":"SKIP","floor":45},{"not_picked":["champ:Balance","champ:ShieldSigil+1"],"picked":"champ:ShieldWall+1","floor":46},{"not_picked":["champ:EndlessRage+1","champ:PerfectedStrike","champ:DefensiveShout+1"],"picked":"SKIP","floor":48},{"not_picked":["champ:GladiatorsShout","champ:Haymaker"],"picked":"champ:RisingSlash+1","floor":49}],"player_experience":3131445,"relics_obtained":[{"floor":4.0,"key":"LetterFromLob"},{"floor":7.0,"key":"yuri:PortableGlitches"},{"floor":9.0,"key":"champ:DefensiveTrainingManual"},{"floor":2.0,"key":"LetterFromLob"},{"floor":7.0,"key":"Potion Belt"},{"floor":9.0,"key":"RetroEgg"},{"floor":17.0,"key":"hexamod:BolsterEngine"},{"floor":17.0,"key":"Kunai"},{"floor":17.0,"key":"Replay:PocketPolymizer"},{"floor":19.0,"key":"Ring of Misfortune"},{"floor":19.0,"key":"Ring of Fury"},{"floor":26.0,"key":"Blood Vial"},{"floor":31,"key":"Pocketwatch"},{"floor":38,"key":"Turnip"},{"floor":41,"key":"Bottled Lightning"},{"floor":42,"key":"conspire:TopHat"}],"event_choices":[{"damage_healed":0,"gold_gain":0,"player_choice":"Leave","damage_taken":0,"max_hp_gain":0,"max_hp_loss":0,"event_name":"conspire:Investor","floor":37,"gold_loss":0},{"damage_healed":0,"gold_gain":0,"player_choice":"Fight","damage_taken":0,"max_hp_gain":0,"max_hp_loss":0,"event_name":"Mysterious Sphere","floor":38,"gold_loss":0}],"is_beta":false,"boss_relics":[{"not_picked":["Ectoplasm","Replay:Bronze Core"],"picked":"CosmicIsotope"},{"not_picked":["Philosopher\u0027s Stone","Abe\u0027s Treasure"],"picked":"Calling Bell"},{"not_picked":["ReplayTheSpireMod:SealedPack","Pandora\u0027s Box"],"picked":"infinitespire:Cupcake"}],"items_purged_floors":[],"is_endless":false,"potions_floor_spawned":[4,8,11,2,9,14,22,33,38,45,48,49],"ascension_level":0}}