{"host":"02w9hl92h62kgkzk","time":1608164257,"event":{"mods":["2.2 Compatiblity","AchievementEnabler","Act Like it!","AlwaysNeverKeys","Aspiration","BaseMod","Better Altar","Better Match","Better Note","Better Sensory Stone","Better Skull","Better Third Choice","Better Vampires","BetterRewards","Block Reminder","CCEM","ChefMod","Chen","Colored Map","Colored Powertips","Conspire","Downfall","Ekko","Emptier Cage","Energized Spire","Fireblade Mod","Friendly Minions","FruityMod","GifTheSpireLib","Halation","Hallownest","Hermit","Hubris","Magitek Elite","Marisa????????","Marked Mod","Mimic Mod","Minty Spire (QoL Compilation)","Permanent Neow","QueenMod","Quick Restart","Rare Cards Sparkle","Retaliation","Reworked Bosses","Robot Space Explorer","Shade Mod","Shop Mod","Spicy Shops","Spikes Relics","StSLib","Stuff the Spire","The Edgeheg","The Gatherer","The Hayseed","The Hierophant","The Judge","The Jungle","The Necromancer","The Wild Card","TheSwordswoman","TheVacant","Trackpad","Transform Curses","Unceasing Turn Reminder","Wandering Minibosses","vexMod"],"gold_per_floor":[110,10,10,10,58,58,125,63,63,110,110],"floor_reached":10,"playtime":597,"items_purged":[],"score":64,"play_id":"c1181deb-2452-4e92-aad3-74aa446ed35f","local_time":"20201216181737","daily_mods":["Draft","Heirloom"],"is_ascension_mode":false,"campfire_choices":[{"data":"Death_March_Dance","floor":6,"key":"SMITH"}],"circlet_count":0,"master_deck":["Exploit","Blood_Whip","Negative_Energy_Javelin","Exploit","Exploit","Flesh_Made_Foul","Death_March_Dance+1","Negative_Energy_Javelin","Chill_Blood","Negative_Energy_Shield","Bones_to_Steel","Toxic_Smoke_Screen","Negative_Energy_Shield","Summon_Lich","Acid_Javelin","conspire:SpireCoStock","conspire:SpireCoStock","Injury","Injury"],"relics":["Vampire_Amulet","conspire:InfiniteJournal","hubris:Icosahedron","hubris:Towel","InkBottle","halation:NonexistentMirror","aspiration:HatOfInfinitePower"],"acts_visited":["Hallownest:Greenpath"],"potions_floor_usage":[1],"damage_taken":[{"damage":2,"enemies":"Hallownest:monsterHuskWarrior","floor":1,"turns":3},{"damage":14,"enemies":"Hallownest:2_MossCreeps","floor":5,"turns":8},{"damage":5,"enemies":"Hallownest:eliteVengeflyKing","floor":7,"turns":5},{"damage":21,"enemies":"Hallownest:eliteMossKnight","floor":10,"turns":8}],"seed_played":"608999509622350073","potions_obtained":[{"floor":1,"key":"Fruit Juice"}],"is_trial":true,"path_per_floor":["M","?","?","?","M","R","E","$","T","E"],"character_chosen":"NECROMANCER","items_purchased":["halation:NonexistentMirror"],"campfire_rested":0,"item_purchase_floors":[8],"current_hp_per_floor":[80,80,80,80,68,68,69,69,69,50,50],"gold":110,"neow_bonus":"","is_daily":false,"chose_seed":false,"campfire_upgraded":1,"win_rate":0.0,"timestamp":1608164257,"path_taken":["M","?","?","?","?","R","E","?","T","E"],"items_purchased_type":["Relic"],"build_version":"2020-12-13","purchased_purges":0,"victory":false,"max_hp_per_floor":[80,80,80,80,80,80,80,80,80,80,80],"card_choices":[{"not_picked":["Bone_Armor","Blood_Whip"],"picked":"Exploit","floor":0},{"not_picked":["Bone_Armor","Consume_Illness"],"picked":"Blood_Whip","floor":0},{"not_picked":["Corrupt","Death_Knell"],"picked":"Negative_Energy_Javelin","floor":0},{"not_picked":["Bone_Spikes","Thousand_Bone_Knives"],"picked":"Exploit","floor":0},{"not_picked":["Life_Drain","Siphon_Strength"],"picked":"Exploit","floor":0},{"not_picked":["Necromantic_Selection","Bones_to_Steel"],"picked":"Flesh_Made_Foul","floor":0},{"not_picked":["Death_Coil","Bone_Spikes"],"picked":"Death_March_Dance","floor":0},{"not_picked":["Shade_Step","Vampiric_Strike"],"picked":"Negative_Energy_Javelin","floor":0},{"not_picked":["Pandemic","Spectral_Armor"],"picked":"Chill_Blood","floor":0},{"not_picked":["Blood_Whip","Death_Coil"],"picked":"Negative_Energy_Shield","floor":0},{"not_picked":["Blood_Whip","Stop_Heart"],"picked":"Bones_to_Steel","floor":0},{"not_picked":["Slay_Living","Uncharnel"],"picked":"Toxic_Smoke_Screen","floor":0},{"not_picked":["Shackles_Of_Pain","Bone_Bullets"],"picked":"Negative_Energy_Shield","floor":0},{"not_picked":["Blood_Whip","Death_Coil"],"picked":"Summon_Lich","floor":0},{"not_picked":["Vampiric_Strike","Bone_Armor"],"picked":"Acid_Javelin","floor":0},{"not_picked":["Scare","Negative_Energy_Mist","Vampiric_Strike"],"picked":"SKIP","floor":1},{"not_picked":["Blood_Curse","Negative_Energy_Mist","Death_Coil"],"picked":"SKIP","floor":5},{"not_picked":["Whirlwind_of_Bones","Deaths_Shadow","Negative_Energy_Javelin"],"picked":"SKIP","floor":7}],"player_experience":690881,"relics_obtained":[{"floor":7,"key":"InkBottle"},{"floor":9,"key":"aspiration:HatOfInfinitePower"}],"event_choices":[{"damage_healed":0,"gold_gain":0,"player_choice":"Invest 2","damage_taken":0,"max_hp_gain":0,"max_hp_loss":0,"event_name":"conspire:Investor","floor":2,"gold_loss":0}],"is_beta":false,"boss_relics":[],"items_purged_floors":[],"is_endless":false,"potions_floor_spawned":[1],"killed_by":"Hallownest:eliteMossKnight","ascension_level":0}}