{"host":"z7uf2ohomj0wklrw","time":1608227079,"event":{"mods":["BaseMod","Downfall","Minty Spire (QoL Compilation)","StSLib"],"gold_per_floor":[99,133,133,158,83,100,146,172,172,198,298,298,21,21,33,135,135,135,145,173,173,173,198,198,209,134,134,134],"floor_reached":27,"playtime":60032,"items_purged":["Regret"],"score":339,"play_id":"48c7f0bb-084f-4116-83f3-9b8c67998e84","local_time":"20201217104439","is_ascension_mode":true,"campfire_choices":[{"floor":1.0,"key":"RECALL"},{"data":"champ:Taunt","floor":5.0,"key":"SMITH"},{"data":"champ:Haymaker","floor":9.0,"key":"SMITH"},{"data":"champ:StrikeOfGenius","floor":18,"key":"SMITH"},{"data":"expansioncontent:QuickStudy","floor":22,"key":"SMITH"},{"data":"1","floor":26,"key":"LIFT"}],"circlet_count":0,"master_deck":["champ:Strike","champ:Strike+1","champ:Strike","champ:Strike","champ:Defend+1","champ:Defend","champ:Defend","champ:Defend+1","champ:Execute","champ:Taunt+1","champ:CrownThrow","champ:PerfectedStrike","champ:Circumvent","champ:Haymaker+1","champ:BladeFlurry","champ:ShieldWall","expansioncontent:QuickStudy+1","champ:Lariat","champ:StrikeOfGenius+1","Necronomicurse","champ:DancingMaster","champ:GladiatorStyle"],"relics":["champ:ChampionCrown","downfall:HeartsMalice","Eternal Feather","Akabeko","downfall:HeartBlessingRed","Potion Belt","Pen Nib","HornCleat","CloakClasp","Philosopher\u0027s Stone","Girya","Necronomicon","Bronze Scales","Mercury Hourglass","downfall:HeartBlessingGreen"],"acts_visited":["Exordium","TheCity"],"potions_floor_usage":[16,20,27],"damage_taken":[{"damage":0.0,"enemies":"Gremlin Nob","floor":2.0,"turns":1.0},{"damage":0.0,"enemies":"2 Louse","floor":3.0,"turns":1.0},{"damage":0.0,"enemies":"3 Sentries","floor":4.0,"turns":1.0},{"damage":1.0,"enemies":"Jaw Worm","floor":6.0,"turns":2.0},{"damage":21.0,"enemies":"Gremlin Nob","floor":8.0,"turns":4.0},{"damage":14.0,"enemies":"3 Sentries","floor":10.0,"turns":4.0},{"damage":42.0,"enemies":"3 Sentries","floor":11.0,"turns":6.0},{"damage":11.0,"enemies":"downfall:FleeingMerchant","floor":13.0,"turns":4.0},{"damage":0.0,"enemies":"Cultist","floor":15.0,"turns":2.0},{"damage":6,"enemies":"downfall:Ironclad","floor":16,"turns":4},{"damage":0,"enemies":"Shell Parasite","floor":19,"turns":3},{"damage":34,"enemies":"Slavers","floor":20,"turns":4},{"damage":59,"enemies":"Gremlin Leader","floor":23,"turns":4},{"damage":6,"enemies":"Centurion and Healer","floor":25,"turns":3},{"damage":23,"enemies":"Slavers","floor":27,"turns":1}],"seed_played":"-4907813137411245520","potions_obtained":[{"floor":2.0,"key":"Slimebound:ThreeZeroPotion"},{"floor":4.0,"key":"DuplicationPotion"},{"floor":8.0,"key":"Fire Potion"},{"floor":10.0,"key":"Explosive Potion"},{"floor":15.0,"key":"SteroidPotion"}],"is_trial":false,"path_per_floor":["R","E","M","E","R","M","T","E","R","E","?","?","$","?","M","B",null,"R","M","E","?","R","E","T","M","R","E"],"character_chosen":"THE_CHAMP","items_purchased":["expansioncontent:QuickStudy"],"campfire_rested":0,"item_purchase_floors":[13],"current_hp_per_floor":[90,90,90,90,90,89,89,73,79,70,28,28,22,7,7,4,90,90,90,70,54,66,7,7,6,18,0,0],"gold":134,"neow_bonus":"THREE_ENEMY_KILL","is_daily":false,"chose_seed":false,"campfire_upgraded":4,"win_rate":0.0,"timestamp":1608227079,"path_taken":["R","E","M","E","R","M","T","E","R","E","?","?","$","?","M","BOSS","R","M","E","?","R","E","T","M","R","E"],"items_purchased_type":["Card"],"build_version":"2020-12-13","purchased_purges":1,"victory":false,"max_hp_per_floor":[90,90,90,90,90,90,90,90,90,90,90,90,90,90,90,90,90,90,90,90,90,90,90,90,90,90,90,90],"card_choices":[{"not_picked":["champ:StanceDance","champ:PreciseThrust"],"picked":"champ:CrownThrow","floor":2.0},{"not_picked":["champ:GladiatorsShout","champ:DeathBlow","champ:Duel"],"picked":"SKIP","floor":3.0},{"not_picked":["champ:LastStand","champ:SwordSigil"],"picked":"champ:PerfectedStrike","floor":4.0},{"not_picked":["champ:Shatter","champ:HeartStrike"],"picked":"champ:Circumvent","floor":6.0},{"not_picked":["champ:DeathBlow","champ:ShieldWall"],"picked":"champ:Haymaker","floor":8.0},{"not_picked":["champ:FaceSlap","champ:CalledShot","champ:EndlessRage"],"picked":"SKIP","floor":10.0},{"not_picked":["champ:BerserkersShout","champ:Riposte"],"picked":"champ:BladeFlurry","floor":11.0},{"not_picked":["champ:FanOfKnives","champ:CalledShot"],"picked":"champ:ShieldWall","floor":13.0},{"not_picked":["champ:FanOfKnives","champ:DeathBlow"],"picked":"champ:Lariat","floor":15.0},{"not_picked":["champ:EnchantShield","champ:Devastate"],"picked":"champ:StrikeOfGenius","floor":16},{"not_picked":["champ:BringItOn","champ:CrookedStrike","champ:AdrenalArmor"],"picked":"SKIP","floor":19},{"not_picked":["champ:AdrenalArmor","champ:BerserkersShout","champ:FocusedDefense"],"picked":"SKIP","floor":20},{"not_picked":["champ:FanOfKnives","champ:MurderStrike"],"picked":"champ:DancingMaster","floor":23},{"not_picked":["champ:RageSigil","champ:FanOfKnives"],"picked":"champ:GladiatorStyle","floor":25}],"player_experience":934971,"relics_obtained":[{"floor":2.0,"key":"Eternal Feather"},{"floor":4.0,"key":"Akabeko"},{"floor":7.0,"key":"Potion Belt"},{"floor":8.0,"key":"Pen Nib"},{"floor":10.0,"key":"HornCleat"},{"floor":11.0,"key":"CloakClasp"},{"floor":20,"key":"Girya"},{"floor":21,"key":"Necronomicon"},{"floor":23,"key":"Bronze Scales"},{"floor":24,"key":"Mercury Hourglass"}],"event_choices":[],"is_beta":false,"boss_relics":[{"not_picked":["Empty Cage","Busted Crown"],"picked":"Philosopher\u0027s Stone"}],"items_purged_floors":[13],"is_endless":false,"potions_floor_spawned":[2,4,8,10,15],"killed_by":"Slavers","ascension_level":1}}