{"host":"z9grmtg2w0nmz8n1","time":1608223210,"event":{"mods":["Aspiration","Bard","BaseMod","Beaked The Cultist","Better Altar","Better Match","Better Third Choice","BetterRewards","CCEM","Colored Map","Conspire","GifTheSpireLib","Googly Eyes","Highlight Path","Hubris","Jedi Mod","Jorbs\u0027s Wanderer Trilogy","Minty Spire (QoL Compilation)","Permanent Neow","Replay The Spire","Spicy Shops","StSLib","Stuff the Spire","The Bug Knight"],"gold_per_floor":[111,111,123,153,165,202,232,277,289,301,313,313],"floor_reached":11,"playtime":679,"items_purged":[],"score":85,"play_id":"0abbe800-45e5-4ae9-94a5-a49e08353746","local_time":"20201217144010","is_ascension_mode":true,"campfire_choices":[{"floor":10,"key":"RECALL"}],"circlet_count":0,"master_deck":["Strike_G","Strike_G","Strike_G","Strike_G","Defend_G","Defend_G","Defend_G","Defend_G","Defend_G","Survivor","Neutralize+1","Regret","ReplayTheSpireMod:Scrap Shanks"],"relics":["Ring of the Snake","MawBank","Gambling Chip","StuffTheSpire:EmeraldSignet"],"acts_visited":["Exordium"],"potions_floor_usage":[1,4,6,6,8],"damage_taken":[{"damage":0,"enemies":"Small Slimes","floor":1,"turns":6},{"damage":0,"enemies":"Jaw Worm","floor":4,"turns":4},{"damage":14,"enemies":"Gremlin Nob","floor":6,"turns":5},{"damage":7,"enemies":"Cultist","floor":7,"turns":5},{"damage":34,"enemies":"HollowMod:MossKnight","floor":8,"turns":30},{"damage":15,"enemies":"Lagavulin","floor":11,"turns":3}],"seed_played":"-7195403341351708839","potions_obtained":[{"floor":1,"key":"EntropicBrew"},{"floor":4,"key":"Energy Potion"},{"floor":6,"key":"Weak Potion"}],"is_trial":false,"path_per_floor":["M","?","?","M","?","E","M","E","T","R","E"],"character_chosen":"THE_SILENT","items_purchased":[],"campfire_rested":0,"item_purchase_floors":[],"current_hp_per_floor":[70,70,70,70,70,56,49,15,15,15,0,0],"gold":313,"neow_bonus":"UPGRADE_CARD","is_daily":false,"chose_seed":false,"campfire_upgraded":0,"win_rate":0.0,"timestamp":1608223210,"path_taken":["M","?","?","?","?","E","M","E","T","R","E"],"items_purchased_type":[],"build_version":"2020-12-13","purchased_purges":0,"victory":false,"max_hp_per_floor":[70,70,70,70,70,70,70,70,70,70,70,70],"card_choices":[{"not_picked":["Choke","Deflect","StuffTheSpire:Python"],"picked":"SKIP","floor":1},{"not_picked":["Slice","StuffTheSpire:BumpUp","Acrobatics"],"picked":"SKIP","floor":4},{"not_picked":["Backflip","Skewer","Choke"],"picked":"SKIP","floor":6},{"not_picked":["ReplayTheSpireMod:Tripwire","Prepared","Dodge and Roll"],"picked":"SKIP","floor":7},{"not_picked":["Deflect","Doppelganger"],"picked":"ReplayTheSpireMod:Scrap Shanks","floor":8}],"player_experience":577368,"relics_obtained":[{"floor":6,"key":"Gambling Chip"},{"floor":8,"key":"StuffTheSpire:EmeraldSignet"}],"event_choices":[{"damage_healed":0,"gold_gain":0,"player_choice":"Box","damage_taken":0,"relics_obtained":["MawBank"],"max_hp_gain":0,"max_hp_loss":0,"event_name":"Big Fish","floor":2,"gold_loss":0,"cards_obtained":["Regret"]},{"damage_healed":0,"gold_gain":0,"player_choice":"Bought 0 Potions","damage_taken":0,"max_hp_gain":0,"max_hp_loss":0,"event_name":"The Woman in Blue","floor":5,"gold_loss":0}],"is_beta":false,"boss_relics":[],"items_purged_floors":[],"is_endless":false,"potions_floor_spawned":[1,4,6],"killed_by":"Lagavulin","ascension_level":1}}