{"host":"gk5m6v7zec9neb0j","time":1608185018,"event":{"mods":["AchievementEnabler","AlwaysNeverKeys","BaseMod","BetterRewards","Block Reminder","Minty Spire (QoL Compilation)","Rare Cards Sparkle","Relic Stats","StSLib"],"gold_per_floor":[115,135,410,53,53,85,102,115,115,151,26,26,26,52,52,164,164,146,146,131,146,165,206,206,244,244,244,244,263,129,152,152,264,264,264,264,49,75,97,97,108,108,108,119,119,148,148,148,148,148,148,148,3,45,45,45],"floor_reached":55,"playtime":2083,"items_purged":["Strike_G","Regret","Strike_G"],"score":867,"play_id":"64678fe2-24a9-4ac8-bd33-ca2ba7fe3377","local_time":"20201217010338","is_ascension_mode":false,"campfire_choices":[{"data":"Blade Dance","floor":12.0,"key":"SMITH"},{"floor":15.0,"key":"REST"},{"floor":24.0,"key":"REST"},{"floor":27.0,"key":"REST"},{"floor":32.0,"key":"REST"},{"data":"Footwork","floor":40.0,"key":"SMITH"},{"data":"Neutralize","floor":42.0,"key":"SMITH"},{"data":"Night Terror","floor":49.0,"key":"SMITH"},{"data":"Infinite Blades","floor":52.0,"key":"SMITH"}],"circlet_count":0,"master_deck":["Strike_G","Strike_G","Defend_G","Defend_G","Defend_G","Defend_G","Survivor","Neutralize+1","Accuracy","Accuracy","Blade Dance+1","Backflip","Terror","Dodge and Roll","Blade Dance","Malaise","Cloak And Dagger","Infinite Blades+1","Blade Dance","Cloak And Dagger","Finesse","Deflect+1","Night Terror+1","Footwork+1","Doppelganger","Cloak And Dagger+1","Malaise","Concentrate+1"],"relics":["Ring of the Snake","Ice Cream","Mummified Hand","PreservedInsect","CeramicFish","SlaversCollar","Centennial Puzzle","WingedGreaves","Shuriken","Nloth\u0027s Gift","Runic Pyramid","Chemical X","Prayer Wheel","Membership Card","Unceasing Top"],"acts_visited":["Exordium","TheCity","TheBeyond","TheEnding"],"potions_floor_usage":[],"damage_taken":[{"damage":0.0,"enemies":"2 Louse","floor":1.0,"turns":3.0},{"damage":0.0,"enemies":"Cultist","floor":2.0,"turns":3.0},{"damage":19.0,"enemies":"Gremlin Nob","floor":6.0,"turns":4.0},{"damage":0.0,"enemies":"Jaw Worm","floor":7.0,"turns":2.0},{"damage":0.0,"enemies":"Blue Slaver","floor":8.0,"turns":2.0},{"damage":4.0,"enemies":"3 Sentries","floor":10.0,"turns":7.0},{"damage":2.0,"enemies":"Exordium Thugs","floor":14.0,"turns":7.0},{"damage":5.0,"enemies":"Hexaghost","floor":16.0,"turns":7.0},{"damage":6.0,"enemies":"2 Thieves","floor":18.0,"turns":4.0},{"damage":1.0,"enemies":"Spheric Guardian","floor":21.0,"turns":3.0},{"damage":14.0,"enemies":"3 Cultists","floor":22.0,"turns":5.0},{"damage":26.0,"enemies":"Slavers","floor":23.0,"turns":3.0},{"damage":4.0,"enemies":"Book of Stabbing","floor":25.0,"turns":3.0},{"damage":14.0,"enemies":"Snake Plant","floor":29.0,"turns":3.0},{"damage":5.0,"enemies":"Shelled Parasite and Fungi","floor":31.0,"turns":3.0},{"damage":24.0,"enemies":"Automaton","floor":33.0,"turns":7.0},{"damage":2.0,"enemies":"3 Darklings","floor":35.0,"turns":2.0},{"damage":0.0,"enemies":"3 Shapes","floor":38.0,"turns":7.0},{"damage":1.0,"enemies":"Transient","floor":39.0,"turns":5.0},{"damage":0.0,"enemies":"4 Shapes","floor":41.0,"turns":6.0},{"damage":0.0,"enemies":"Sphere and 2 Shapes","floor":44.0,"turns":5.0},{"damage":3.0,"enemies":"Writhing Mass","floor":46.0,"turns":6.0},{"damage":20.0,"enemies":"Time Eater","floor":50.0,"turns":7.0},{"damage":30.0,"enemies":"Shield and Spear","floor":54.0,"turns":6.0},{"damage":36,"enemies":"The Heart","floor":55,"turns":5}],"seed_played":"-2130055389688898852","potions_obtained":[{"floor":1.0,"key":"Regen Potion"},{"floor":10.0,"key":"Regen Potion"},{"floor":18.0,"key":"SmokeBomb"},{"floor":22.0,"key":"Poison Potion"},{"floor":44.0,"key":"Fire Potion"}],"is_trial":false,"path_per_floor":["M","M","?","$","?","E","M","M","T","E","$","R","?","M","R","B",null,"M","?","$","M","M","E","R","E","T","R","?","M","$","M","R","B",null,"M","$","$","M","M","R","M","R","T","M","?","M","?","?","R","B",null,"R","$","E","B"],"character_chosen":"THE_SILENT","items_purchased":["Accuracy","Accuracy","Blade Dance","Mummified Hand","Cloak And Dagger","Finesse","Energy Potion","Footwork","Chemical X","Membership Card"],"campfire_rested":4,"item_purchase_floors":[0,0,0,4,20,30,30,37,37,53],"current_hp_per_floor":[48,48,48,48,48,38,38,38,38,34,34,34,34,47,68,63,70,64,64,64,63,49,23,44,40,40,61,61,47,47,42,63,39,70,68,68,68,68,67,67,67,67,67,67,67,64,59,59,59,39,66,66,66,36,0,0],"gold":45,"neow_bonus":"","is_daily":false,"chose_seed":false,"campfire_upgraded":5,"win_rate":0.0,"timestamp":1608185018,"path_taken":["M","M","?","?","?","E","M","?","T","E","$","R","?","M","R","BOSS","M","?","$","M","?","E","R","E","T","R","?","M","$","M","R","BOSS","M","$","$","M","?","R","M","R","T","M","?","M","?","?","R","BOSS","R","$","E","BOSS"],"items_purchased_type":["Card","Card","Card","Relic","Card","Card","Potion","Card","Relic","Relic"],"build_version":"2020-12-13","purchased_purges":3,"victory":false,"max_hp_per_floor":[70,70,70,70,70,70,70,70,70,70,70,70,70,70,70,70,70,70,70,70,70,70,70,70,70,70,70,70,70,70,70,70,70,70,70,70,70,70,70,70,70,70,70,70,70,70,70,66,66,66,66,66,66,66,66,66],"relic_stats":{"Centennial Puzzle":[57],"counters":[648,3811],"Mummified Hand":[70],"Shuriken":[72],"CeramicFish":135,"Prayer Wheel":2,"PreservedInsect":384,"Nloth\u0027s Gift":3,"Chemical X":[17],"obtain_stats":[{"TwistedFunnel":0,"Ginger":0,"Whetstone":4,"Bottled Tornado":14,"Sling":0,"Boot":49,"FrozenCore":17,"Old Coin":15,"Blood Vial":19,"Sundial":52,"MealTicket":8,"Fusion Hammer":34,"HandDrill":10,"Necronomicon":28,"Kunai":9,"Pear":26,"Blue Candle":9,"Tingsha":0,"Eternal Feather":52,"Pen Nib":9,"Paper Crane":40,"Akabeko":9,"SlaversCollar":34,"Bird Faced Urn":7,"MutagenicStrength":20,"CultistMask":10,"StrikeDummy":47,"Unceasing Top":3,"Ring of the Serpent":17,"Lantern":13,"Regal Pillow":11,"Torii":0,"StoneCalendar":0,"Bag of Preparation":7,"Cursed Key":34,"Ancient Tea Set":26,"Smiling Mask":26,"Shovel":9,"Matryoshka":24,"WristBlade":17,"Ninja Scroll":43,"Toolbox":53,"WingedGreaves":0,"Chemical X":0,"InkBottle":49,"Ring of the Snake":0,"Potion Belt":14,"The Specimen":0,"Golden Idol":8,"PreservedInsect":43,"The Courier":26,"Omamori":23,"Seething Fire":0,"Frozen Egg 2":25,"MawBank":43,"Ornamental Fan":30,"Orrery":20,"Turnip":48,"Art of War":7,"Bottled Lightning":9,"Toy Ornithopter":9,"Ice Cream":42,"Calipers":9,"Tiny House":17,"Gremlin Horn":29,"CeramicFish":43,"Vajra":10,"HoveringKite":17,"Hammer of Thor":0,"Runic Capacitor":0,"Sozu":34,"Lizard Tail":0,"Centennial Puzzle":42,"DollysMirror":0,"Strawberry":23,"Prayer Wheel":47,"Toxic Egg 2":11,"Girya":0,"Happy Flower":26,"Dead Branch":17,"Oddly Smooth Stone":28,"Letter Opener":17,"War Paint":43,"Question Card":41,"WarpedTongs":3,"Du-Vu Doll":20,"OrangePellets":0,"Bottled Flame":28,"Shuriken":42,"Anvil of the Gods":0,"Bronze Scales":0,"Molten Egg 2":43,"Black Star":17,"Nloth\u0027s Gift":28,"Pocketwatch":0,"Meat on the Bone":14,"Darkstone Periapt":42,"SacredBark":17,"Enchiridion":20,"Mango":0,"Snake Skull":54,"Juzu Bracelet":43,"Incense Burner":17,"Empty Cage":17,"PrismaticShard":0,"ClockworkSouvenir":0,"Frozen Eye":45,"Nunchaku":3,"Dream Catcher":40,"Tough Bandages":0,"TheAbacus":22,"Mummified Hand":31,"Pantograph":3,"Gambling Chip":0,"Tiny Chest":30,"Red Mask":29,"Cracked Core":0,"Runic Pyramid":17,"Orichalcum":26,"Odd Mushroom":8,"White Beast Statue":41,"Mercury Hourglass":17,"Peace Pipe":0,"Calling Bell":17,"Cauldron":36,"Strange Spoon":37,"CaptainsWheel":9,"Anchor":26,"Bag of Marbles":30,"Membership Card":20,"TungstenRod":0,"FossilizedHelix":40},{"TwistedFunnel":195,"Ginger":96,"Whetstone":196,"Bottled Tornado":144,"Sling":149,"Boot":367,"FrozenCore":145,"Old Coin":299,"Blood Vial":192,"Sundial":368,"MealTicket":142,"Fusion Hammer":232,"HandDrill":155,"Necronomicon":383,"Kunai":164,"Pear":205,"Blue Candle":526,"Tingsha":149,"Eternal Feather":216,"Pen Nib":220,"Paper Crane":389,"Akabeko":155,"SlaversCollar":284,"Bird Faced Urn":154,"MutagenicStrength":354,"CultistMask":422,"StrikeDummy":135,"Unceasing Top":98,"Ring of the Serpent":353,"Lantern":116,"Regal Pillow":298,"Torii":195,"StoneCalendar":218,"Bag of Preparation":113,"Cursed Key":255,"Ancient Tea Set":305,"Smiling Mask":356,"Shovel":198,"Matryoshka":382,"WristBlade":326,"Ninja Scroll":213,"Toolbox":445,"WingedGreaves":521,"Chemical X":370,"InkBottle":215,"Ring of the Snake":0,"Potion Belt":352,"The Specimen":149,"Golden Idol":164,"PreservedInsect":365,"The Courier":382,"Omamori":123,"Seething Fire":0,"Frozen Egg 2":253,"MawBank":261,"Ornamental Fan":171,"Orrery":202,"Turnip":315,"Art of War":244,"Bottled Lightning":113,"Toy Ornithopter":187,"Ice Cream":338,"Calipers":100,"Tiny House":166,"Gremlin Horn":282,"CeramicFish":236,"Vajra":198,"HoveringKite":201,"Hammer of Thor":0,"Runic Capacitor":136,"Sozu":173,"Lizard Tail":159,"Centennial Puzzle":389,"DollysMirror":184,"Strawberry":304,"Prayer Wheel":341,"Toxic Egg 2":114,"Girya":184,"Happy Flower":125,"Dead Branch":224,"Oddly Smooth Stone":126,"Letter Opener":426,"War Paint":338,"Question Card":515,"WarpedTongs":397,"Du-Vu Doll":147,"OrangePellets":292,"Bottled Flame":534,"Shuriken":312,"Anvil of the Gods":0,"Bronze Scales":136,"Molten Egg 2":468,"Black Star":606,"Nloth\u0027s Gift":636,"Pocketwatch":240,"Meat on the Bone":249,"Darkstone Periapt":568,"SacredBark":378,"Enchiridion":405,"Mango":136,"Snake Skull":217,"Juzu Bracelet":312,"Incense Burner":426,"Empty Cage":250,"PrismaticShard":419,"ClockworkSouvenir":108,"Frozen Eye":261,"Nunchaku":138,"Dream Catcher":312,"Tough Bandages":318,"TheAbacus":251,"Mummified Hand":359,"Pantograph":241,"Gambling Chip":395,"Tiny Chest":462,"Red Mask":307,"Cracked Core":0,"Runic Pyramid":118,"Orichalcum":382,"Odd Mushroom":453,"White Beast Statue":312,"Mercury Hourglass":224,"Peace Pipe":96,"Calling Bell":224,"Cauldron":210,"Strange Spoon":513,"CaptainsWheel":142,"Anchor":253,"Bag of Marbles":384,"Membership Card":276,"TungstenRod":136,"FossilizedHelix":212},{"TwistedFunnel":1189,"Ginger":557,"Whetstone":1192,"Bottled Tornado":862,"Sling":888,"Boot":2096,"FrozenCore":869,"Old Coin":1756,"Blood Vial":1170,"Sundial":2104,"MealTicket":855,"Fusion Hammer":1381,"HandDrill":918,"Necronomicon":2179,"Kunai":960,"Pear":1237,"Blue Candle":3024,"Tingsha":888,"Eternal Feather":1305,"Pen Nib":1324,"Paper Crane":2214,"Akabeko":918,"SlaversCollar":1680,"Bird Faced Urn":914,"MutagenicStrength":2040,"CultistMask":2385,"StrikeDummy":823,"Unceasing Top":563,"Ring of the Serpent":2036,"Lantern":676,"Regal Pillow":1753,"Torii":1189,"StoneCalendar":1315,"Bag of Preparation":659,"Cursed Key":1509,"Ancient Tea Set":1788,"Smiling Mask":2047,"Shovel":1198,"Matryoshka":2174,"WristBlade":1903,"Ninja Scroll":1279,"Toolbox":2526,"WingedGreaves":3001,"Chemical X":2114,"InkBottle":1292,"Ring of the Snake":0,"Potion Belt":2028,"The Specimen":888,"Golden Idol":960,"PreservedInsect":2086,"The Courier":2174,"Omamori":726,"Seething Fire":0,"Frozen Egg 2":1491,"MawBank":1540,"Ornamental Fan":1014,"Orrery":1224,"Turnip":1843,"Art of War":1440,"Bottled Lightning":659,"Toy Ornithopter":1139,"Ice Cream":1963,"Calipers":572,"Tiny House":977,"Gremlin Horn":1668,"CeramicFish":1397,"Vajra":1198,"HoveringKite":1218,"Hammer of Thor":0,"Runic Capacitor":826,"Sozu":1042,"Lizard Tail":936,"Centennial Puzzle":2214,"DollysMirror":1127,"Strawberry":1784,"Prayer Wheel":1981,"Toxic Egg 2":663,"Girya":1127,"Happy Flower":737,"Dead Branch":1342,"Oddly Smooth Stone":743,"Letter Opener":2414,"War Paint":1963,"Question Card":2941,"WarpedTongs":2266,"Du-Vu Doll":878,"OrangePellets":1727,"Bottled Flame":3059,"Shuriken":1826,"Anvil of the Gods":0,"Bronze Scales":826,"Molten Egg 2":2649,"Black Star":3587,"Nloth\u0027s Gift":3749,"Pocketwatch":1420,"Meat on the Bone":1468,"Darkstone Periapt":3296,"SacredBark":2153,"Enchiridion":2303,"Mango":826,"Snake Skull":1313,"Juzu Bracelet":1826,"Incense Burner":2414,"Empty Cage":1476,"PrismaticShard":2372,"ClockworkSouvenir":632,"Frozen Eye":1540,"Nunchaku":835,"Dream Catcher":1826,"Tough Bandages":1864,"TheAbacus":1480,"Mummified Hand":2061,"Pantograph":1424,"Gambling Chip":2258,"Tiny Chest":2611,"Red Mask":1796,"Cracked Core":0,"Runic Pyramid":691,"Orichalcum":2174,"Odd Mushroom":2564,"White Beast Statue":1826,"Mercury Hourglass":1342,"Peace Pipe":557,"Calling Bell":1342,"Cauldron":1264,"Strange Spoon":2928,"CaptainsWheel":855,"Anchor":1491,"Bag of Marbles":2184,"Membership Card":1631,"TungstenRod":826,"FossilizedHelix":1274}],"Unceasing Top":[0],"Ring of the Snake":[154]},"card_choices":[{"not_picked":["Bouncing Flask","Flying Knee","PiercingWail"],"picked":"SKIP","floor":1.0},{"not_picked":["Expertise","Dagger Spray"],"picked":"Backflip","floor":2.0},{"not_picked":["Dash","Wraith Form v2"],"picked":"Terror","floor":6.0},{"not_picked":["Flechettes","Acrobatics","Finisher"],"picked":"SKIP","floor":7.0},{"not_picked":["All Out Attack","Skewer","Backflip"],"picked":"SKIP","floor":8.0},{"not_picked":["Outmaneuver","Leg Sweep"],"picked":"Dodge and Roll","floor":10.0},{"not_picked":["Prepared","Deadly Poison","Skewer"],"picked":"Blade Dance","floor":14.0},{"not_picked":["Envenom","Tools of the Trade","Doppelganger"],"picked":"Malaise","floor":16.0},{"not_picked":["Flechettes","Deflect","Flying Knee","Finisher+1"],"picked":"SKIP","floor":18.0},{"not_picked":["Underhanded Strike+1","Deflect","Flying Knee","Poisoned Stab"],"picked":"SKIP","floor":21.0},{"not_picked":["Blur+1","Phantasmal Killer","Calculated Gamble+1"],"picked":"Infinite Blades","floor":22.0},{"not_picked":["Choke+1","Flying Knee+1","Backflip"],"picked":"Blade Dance","floor":23.0},{"not_picked":["Reflex","Masterful Stab+1","Deadly Poison"],"picked":"Cloak And Dagger","floor":25.0},{"not_picked":["Outmaneuver+1","Prepared","Dagger Spray+1"],"picked":"SKIP","floor":29.0},{"not_picked":["Reflex","Unload"],"picked":"Deflect+1","floor":31.0},{"not_picked":["Unload","Envenom"],"picked":"Night Terror","floor":33.0},{"not_picked":["PiercingWail+1","Doppelganger","Flying Knee"],"picked":"SKIP","floor":38.0},{"not_picked":["PiercingWail+1","Flying Knee"],"picked":"Doppelganger","floor":38.0},{"not_picked":["Blade Dance+1","Prepared"],"picked":"Cloak And Dagger+1","floor":39.0},{"not_picked":["Blade Dance","Choke+1","Flying Knee"],"picked":"SKIP","floor":41.0},{"not_picked":["Tools of the Trade","Prepared","Flying Knee"],"picked":"SKIP","floor":44.0},{"not_picked":["Acrobatics","Underhanded Strike+1","After Image"],"picked":"SKIP","floor":44.0},{"not_picked":["Blade Dance+1","PiercingWail+1"],"picked":"Malaise","floor":46.0},{"not_picked":["Sucker Punch+1","Slice+1","Underhanded Strike+1"],"picked":"SKIP","floor":46.0},{"not_picked":["Phantasmal Killer","Die Die Die"],"picked":"Concentrate+1","floor":54.0}],"player_experience":684431,"relics_obtained":[{"floor":6.0,"key":"PreservedInsect"},{"floor":9.0,"key":"CeramicFish"},{"floor":10.0,"key":"Question Card"},{"floor":23.0,"key":"Centennial Puzzle"},{"floor":25.0,"key":"WingedGreaves"},{"floor":26.0,"key":"Shuriken"},{"floor":43.0,"key":"Prayer Wheel"},{"floor":54.0,"key":"Unceasing Top"}],"event_choices":[{"damage_healed":0.0,"max_hp_gain":0.0,"max_hp_loss":0.0,"gold_gain":275.0,"event_name":"Golden Shrine","player_choice":"Desecrate","floor":3.0,"gold_loss":0.0,"damage_taken":0.0,"cards_obtained":["Regret"]},{"cards_removed":["Strike_G"],"damage_healed":0.0,"max_hp_gain":0.0,"max_hp_loss":0.0,"gold_gain":0.0,"event_name":"Living Wall","player_choice":"Forget","floor":5.0,"gold_loss":0.0,"damage_taken":0.0},{"damage_healed":0.0,"max_hp_gain":0.0,"max_hp_loss":0.0,"gold_gain":0.0,"event_name":"NoteForYourself","player_choice":"Ignored","floor":13.0,"gold_loss":0.0,"damage_taken":0.0},{"cards_removed":["Defend_G"],"damage_healed":0.0,"max_hp_gain":0.0,"max_hp_loss":0.0,"gold_gain":0.0,"event_name":"Bonfire Elementals","player_choice":"Offered Basic","floor":19.0,"gold_loss":0.0,"damage_taken":0.0},{"damage_healed":0.0,"max_hp_gain":0.0,"max_hp_loss":0.0,"gold_gain":0.0,"event_name":"N\u0027loth","player_choice":"Traded Relic","floor":28.0,"relics_lost":["Question Card"],"gold_loss":0.0,"damage_taken":0.0,"relics_obtained":["Nloth\u0027s Gift"]},{"damage_healed":0.0,"max_hp_gain":0.0,"max_hp_loss":0.0,"gold_gain":0.0,"event_name":"Mysterious Sphere","player_choice":"Ignored","floor":45.0,"gold_loss":0.0,"damage_taken":0.0},{"damage_healed":0.0,"max_hp_gain":0.0,"max_hp_loss":0.0,"gold_gain":0.0,"event_name":"SensoryStone","player_choice":"Memory 2","floor":47.0,"gold_loss":0.0,"damage_taken":5.0},{"damage_healed":0.0,"max_hp_gain":0.0,"max_hp_loss":4.0,"gold_gain":0.0,"event_name":"Winding Halls","player_choice":"Max HP","floor":48.0,"gold_loss":0.0,"damage_taken":0.0}],"is_beta":false,"boss_relics":[{"not_picked":["SacredBark","Philosopher\u0027s Stone"],"picked":"SlaversCollar"},{"not_picked":["Pandora\u0027s Box","Calling Bell"],"picked":"Runic Pyramid"}],"items_purged_floors":[0,4,11],"is_endless":false,"potions_floor_spawned":[1,10,18,22,25,41,44,54],"killed_by":"The Heart","ascension_level":0}}