{"host":"szbnbddwah33j004","time":1608192891,"event":{"mods":["2.2 Compatiblity","AchievementEnabler","Act Like it!","BaseMod","BetterRewards","Colored Map","Energized Spire","Hubris","Minty Spire (QoL Compilation)","StSLib","Strawberry Spire"],"gold_per_floor":[111,128,128,145,145,161,189,40,64,64,64,88,88,104,104,229,229,247,265,265,3,26,26,44,8,32,131,131,131],"floor_reached":28,"playtime":2442,"items_purged":[],"score":220,"play_id":"7b316667-a84e-4f59-9a4e-9e42c7c439f6","local_time":"20201217021451","is_ascension_mode":false,"campfire_choices":[{"floor":10,"key":"REST"},{"floor":15,"key":"REST"},{"data":"Alpha","floor":23,"key":"SMITH"}],"circlet_count":0,"master_deck":["Strike_P+1","Strike_P","Strike_P","Strike_P","Defend_P","Defend_P","Defend_P","Eruption","Vigilance","Halt","Brilliance","LikeWater","ClearTheMind","TalkToTheHand","Worship","WindmillStrike+1","DeceiveReality","EmptyFist","Alpha+1","EmptyFist+1","CutThroughFate","Iron Wave","Worship","SashWhip","WheelKick+1","Collect","LikeWater"],"relics":["PureWater","NeowsBlessing","Bag of Preparation","hubris:Reverence","Whetstone","Golden Idol","hubris:SphereOfDissonance","Sozu","Lee\u0027s Waffle","hubris:SlimyHat"],"acts_visited":["Exordium","TheCity"],"potions_floor_usage":[7,16,16,22],"damage_taken":[{"damage":0,"enemies":"Cultist","floor":1,"turns":1},{"damage":0,"enemies":"Small Slimes","floor":2,"turns":1},{"damage":0,"enemies":"2 Louse","floor":4,"turns":1},{"damage":18,"enemies":"2 Fungi Beasts","floor":6,"turns":3},{"damage":40,"enemies":"3 Sentries","floor":7,"turns":12},{"damage":7,"enemies":"Exordium Thugs","floor":12,"turns":4},{"damage":0,"enemies":"Large Slime","floor":14,"turns":3},{"damage":11,"enemies":"Slime Boss","floor":16,"turns":8},{"damage":0,"enemies":"Chosen","floor":18,"turns":3},{"damage":5,"enemies":"Spheric Guardian","floor":19,"turns":3},{"damage":24,"enemies":"Shelled Parasite and Fungi","floor":22,"turns":7},{"damage":2,"enemies":"Centurion and Healer","floor":24,"turns":5},{"damage":49,"enemies":"Masked Bandits","floor":28,"turns":4}],"seed_played":"-4395448337037556869","potions_obtained":[{"floor":6,"key":"SteroidPotion"},{"floor":12,"key":"EssenceOfSteel"},{"floor":14,"key":"BlessingOfTheForge"},{"floor":16,"key":"Weak Potion"}],"is_trial":false,"path_per_floor":["M","M","?","M","?","M","E","$","T","R","?","M","T","M","R","B",null,"M","M","?","$","M","R","M","$","T","?","?"],"character_chosen":"WATCHER","items_purchased":["Worship","WindmillStrike","Worship","Lee\u0027s Waffle","SashWhip","LikeWater"],"campfire_rested":2,"item_purchase_floors":[8,8,21,21,21,25],"current_hp_per_floor":[72,72,72,72,65,47,7,7,7,28,28,21,21,21,41,30,67,67,62,62,74,50,50,48,48,48,48,0,0],"gold":131,"neow_bonus":"THREE_ENEMY_KILL","is_daily":false,"chose_seed":false,"campfire_upgraded":1,"win_rate":0.0,"timestamp":1608192891,"path_taken":["M","?","?","?","?","M","E","$","T","R","?","M","?","M","R","BOSS","M","M","?","$","M","R","M","?","T","?","?"],"items_purchased_type":["Card","Card","Card","Relic","Card","Card"],"build_version":"2020-12-13","purchased_purges":0,"victory":false,"max_hp_per_floor":[72,72,72,72,72,72,72,72,72,72,67,67,67,67,67,67,67,67,67,67,74,74,74,74,74,74,74,74,74],"card_choices":[{"not_picked":["EmptyBody","ThirdEye"],"picked":"Tantrum","floor":1},{"not_picked":["Evaluate","CarveReality"],"picked":"Halt","floor":2},{"not_picked":["EmptyBody","BowlingBash"],"picked":"LikeWater","floor":4},{"not_picked":["FlurryOfBlows","Protect"],"picked":"ClearTheMind","floor":6},{"not_picked":["EmptyBody","Blasphemy"],"picked":"TalkToTheHand","floor":7},{"not_picked":["CrushJoints","ClearTheMind"],"picked":"DeceiveReality","floor":12},{"not_picked":["Halt","BowlingBash"],"picked":"EmptyFist","floor":14},{"not_picked":["DevaForm","Judgement"],"picked":"Alpha","floor":16},{"not_picked":["JustLucky","ThirdEye"],"picked":"EmptyFist+1","floor":18},{"not_picked":["WindmillStrike","Meditate+1"],"picked":"CutThroughFate","floor":19},{"not_picked":["JustLucky","Crescendo+1"],"picked":"WheelKick+1","floor":22},{"not_picked":["DeceiveReality","WindmillStrike"],"picked":"Collect","floor":24}],"player_experience":61081,"relics_obtained":[{"floor":7,"key":"hubris:Reverence"},{"floor":9,"key":"Whetstone"},{"floor":13,"key":"hubris:SphereOfDissonance"},{"floor":26,"key":"hubris:SlimyHat"}],"event_choices":[{"damage_healed":0,"gold_gain":0,"cards_transformed":["Tantrum"],"player_choice":"Transformed","damage_taken":0,"max_hp_gain":0,"max_hp_loss":0,"event_name":"Transmorgrifier","floor":3,"gold_loss":0,"cards_obtained":["Brilliance"]},{"damage_healed":0,"gold_gain":0,"player_choice":"Success","damage_taken":7,"relics_obtained":["Bag of Preparation"],"max_hp_gain":0,"max_hp_loss":0,"event_name":"Scrap Ooze","floor":5,"gold_loss":0},{"damage_healed":0,"gold_gain":0,"player_choice":"Lose Max HP","damage_taken":0,"relics_obtained":["Golden Idol"],"max_hp_gain":0,"max_hp_loss":5,"event_name":"Golden Idol","floor":11,"gold_loss":0},{"cards_removed":["Defend_P"],"damage_healed":0,"gold_gain":0,"player_choice":"Took Card","damage_taken":0,"max_hp_gain":0,"max_hp_loss":0,"event_name":"NoteForYourself","floor":20,"gold_loss":0,"cards_obtained":["Iron Wave"]},{"damage_healed":0,"gold_gain":99,"player_choice":"Stole From Cult","damage_taken":0,"max_hp_gain":0,"max_hp_loss":0,"event_name":"Nest","floor":27,"gold_loss":0},{"damage_healed":0,"gold_gain":0,"player_choice":"Fought Bandits","damage_taken":0,"max_hp_gain":0,"max_hp_loss":0,"event_name":"Masked Bandits","floor":28,"gold_loss":0}],"is_beta":false,"boss_relics":[{"not_picked":["SacredBark","Coffee Dripper"],"picked":"Sozu"}],"items_purged_floors":[],"is_endless":false,"potions_floor_spawned":[6,12,14,16,18,24],"killed_by":"Masked Bandits","ascension_level":0}}