{"host":"u3ynxsjywb25w73a","time":1608219398,"event":{"mods":["AchievementEnabler","Astrologer","BaseMod","Better Match","Better Third Choice","BetterRewards","Challenge The Spire","Colored Map","Colored Powertips","Conspire","Infinite Spire","Minty Spire (QoL Compilation)","Remove Card Discount Mod","StSLib","The Bug Knight","The Construct","The Cursed","The Florist","The Gatherer","The Kombatant","The Senshi","The Servant 0.9.4","The Wild Card","everything is the same but u backflip on backflip"],"gold_per_floor":[112,112,125,125,99,99,126,126,200,233,233,243,243,257,257,353,353,371,296,71,170,170,170,23,23,72,72,72,91,91,120,120,217,217,228,243,243,257,257,287,287,297,297,46,59,59,59,76,76,76],"floor_reached":51,"playtime":3422,"items_purged":["Parasite"],"score":749,"play_id":"1a9967bc-e6b4-4306-b78b-f8e7962c87d2","local_time":"20201217103638","is_ascension_mode":false,"campfire_choices":[{"data":"Agrypnos:Dandelion","floor":6.0,"key":"SMITH"},{"data":"Agrypnos:Fertilize","floor":8.0,"key":"SMITH"},{"floor":13.0,"key":"REST"},{"data":"Agrypnos:Orchid","floor":15.0,"key":"SMITH"},{"data":"Agrypnos:Harvest","floor":23.0,"key":"SMITH"},{"data":"Agrypnos:Camellia","floor":25.0,"key":"SMITH"},{"data":"Agrypnos:Zinnia","floor":30.0,"key":"SMITH"},{"floor":32.0,"key":"REST"},{"data":"Agrypnos:Wolfsbane","floor":41,"key":"SMITH"},{"floor":47,"key":"REST"},{"floor":49,"key":"REST"}],"circlet_count":0,"master_deck":["Agrypnos:BasicStrike","Agrypnos:BasicStrike","Agrypnos:BasicDefend","Agrypnos:BasicDefend","Agrypnos:BasicDefend","Agrypnos:BasicDefend","Agrypnos:Dandelion+1","Agrypnos:Trowel+1","Agrypnos:Orchid+1","Agrypnos:Leaf","Agrypnos:Fertilize+1","Agrypnos:Tumbleweed","Agrypnos:Wolfsbane+1","Agrypnos:Camellia+1","Agrypnos:Zinnia+1","Agrypnos:Harvest+1","Agrypnos:Summer","Agrypnos:Tumbleweed","Bandage Up"],"relics":["Agrypnos:Floristry","NeowsBlessing","Potion Belt","Orichalcum","Singing Bowl","Mango","Darkstone Periapt","Empty Cage","Strange Spoon","ClockworkSouvenir","conspire:TopHat","Pocketwatch","Bronze Scales","construct:ClawGrip","infinitespire:Satchel","conspire:BottledYoYo","Juzu Bracelet"],"acts_visited":["Exordium","TheCity","TheBeyond"],"potions_floor_usage":[35,35,35,40,45,48,50],"damage_taken":[{"damage":0.0,"enemies":"2 Louse","floor":1.0,"turns":2.0},{"damage":0.0,"enemies":"Jaw Worm","floor":3.0,"turns":1.0},{"damage":0.0,"enemies":"3 Sentries","floor":7.0,"turns":2.0},{"damage":3.0,"enemies":"HollowMod:MossKnight","floor":10.0,"turns":14.0},{"damage":0.0,"enemies":"Small Slimes","floor":12.0,"turns":3.0},{"damage":7.0,"enemies":"Blue Slaver","floor":14.0,"turns":5.0},{"damage":45.0,"enemies":"Slime Boss","floor":16.0,"turns":17.0},{"damage":10.0,"enemies":"Shell Parasite","floor":18.0,"turns":7.0},{"damage":15.0,"enemies":"Spheric Guardian","floor":29.0,"turns":6.0},{"damage":22.0,"enemies":"HollowMod:Nosk","floor":31.0,"turns":10.0},{"damage":23,"enemies":"Automaton","floor":33,"turns":11},{"damage":14,"enemies":"3 Darklings","floor":35,"turns":6},{"damage":12,"enemies":"Orb Walker","floor":36,"turns":4},{"damage":16,"enemies":"Writhing Mass","floor":38,"turns":6},{"damage":8,"enemies":"HollowMod:StalkingDevout","floor":40,"turns":8},{"damage":7,"enemies":"Spire Growth","floor":42,"turns":5},{"damage":25,"enemies":"Sphere and 2 Shapes","floor":45,"turns":4},{"damage":28,"enemies":"Transient","floor":48,"turns":5},{"damage":48,"enemies":"conspire:OrnateMirror","floor":50,"turns":10}],"seed_played":"-4199643640827535199","potions_obtained":[{"floor":1.0,"key":"SteroidPotion"},{"floor":3.0,"key":"GamblersBrew"},{"floor":7.0,"key":"Regen Potion"},{"floor":10.0,"key":"Swift Potion"},{"floor":18.0,"key":"SkillPotion"},{"floor":38,"key":"Energy Potion"},{"floor":40,"key":"infinitespire:BlackPotion"},{"floor":42,"key":"ColorlessPotion"},{"floor":48,"key":"construct:ShiftPotion"}],"is_trial":false,"path_per_floor":["M","?","M","?","$","R","E","R","T","E","?","M","R","M","R","B",null,"M","?","$","?","?","R","$","R","T","T","AVR","M","R","E","R","B",null,"M","M","?","M","?","E","R","M","T","$","M","?","R","M","R","B",null],"character_chosen":"THE_FLORIST","items_purchased":["Agrypnos:Leaf","Agrypnos:Harvest","Strange Spoon","ClockworkSouvenir","Juzu Bracelet","FairyPotion"],"campfire_rested":4,"item_purchase_floors":[5,20,20,24,44,44],"current_hp_per_floor":[70,56,56,49,49,49,49,49,49,60,60,62,86,79,79,34,86,76,76,76,76,76,76,76,76,76,76,76,63,63,43,70,47,90,76,66,66,58,58,52,52,47,47,47,24,24,53,31,61,32],"gold":76,"neow_bonus":"THREE_ENEMY_KILL","is_daily":false,"chose_seed":false,"campfire_upgraded":7,"win_rate":0.0,"timestamp":1608219398,"path_taken":["M","?","M","?","?","R","E","R","T","E","?","M","R","M","R","BOSS","M","?","$","?","?","R","?","R","T","?","AVR","M","R","E","R","BOSS","M","?","?","M","?","E","R","M","T","?","M","?","R","M","R","BOSS"],"items_purchased_type":["Card","Card","Relic","Relic","Relic","Potion"],"build_version":"2020-12-13","purchased_purges":1,"victory":true,"max_hp_per_floor":[70,70,70,70,70,70,70,70,70,84,84,86,86,86,86,86,86,86,86,86,86,86,86,86,86,86,86,86,88,88,90,90,90,90,90,92,87,95,95,97,97,99,99,96,98,98,98,100,100,100],"card_choices":[{"not_picked":["Agrypnos:Rose","Agrypnos:ViolentBloom"],"picked":"Agrypnos:Shell","floor":1.0},{"not_picked":["Agrypnos:Carnation","Agrypnos:Watering"],"picked":"Agrypnos:Orchid","floor":3.0},{"not_picked":["Agrypnos:Myosotis","Agrypnos:Summer"],"picked":"Agrypnos:Fertilize","floor":7.0},{"not_picked":["Agrypnos:Till","Agrypnos:Azalea"],"picked":"Agrypnos:Tumbleweed","floor":10.0},{"not_picked":["Agrypnos:Till","Agrypnos:Tumbleweed","Agrypnos:Watering"],"picked":"Singing Bowl","floor":12.0},{"not_picked":["Agrypnos:Rot","Agrypnos:Till"],"picked":"Agrypnos:Wolfsbane","floor":14.0},{"not_picked":["Agrypnos:MorningSun","Agrypnos:Winter"],"picked":"Agrypnos:Camellia","floor":16.0},{"not_picked":["Agrypnos:StormShelter","Agrypnos:Rot"],"picked":"Agrypnos:Zinnia","floor":18.0},{"not_picked":["Agrypnos:Orchid","Agrypnos:CombTheEarth","Agrypnos:ViolentBloom+1"],"picked":"Singing Bowl","floor":29.0},{"not_picked":["Agrypnos:CombTheEarth+1","Agrypnos:QueenOfTheNight","Agrypnos:Rake"],"picked":"Singing Bowl","floor":31.0},{"not_picked":["Agrypnos:Lotus","Agrypnos:Wolffia"],"picked":"Agrypnos:Summer","floor":33},{"not_picked":["Agrypnos:Leaf","Agrypnos:Watering+1"],"picked":"Agrypnos:Tumbleweed","floor":35},{"not_picked":["Agrypnos:StormShelter+1","Agrypnos:Autumn","Agrypnos:Tumbleweed+1"],"picked":"Singing Bowl","floor":36},{"not_picked":["Agrypnos:Rose","Agrypnos:Rainfall","Agrypnos:Nightshade+1"],"picked":"Singing Bowl","floor":38},{"not_picked":["Agrypnos:Sunflower","Agrypnos:Tumbleweed","Agrypnos:MorningSun"],"picked":"Singing Bowl","floor":40},{"not_picked":["Agrypnos:CombTheEarth+1","Agrypnos:ViolentBloom","Agrypnos:Wolfsbane"],"picked":"Singing Bowl","floor":42},{"not_picked":["Agrypnos:Bramble+1","Agrypnos:FloralScent","Agrypnos:CombTheEarth"],"picked":"Singing Bowl","floor":45},{"not_picked":["Dark Shackles","Discovery"],"picked":"Bandage Up","floor":46},{"not_picked":["Agrypnos:Myosotis","Agrypnos:Rot","Agrypnos:Harvest+1"],"picked":"Singing Bowl","floor":48}],"player_experience":101342,"relics_obtained":[{"floor":7.0,"key":"Orichalcum"},{"floor":9.0,"key":"Singing Bowl"},{"floor":10.0,"key":"Mango"},{"floor":11.0,"key":"Darkstone Periapt"},{"floor":26.0,"key":"conspire:TopHat"},{"floor":27.0,"key":"Pocketwatch"},{"floor":31.0,"key":"Bronze Scales"},{"floor":40,"key":"infinitespire:Satchel"},{"floor":43,"key":"conspire:BottledYoYo"}],"event_choices":[{"damage_healed":70.0,"max_hp_gain":0.0,"max_hp_loss":70.0,"gold_gain":0.0,"event_name":"betterThird:BetterShining","player_choice":"Upgrade","floor":2.0,"gold_loss":0.0,"damage_taken":14.0,"cards_upgraded":["Agrypnos:Trowel","Agrypnos:BasicStrike"]},{"damage_healed":0.0,"max_hp_gain":0.0,"max_hp_loss":0.0,"gold_gain":0.0,"event_name":"betterThird:BetterScrap","player_choice":"Relic ","floor":4.0,"gold_loss":0.0,"damage_taken":7.0,"cards_obtained":["Swivel"]},{"cards_removed":["Agrypnos:BasicStrike"],"damage_healed":0.0,"max_hp_gain":0.0,"max_hp_loss":0.0,"gold_gain":0.0,"event_name":"Beggar","player_choice":"Gave Gold","floor":19.0,"gold_loss":75.0,"damage_taken":0.0},{"damage_healed":0.0,"max_hp_gain":0.0,"max_hp_loss":0.0,"gold_gain":99.0,"event_name":"betterThird:BetterNest","player_choice":"Steal","floor":21.0,"gold_loss":0.0,"damage_taken":0.0},{"damage_healed":0.0,"max_hp_gain":0.0,"max_hp_loss":0.0,"gold_gain":0.0,"event_name":"Vampires","player_choice":"Ignored","floor":22.0,"gold_loss":0.0,"damage_taken":0.0},{"damage_healed":0,"gold_gain":0,"player_choice":"Max HP","damage_taken":0,"max_hp_gain":0,"max_hp_loss":5,"event_name":"Winding Halls","floor":37,"gold_loss":0},{"damage_healed":0,"gold_gain":0,"player_choice":"Ignored","damage_taken":0,"max_hp_gain":0,"max_hp_loss":0,"event_name":"Mysterious Sphere","floor":39,"gold_loss":0},{"damage_healed":0,"gold_gain":0,"player_choice":"Memory 1","damage_taken":0,"max_hp_gain":0,"max_hp_loss":0,"event_name":"SensoryStone","floor":46,"gold_loss":0}],"is_beta":false,"boss_relics":[{"not_picked":["Black Star","Busted Crown"],"picked":"Empty Cage"},{"not_picked":["conspire:SeveredTorchhead","Runic Dome"],"picked":"construct:ClawGrip"}],"items_purged_floors":[44],"is_endless":false,"potions_floor_spawned":[1,3,7,10,18,38,40,42,48],"ascension_level":0}}