{"host":"5qewjvycy34u7aeo","time":1608229570,"event":{"mods":["Act Like it!","Aspiration","BaseMod","Conspire","Downfall","GifTheSpireLib","Hubris","Infinite Spire","Minty Spire (QoL Compilation)","Permanent Neow","Replay The Spire","Shop Mod","StSLib","Stuff the Spire"],"gold_per_floor":[349,369,381,40,67,80,104,123,48,79,25,25,25,37,57,57,57],"floor_reached":16,"playtime":1149,"items_purged":["Slimebound:Strike_Slimebound"],"score":118,"play_id":"5fb1527e-ff91-4f29-b512-e8ac6082056b","local_time":"20201217102610","is_ascension_mode":true,"campfire_choices":[{"floor":1,"key":"RECALL"}],"circlet_count":0,"master_deck":["Slimebound:Strike_Slimebound","Slimebound:Strike_Slimebound","Slimebound:Tackle","Slimebound:Defend_Slimebound","Slimebound:Defend_Slimebound","Slimebound:Defend_Slimebound","Slimebound:Defend_Slimebound","Slimebound:Split","Slimebound:CorrosiveSpit","Slimebound:FinishingTackle","Slimebound:FinishingTackle","Slimebound:AcidTongue","Slimebound:Schlurp","Slimebound:GrowthPunch","Slimebound:SplitLeeching","Slimebound:SamplingLick","Pot Of Greed","Pot Of Greed","Slimebound:SlimeSpikes","Slimebound:AcidTongue","Slimebound:SplitBruiser","Slimebound:SpikyOuterGoop","infinitespire:Execution","Slimebound:LeechingTouch","Slimebound:SplitMire"],"relics":["Slimebound:AbsorbEndCombat","Pen Nib","Art of War","Grinning Jar","downfall:HeartBlessingRed","Vajra"],"acts_visited":["Exordium"],"potions_floor_usage":[16],"damage_taken":[{"damage":8,"enemies":"Cultist","floor":2,"turns":3},{"damage":9,"enemies":"Jaw Worm","floor":3,"turns":4},{"damage":13,"enemies":"downfall:FleeingMerchant","floor":4,"turns":4},{"damage":58,"enemies":"Lagavulin","floor":5,"turns":8},{"damage":11,"enemies":"2 Louse","floor":6,"turns":4},{"damage":18,"enemies":"Large Slime","floor":8,"turns":5},{"damage":24,"enemies":"3 Sentries","floor":10,"turns":6},{"damage":14,"enemies":"downfall:FleeingMerchant","floor":11,"turns":4},{"damage":12,"enemies":"Blue Slaver","floor":14,"turns":3},{"damage":16,"enemies":"Exordium Wildlife","floor":15,"turns":5},{"damage":30,"enemies":"downfall:Defect","floor":16,"turns":4}],"seed_played":"6876641216712214229","potions_obtained":[{"floor":5,"key":"FearPotion"},{"floor":6,"key":"Slimebound:SpawnSlimePotion"},{"floor":8,"key":"Regen Potion"},{"floor":10,"key":"CultistPotion"}],"is_trial":false,"path_per_floor":["R","M","M","$","E","M","T","M","R","E","$","T","?","M","M","B"],"character_chosen":"SLIMEBOUND","items_purchased":["Slimebound:Schlurp","Pen Nib","Slimebound:GrowthPunch","Slimebound:SpikyOuterGoop"],"campfire_rested":0,"item_purchase_floors":[4,4,4,11],"current_hp_per_floor":[54,50,53,52,15,20,20,26,26,18,24,24,12,12,12,0,0],"gold":57,"neow_bonus":"TWO_FIFTY_GOLD","is_daily":false,"chose_seed":false,"campfire_upgraded":0,"win_rate":0.0,"timestamp":1608229570,"path_taken":["R","M","M","$","E","?","T","M","R","E","?","?","?","M","M","BOSS"],"items_purchased_type":["Card","Relic","Card","Card"],"build_version":"2020-12-13","purchased_purges":1,"victory":false,"max_hp_per_floor":[54,54,54,54,54,54,54,54,54,54,54,54,54,54,54,54,54],"card_choices":[{"not_picked":["Slimebound:SlimeBrawl","Slimebound:ComboTackle"],"picked":"Slimebound:FinishingTackle","floor":2},{"not_picked":["Slimebound:Teamwork","Slimebound:RollThrough"],"picked":"Slimebound:FinishingTackle","floor":3},{"not_picked":["Slimebound:SplitAcid","Slimebound:ForwardTackle"],"picked":"Slimebound:AcidTongue","floor":4},{"not_picked":["Slimebound:ViciousTackle","Slimebound:SplitBruiser"],"picked":"Slimebound:SplitLeeching","floor":5},{"not_picked":["Slimebound:FinishingTackle","Slimebound:RollThrough"],"picked":"Slimebound:SamplingLick","floor":6},{"not_picked":["Slimebound:FirmFortitude","Slimebound:PressTheAttack"],"picked":"Slimebound:SlimeSpikes","floor":8},{"not_picked":["Slimebound:TongueLash","Slimebound:DivideAndConquer"],"picked":"Slimebound:AcidTongue","floor":10},{"not_picked":["Slimebound:BestDefense","Slimebound:Teamwork"],"picked":"Slimebound:SplitBruiser","floor":11},{"not_picked":["infinitespire:UltimateForm","hubris:Rewind"],"picked":"infinitespire:Execution","floor":13},{"not_picked":["Slimebound:SplitAcid","Slimebound:GrowthPunch"],"picked":"Slimebound:LeechingTouch","floor":14},{"not_picked":["Slimebound:HungryTackle","Slimebound:GoopSpray"],"picked":"Slimebound:SplitMire","floor":15}],"player_experience":353959,"relics_obtained":[{"floor":5,"key":"Art of War"},{"floor":7,"key":"Grinning Jar"},{"floor":10,"key":"Vajra"}],"event_choices":[],"is_beta":false,"boss_relics":[],"items_purged_floors":[4],"is_endless":false,"potions_floor_spawned":[5,6,8,10,14],"killed_by":"downfall:Defect","ascension_level":1}}