{"host":"6b5fnlvh4h83exhu","time":1608199755,"event":{"mods":["BaseMod","Hermit","Jorbs\u0027s Wanderer Trilogy","Minty Spire (QoL Compilation)","Practice Mode","Replay The Spire","StSLib","slay the spire mod where everything is the same but ironclad has a cowboy hat"],"gold_per_floor":[117,117,78,78,99,134,134,148,220,220,238,281,311,332,332,332,332],"floor_reached":16,"playtime":1249,"items_purged":[],"score":160,"play_id":"48ab97e2-6517-4c17-9796-8325cd946298","local_time":"20201217040915","is_ascension_mode":false,"campfire_choices":[{"data":"Zap","floor":7,"key":"SMITH"},{"data":"Coolheaded","floor":10,"key":"SMITH"},{"data":"Time Bomb","floor":15,"key":"SMITH"},{"data":"Self Repair","floor":15,"key":"SMITH"}],"circlet_count":0,"master_deck":["Strike_B","Strike_B+1","Strike_B","Strike_B","Defend_B","Defend_B","Defend_B","Defend_B","Zap+1","Dualcast+1","Ball Lightning","Barrage+1","Cold Snap","Self Repair+1","Coolheaded+1","Time Bomb+1","Pot Of Greed","Pot Of Greed"],"relics":["Cracked Core","NeowsBlessing","Golden Idol","Dream Catcher","Grinning Jar","Replay:Arrowhead"],"acts_visited":["Exordium"],"potions_floor_usage":[],"damage_taken":[{"damage":0,"enemies":"Small Slimes","floor":1,"turns":1},{"damage":0,"enemies":"Jaw Worm","floor":5,"turns":1},{"damage":0,"enemies":"3 Sentries","floor":6,"turns":1},{"damage":2,"enemies":"2 Louse","floor":8,"turns":2},{"damage":5,"enemies":"Blue Slaver","floor":11,"turns":3},{"damage":0,"enemies":"Lagavulin","floor":12,"turns":5},{"damage":7,"enemies":"Exordium Wildlife","floor":14,"turns":3},{"damage":61,"enemies":"Fading Forest","floor":16,"turns":9}],"seed_played":"7212909205713379806","potions_obtained":[{"floor":1,"key":"Weak Potion"},{"floor":8,"key":"Ancient Potion"}],"is_trial":false,"path_per_floor":["M","?","$","?","M","E","R","M","T","R","M","E","?","M","R","B"],"character_chosen":"DEFECT","items_purchased":["Barrage+1"],"campfire_rested":0,"item_purchase_floors":[3],"current_hp_per_floor":[75,57,57,42,42,42,42,47,47,47,49,56,56,56,56,0,0],"gold":332,"neow_bonus":"THREE_ENEMY_KILL","is_daily":false,"chose_seed":false,"campfire_upgraded":4,"win_rate":0.0,"timestamp":1608199755,"path_taken":["M","?","$","?","M","E","R","M","T","R","M","E","?","M","R","BOSS"],"items_purchased_type":["Card"],"build_version":"2020-12-13","purchased_purges":0,"victory":false,"max_hp_per_floor":[75,75,75,75,75,75,75,75,75,75,75,75,75,75,75,75,75],"card_choices":[{"not_picked":["Conserve Battery","Stack"],"picked":"Ball Lightning","floor":1},{"not_picked":["Leap","Barrage"],"picked":"Cold Snap","floor":5},{"not_picked":["Steam","Hologram"],"picked":"Self Repair","floor":6},{"not_picked":["Glacier","Gash"],"picked":"Coolheaded","floor":8},{"not_picked":["Loop","Compile Driver"],"picked":"Time Bomb","floor":11},{"not_picked":["Go for the Eyes","Force Field","Gash"],"picked":"SKIP","floor":12},{"not_picked":["Conserve Battery","Coolheaded","Leap"],"picked":"SKIP","floor":14}],"player_experience":205698,"relics_obtained":[{"floor":6,"key":"Dream Catcher"},{"floor":12,"key":"Grinning Jar"}],"event_choices":[{"damage_healed":0,"gold_gain":0,"player_choice":"Take Damage","damage_taken":18,"relics_obtained":["Golden Idol"],"max_hp_gain":0,"max_hp_loss":0,"event_name":"Golden Idol","floor":2,"gold_loss":0},{"damage_healed":0,"gold_gain":0,"player_choice":"Entered Light","damage_taken":15,"max_hp_gain":0,"max_hp_loss":0,"event_name":"Shining Light","floor":4,"gold_loss":0,"cards_upgraded":["Dualcast","Strike_B"]},{"damage_healed":0,"gold_gain":30,"player_choice":"Searched \u00273\u0027 times","damage_taken":0,"relics_obtained":["Replay:Arrowhead"],"max_hp_gain":0,"max_hp_loss":0,"event_name":"Dead Adventurer","floor":13,"gold_loss":0}],"is_beta":false,"boss_relics":[],"items_purged_floors":[],"is_endless":false,"potions_floor_spawned":[1,8],"killed_by":"Fading Forest","ascension_level":0}}