{"host":"jegehu1t82aiec5j","time":1608214687,"event":{"mods":["BaseMod","Colored Map","Filter the Spire","Minty Spire (QoL Compilation)","Relic Stats","StSLib"],"gold_per_floor":[119,119,43,68,88,128,128,153,153,189,189,223,223,223,223,348,348,373,373,373,399,413,446,446,482,506,506,522,522,537,125,125,248,248,267,167,181,196,196,232,248,300,326,365,365,392,401,425,425,425],"floor_reached":51,"playtime":2648,"items_purged":["Double Tap","Clash"],"score":896,"play_id":"3f7c61bf-5c8b-4442-93bd-0c99e785e420","local_time":"20201217091807","is_ascension_mode":true,"campfire_choices":[{"data":"Armaments","floor":7.0,"key":"SMITH"},{"data":"Fire Breathing","floor":11.0,"key":"SMITH"},{"data":"Metallicize","floor":13.0,"key":"SMITH"},{"data":"Whirlwind","floor":15.0,"key":"SMITH"},{"data":"Demon Form","floor":24.0,"key":"SMITH"},{"floor":27.0,"key":"REST"},{"data":"True Grit","floor":29.0,"key":"SMITH"},{"floor":32.0,"key":"REST"},{"floor":47.0,"key":"REST"},{"data":"Limit Break","floor":49,"key":"SMITH"}],"circlet_count":0,"master_deck":["Bash","Armaments+1","Warcry","Whirlwind+1","Pommel Strike","Pommel Strike","Double Tap","Feed","Feel No Pain","Metallicize+1","Fire Breathing+1","True Grit+1","Sentinel","Demon Form+1","Ghostly Armor+1","Armaments","Cleave","Metallicize+1","Heavy Blade","Second Wind","Dark Shackles","Limit Break+1","Inflame+1","Feel No Pain","Power Through","Shrug It Off","Clothesline+1","Barricade"],"relics":["Pandora\u0027s Box","Golden Idol","Ancient Tea Set","HornCleat","Odd Mushroom","Bird Faced Urn","Philosopher\u0027s Stone","Nilry\u0027s Codex","Orichalcum","Paper Frog","Kunai","Potion Belt","Snecko Eye","Dream Catcher","CeramicFish","PreservedInsect","Bag of Preparation"],"acts_visited":["Exordium","TheCity","TheBeyond"],"potions_floor_usage":[50],"damage_taken":[{"damage":5.0,"enemies":"Small Slimes","floor":1.0,"turns":2.0},{"damage":6.0,"enemies":"Jaw Worm","floor":4.0,"turns":3.0},{"damage":2.0,"enemies":"2 Louse","floor":5.0,"turns":2.0},{"damage":10.0,"enemies":"Gremlin Nob","floor":6.0,"turns":3.0},{"damage":0.0,"enemies":"Large Slime","floor":8.0,"turns":4.0},{"damage":15.0,"enemies":"The Mushroom Lair","floor":10.0,"turns":3.0},{"damage":4.0,"enemies":"3 Sentries","floor":12.0,"turns":4.0},{"damage":1.0,"enemies":"Slime Boss","floor":16.0,"turns":7.0},{"damage":18.0,"enemies":"2 Thieves","floor":18.0,"turns":3.0},{"damage":9.0,"enemies":"Shell Parasite","floor":22.0,"turns":5.0},{"damage":19.0,"enemies":"Slavers","floor":23.0,"turns":6.0},{"damage":40.0,"enemies":"Gremlin Leader","floor":25.0,"turns":7.0},{"damage":2.0,"enemies":"3 Cultists","floor":28.0,"turns":4.0},{"damage":23.0,"enemies":"Snake Plant","floor":30.0,"turns":5.0},{"damage":7.0,"enemies":"Champ","floor":33.0,"turns":11.0},{"damage":22.0,"enemies":"3 Shapes","floor":35.0,"turns":3.0},{"damage":4.0,"enemies":"3 Darklings","floor":37.0,"turns":4.0},{"damage":4.0,"enemies":"Jaw Worm Horde","floor":38.0,"turns":3.0},{"damage":3.0,"enemies":"Nemesis","floor":40.0,"turns":5.0},{"damage":9.0,"enemies":"4 Shapes","floor":41.0,"turns":4.0},{"damage":17.0,"enemies":"Giant Head","floor":42.0,"turns":8.0},{"damage":41.0,"enemies":"Nemesis","floor":44.0,"turns":5.0},{"damage":20.0,"enemies":"Transient","floor":46.0,"turns":5.0},{"damage":0,"enemies":"Maw","floor":48,"turns":7},{"damage":9,"enemies":"Time Eater","floor":50,"turns":6}],"seed_played":"6901790796502050575","potions_obtained":[{"floor":5.0,"key":"Strength Potion"},{"floor":6.0,"key":"CultistPotion"},{"floor":12.0,"key":"DuplicationPotion"},{"floor":16.0,"key":"LiquidMemories"},{"floor":23.0,"key":"GamblersBrew"},{"floor":30.0,"key":"GamblersBrew"},{"floor":37.0,"key":"Block Potion"},{"floor":42.0,"key":"GamblersBrew"},{"floor":46.0,"key":"AttackPotion"}],"is_trial":false,"path_per_floor":["M","?","$","M","M","E","R","M","T","?","R","E","R","?","R","B",null,"M","?","?","T","M","E","R","E","T","R","M","R","M","$","R","B",null,"M","$","M","M","?","E","M","E","T","E","?","M","R","M","R","B",null],"character_chosen":"IRONCLAD","items_purchased":["Metallicize","Heavy Blade","Second Wind","BlessingOfTheForge","LiquidMemories","Dark Shackles"],"campfire_rested":3,"item_purchase_floors":[3,31,31,31,31,31],"current_hp_per_floor":[78,77,77,75,76,69,69,73,73,61,61,57,57,62,62,71,103,87,71,71,71,74,64,64,32,32,65,68,68,51,51,84,89,113,95,95,100,103,103,110,115,109,109,80,80,74,110,124,124,117],"gold":425,"neow_bonus":"BOSS_RELIC","is_daily":false,"chose_seed":false,"campfire_upgraded":7,"win_rate":0.0,"timestamp":1608214687,"path_taken":["M","?","$","M","M","E","R","M","T","?","R","E","R","?","R","BOSS","M","?","?","?","M","E","R","E","T","R","M","R","M","$","R","BOSS","M","$","M","?","?","E","M","E","T","E","?","M","R","M","R","BOSS"],"items_purchased_type":["Card","Card","Card","Potion","Potion","Card"],"build_version":"2020-12-13","purchased_purges":2,"victory":true,"max_hp_per_floor":[83,77,77,81,84,87,87,91,91,94,94,94,94,99,99,103,103,103,103,103,103,107,110,110,110,110,110,113,113,113,113,113,113,113,113,113,116,119,113,113,120,120,120,120,120,120,120,124,124,124],"relic_stats":{"Dream Catcher":1,"counters":[25,119],"Golden Idol":182,"Bird Faced Urn":[130],"CeramicFish":36,"Snecko Eye":[95,71,102,93],"Pandora\u0027s Box":["Armaments","Warcry","Double Tap","Whirlwind","Pommel Strike","Pommel Strike","Double Tap","Feed","Feel No Pain"],"PreservedInsect":47,"Bag of Preparation":[6],"Kunai":[11],"Orichalcum":[54],"obtain_stats":[{"Potion Belt":26,"Golden Idol":2,"Nilry\u0027s Codex":19,"CeramicFish":42,"PreservedInsect":43,"Bag of Preparation":44,"Odd Mushroom":10,"Orichalcum":21,"Ancient Tea Set":6,"Burning Blood":0,"Dream Catcher":40,"HornCleat":9,"Bird Faced Urn":12,"Snecko Eye":34,"Pandora\u0027s Box":0,"Philosopher\u0027s Stone":17,"Kunai":25,"Paper Frog":23},{"Potion Belt":12,"Golden Idol":1,"Nilry\u0027s Codex":9,"CeramicFish":21,"PreservedInsect":21,"Bag of Preparation":22,"Odd Mushroom":6,"Orichalcum":9,"Ancient Tea Set":4,"Burning Blood":0,"Dream Catcher":19,"HornCleat":5,"Bird Faced Urn":7,"Snecko Eye":15,"Pandora\u0027s Box":0,"Philosopher\u0027s Stone":8,"Kunai":12,"Paper Frog":11},{"Potion Belt":49,"Golden Idol":2,"Nilry\u0027s Codex":31,"CeramicFish":96,"PreservedInsect":96,"Bag of Preparation":101,"Odd Mushroom":17,"Orichalcum":31,"Ancient Tea Set":10,"Burning Blood":0,"Dream Catcher":84,"HornCleat":14,"Bird Faced Urn":21,"Snecko Eye":69,"Pandora\u0027s Box":0,"Philosopher\u0027s Stone":28,"Kunai":49,"Paper Frog":42}]},"card_choices":[{"not_picked":["Flex","Heavy Blade","Dual Wield"],"picked":"SKIP","floor":1.0},{"not_picked":["Bloodletting","Dark Embrace"],"picked":"Clash","floor":4.0},{"not_picked":["Barricade","Anger","Clothesline"],"picked":"SKIP","floor":5.0},{"not_picked":["Intimidate","Anger","Warcry"],"picked":"SKIP","floor":6.0},{"not_picked":["Sword Boomerang","Pummel"],"picked":"Fire Breathing","floor":8.0},{"not_picked":["Evolve","Rampage"],"picked":"True Grit","floor":10.0},{"not_picked":["Flex","Rampage"],"picked":"Sentinel","floor":12.0},{"not_picked":["Feed","Juggernaut"],"picked":"Demon Form","floor":16.0},{"not_picked":["Seeing Red","Sword Boomerang"],"picked":"Ghostly Armor+1","floor":18.0},{"not_picked":["Havoc","Dropkick"],"picked":"Armaments","floor":22.0},{"not_picked":["Wild Strike+1","Combust","Spot Weakness+1"],"picked":"SKIP","floor":23.0},{"not_picked":["Wild Strike","Twin Strike"],"picked":"Cleave","floor":25.0},{"not_picked":["Blood for Blood","Heavy Blade","Perfected Strike+1"],"picked":"SKIP","floor":28.0},{"not_picked":["Inflame","Pommel Strike"],"picked":"Metallicize+1","floor":30.0},{"not_picked":["Immolate","Fiend Fire"],"picked":"Limit Break","floor":33.0},{"not_picked":["Whirlwind","Infernal Blade"],"picked":"Inflame+1","floor":35.0},{"not_picked":["Iron Wave","Burning Pact+1","Infernal Blade"],"picked":"SKIP","floor":37.0},{"not_picked":["Twin Strike+1","Anger","Clash"],"picked":"SKIP","floor":38.0},{"not_picked":["Headbutt+1","Armaments+1"],"picked":"Feel No Pain","floor":40.0},{"not_picked":["Dropkick","Anger","Armaments"],"picked":"SKIP","floor":41.0},{"not_picked":["Twin Strike+1","Combust"],"picked":"Power Through","floor":42.0},{"not_picked":["Brutality","Searing Blow+1","Anger"],"picked":"SKIP","floor":44.0},{"not_picked":["Twin Strike","True Grit+1"],"picked":"Shrug It Off","floor":46.0},{"not_picked":["Shrug It Off","Body Slam"],"picked":"Clothesline+1","floor":47.0},{"not_picked":["Clash","Iron Wave"],"picked":"Barricade","floor":48}],"player_experience":2526112,"relics_obtained":[{"floor":6.0,"key":"Ancient Tea Set"},{"floor":9.0,"key":"HornCleat"},{"floor":10.0,"key":"Odd Mushroom"},{"floor":12.0,"key":"Bird Faced Urn"},{"floor":19.0,"key":"Nilry\u0027s Codex"},{"floor":21.0,"key":"Orichalcum"},{"floor":23.0,"key":"Paper Frog"},{"floor":25.0,"key":"Kunai"},{"floor":26.0,"key":"Potion Belt"},{"floor":40.0,"key":"Dream Catcher"},{"floor":42.0,"key":"CeramicFish"},{"floor":43.0,"key":"PreservedInsect"},{"floor":44.0,"key":"Bag of Preparation"}],"event_choices":[{"damage_healed":0.0,"max_hp_gain":0.0,"max_hp_loss":6.0,"gold_gain":0.0,"event_name":"Golden Idol","player_choice":"Lose Max HP","floor":2.0,"gold_loss":0.0,"damage_taken":0.0,"relics_obtained":["Golden Idol"]},{"damage_healed":0.0,"max_hp_gain":0.0,"max_hp_loss":0.0,"gold_gain":0.0,"event_name":"Mushrooms","player_choice":"Fought Mushrooms","floor":10.0,"gold_loss":0.0,"damage_taken":0.0},{"damage_healed":0.0,"max_hp_gain":5.0,"max_hp_loss":0.0,"gold_gain":0.0,"event_name":"Big Fish","player_choice":"Donut","floor":14.0,"gold_loss":0.0,"damage_taken":0.0},{"damage_healed":0.0,"max_hp_gain":0.0,"max_hp_loss":0.0,"gold_gain":0.0,"event_name":"Cursed Tome","player_choice":"Obtained Book","floor":19.0,"gold_loss":0.0,"damage_taken":16.0},{"damage_healed":0.0,"max_hp_gain":0.0,"max_hp_loss":0.0,"gold_gain":0.0,"event_name":"Vampires","player_choice":"Ignored","floor":20.0,"gold_loss":0.0,"damage_taken":0.0},{"damage_healed":0.0,"max_hp_gain":0.0,"max_hp_loss":6.0,"gold_gain":0.0,"event_name":"Winding Halls","player_choice":"Max HP","floor":39.0,"gold_loss":0.0,"damage_taken":0.0},{"damage_healed":0.0,"max_hp_gain":0.0,"max_hp_loss":0.0,"gold_gain":0.0,"event_name":"SensoryStone","player_choice":"Memory 1","floor":45.0,"gold_loss":0.0,"damage_taken":0.0}],"is_beta":false,"boss_relics":[{"not_picked":["Runic Dome","Sozu"],"picked":"Philosopher\u0027s Stone"},{"not_picked":["Coffee Dripper","Astrolabe"],"picked":"Snecko Eye"}],"items_purged_floors":[31,36],"is_endless":false,"potions_floor_spawned":[5,6,12,16,18,23,30,37,40,42,46],"ascension_level":1}}