{"host":"lctcqud4f9t1q6q5","time":1608178322,"event":{"mods":["BaseMod","Better Vampires","Block Reminder","Colored Map","Colored Powertips","Downfall","Highlight Path","KinomotoSakuraMod(木之本樱)","Lobotomy","LobotomyExtend","Marisa（F雨　魔理沙）","Minty Spire (QoL Compilation)","Quick Restart","Reimu（博丽灵梦）","Relic Stats","Replay The Spire","RumiaBox-露米娅的神秘盒子","Shop Mod","Spicy Shops","StSLib","TestMod","The Bug Knight","Thieving Mod","WarShipGirlsR/战舰少女R mod","vexMod","【功能Mod】混沌之环修复补丁","篝火指南"],"gold_per_floor":[117,117,129,143,161,186,186,212,235,253,272,291,321,721,721,721,721],"floor_reached":16,"playtime":951,"items_purged":[],"score":201,"play_id":"59c1b66f-1af8-4ce5-8921-3727b1e99112","local_time":"20201217121202","is_ascension_mode":true,"campfire_choices":[{"floor":7.0,"key":"REST"},{"floor":15,"key":"REST"}],"circlet_count":0,"master_deck":["rmod:strick","rmod:strick","rmod:strick","rmod:defend","rmod:defend","rmod:defend","rmod:defend","rmod:basicallowance","rmod:maingunfire","expansioncontent:Chronoboost","rmod:fuelsupply","rmod:gendarmerie","rmod:robin","rmod:tearstotiara","rmod:openingtorpedo"],"relics":["rmod:firstchargereward","testmod-Temperance","LetterFromLob","Blue Candle","testmod-Antiphasic","Smiling Mask","Bag of Marbles"],"acts_visited":["Exordium"],"potions_floor_usage":[12,13,13],"damage_taken":[{"damage":13.0,"enemies":"Jaw Worm","floor":1.0,"turns":5.0},{"damage":9.0,"enemies":"Cultist","floor":3.0,"turns":5.0},{"damage":0.0,"enemies":"Small Slimes","floor":4.0,"turns":5.0},{"damage":8.0,"enemies":"Red Slaver","floor":5.0,"turns":6.0},{"damage":16.0,"enemies":"Gremlin Nob","floor":6.0,"turns":4.0},{"damage":26.0,"enemies":"3 Sentries","floor":8.0,"turns":11.0},{"damage":5.0,"enemies":"Gremlin Gang","floor":10.0,"turns":4.0},{"damage":0.0,"enemies":"Large Slime","floor":11.0,"turns":6.0},{"damage":10,"enemies":"Lots of Slimes","floor":12,"turns":6},{"damage":0,"enemies":"Replay:BlueRogue","floor":13,"turns":5},{"damage":26,"enemies":"Hexaghost","floor":16,"turns":10}],"seed_played":"3239678646994512993","potions_obtained":[{"floor":3.0,"key":"Fire Potion"},{"floor":5.0,"key":"AttackPotion"},{"floor":8.0,"key":"SteroidPotion"},{"floor":11.0,"key":"Adrenaline Potion"},{"floor":12,"key":"LifebloodPotion"}],"is_trial":false,"path_per_floor":["M","?","M","M","M","E","R","E","T","M","M","M","E","?","R","B"],"character_chosen":"PRAEFECT","items_purchased":[],"campfire_rested":2,"item_purchase_floors":[],"current_hp_per_floor":[55,55,46,46,38,22,44,18,18,13,13,3,3,3,25,0,0],"gold":721,"neow_bonus":"RANDOM_COLORLESS","is_daily":false,"chose_seed":false,"campfire_upgraded":0,"win_rate":0.0,"timestamp":1608178322,"path_taken":["M","?","M","M","M","E","R","E","T","?","M","M","E","?","R","BOSS"],"items_purchased_type":[],"build_version":"2020-12-13","purchased_purges":0,"victory":false,"max_hp_per_floor":[75,75,75,75,75,75,75,75,75,75,75,75,75,75,75,75,75],"relic_stats":{"counters":[11,67],"Blue Candle":[0],"Smiling Mask":0,"obtain_stats":[{"testmod-Antiphasic":8,"testmod-TestBox":0,"testmod-Temperance":0,"Blue Candle":6,"rmod:firstchargereward":0,"LetterFromLob":1,"Bag of Marbles":13,"Smiling Mask":9},{"testmod-Antiphasic":6,"testmod-TestBox":0,"testmod-Temperance":0,"Blue Candle":5,"rmod:firstchargereward":0,"LetterFromLob":1,"Bag of Marbles":10,"Smiling Mask":6},{"testmod-Antiphasic":36,"testmod-TestBox":0,"testmod-Temperance":0,"Blue Candle":25,"rmod:firstchargereward":0,"LetterFromLob":5,"Bag of Marbles":57,"Smiling Mask":36}]},"card_choices":[{"not_picked":["Good Instincts","Replay:Parry"],"picked":"expansioncontent:Chronoboost","floor":0.0},{"not_picked":["rmod:victimresponsibility","rmod:expedition"],"picked":"rmod:fuelsupply","floor":1.0},{"not_picked":["rmod:circuitoustactics","rmod:aviationdawn"],"picked":"rmod:gendarmerie","floor":3.0},{"not_picked":["rmod:guardianhero","rmod:fletcherpendant","rmod:windflower"],"picked":"SKIP","floor":4.0},{"not_picked":["rmod:luckystar","rmod:victimresponsibility","rmod:wolves"],"picked":"SKIP","floor":5.0},{"not_picked":["rmod:guardianhero","rmod:fletcherpendant","rmod:aviationdawn"],"picked":"SKIP","floor":6.0},{"not_picked":["rmod:unsinkable","rmod:steelsupply"],"picked":"rmod:robin","floor":8.0},{"not_picked":["rmod:fletcherpendant","rmod:intelligenceanalysis"],"picked":"rmod:tearstotiara","floor":10.0},{"not_picked":["rmod:fuelsupply","rmod:luckystar","rmod:goodsister"],"picked":"SKIP","floor":11.0},{"not_picked":["rmod:intelligenceanalysis","rmod:tearstotiara"],"picked":"rmod:openingtorpedo","floor":12},{"not_picked":["rmod:victimresponsibility","rmod:acesubmarine","rmod:aluminumsupply"],"picked":"SKIP","floor":13}],"player_experience":342102,"relics_obtained":[{"floor":1.0,"key":"LetterFromLob"},{"floor":6.0,"key":"Blue Candle"},{"floor":8.0,"key":"testmod-Antiphasic"},{"floor":9.0,"key":"Smiling Mask"},{"floor":13,"key":"Bag of Marbles"}],"event_choices":[{"damage_healed":0.0,"max_hp_gain":0.0,"max_hp_loss":0.0,"gold_gain":0.0,"event_name":"Wheel of Change","player_choice":"Cursed","floor":2.0,"gold_loss":0.0,"damage_taken":0.0,"cards_obtained":["Decay"]},{"damage_healed":0,"gold_gain":400,"player_choice":"Sell","damage_taken":0,"max_hp_gain":0,"max_hp_loss":0,"event_name":"恩洛斯的盘子","floor":14,"relics_lost":["testmod-TestBox"],"gold_loss":0}],"is_beta":false,"boss_relics":[],"items_purged_floors":[],"is_endless":false,"potions_floor_spawned":[3,5,8,11,12],"killed_by":"Hexaghost","ascension_level":7}}