{"host":"l4jj3li0klahglqo","time":1608166705,"event":{"mods":["BaseMod","Conspire","Hubris","Infinite Spire","Marisa????????","Minty Spire (QoL Compilation)","Quick Restart","Replay The Spire","Shop Mod","StSLib","The Animator"],"gold_per_floor":[111,126,126,146,146,146,163,189,189,6,6,6,6,44,44,168,168,186,285,285,299,299,339,339,374,374,374,374],"floor_reached":27,"playtime":1237,"items_purged":["Strike_G","Strike_G"],"score":367,"play_id":"1497e71f-03ad-42f7-a43e-8803d241a227","local_time":"20201216185825","is_ascension_mode":true,"campfire_choices":[{"data":"infinitespire:Gouge","floor":6.0,"key":"SMITH"},{"floor":11.0,"key":"REST"},{"floor":15.0,"key":"REST"},{"data":"A Thousand Cuts","floor":24,"key":"SMITH"}],"circlet_count":0,"master_deck":["Strike_G+1","Strike_G","Strike_G","Defend_G","Defend_G","Defend_G","Defend_G","Defend_G","Survivor","Neutralize","Blur","Deadly Poison","PiercingWail","infinitespire:Gouge+1","Heel Hook","Leg Sweep","ReplayTheSpireMod:From All Sides+1","Poisoned Stab","Poison Darts","Heel Hook+1","Outmaneuver","Replay:Sluggish","hubris:MerchantsHand","A Thousand Cuts+1","Dramatic Entrance+1","infinitespire:Execution","Leg Sweep","Poisoned Stab"],"relics":["Ring of the Snake","infinitespire:FocusingShard","Turnip","Golden Idol","infinitespire:CursedDice","Letter Opener","SacredBark","MutagenicStrength","Gremlin Horn","ReplayTheSpireMod:SealedPack","Whetstone","Blue Doll","Mummified Hand"],"acts_visited":["Exordium","TheCity"],"potions_floor_usage":[23,25],"damage_taken":[{"damage":0.0,"enemies":"Cultist","floor":1.0,"turns":4.0},{"damage":0.0,"enemies":"Small Slimes","floor":2.0,"turns":5.0},{"damage":2.0,"enemies":"2 Louse","floor":4.0,"turns":3.0},{"damage":0.0,"enemies":"Blue Slaver","floor":7.0,"turns":4.0},{"damage":24.0,"enemies":"Gremlin Nob","floor":8.0,"turns":5.0},{"damage":11.0,"enemies":"Lagavulin","floor":14.0,"turns":6.0},{"damage":17.0,"enemies":"The Guardian","floor":16.0,"turns":10.0},{"damage":6.0,"enemies":"3 Byrds","floor":18.0,"turns":5.0},{"damage":12.0,"enemies":"Spheric Guardian","floor":21.0,"turns":4.0},{"damage":0,"enemies":"Slavers","floor":23,"turns":1},{"damage":56,"enemies":"Book of Stabbing","floor":25,"turns":6},{"damage":13,"enemies":"Nightmare","floor":27,"turns":8}],"seed_played":"5716741639570813423","potions_obtained":[{"floor":4.0,"key":"Reflective Coating"},{"floor":8.0,"key":"LiquidMemories"},{"floor":14.0,"key":"SteroidPotion"},{"floor":21.0,"key":"Regen Potion"}],"is_trial":false,"path_per_floor":["M","M","?","M","?","R","M","E","T","$","R","?","T","E","R","B",null,"M","?","?","M","AVR","E","R","E","T","NM"],"character_chosen":"THE_SILENT","items_purchased":["ReplayTheSpireMod:From All Sides+1"],"campfire_rested":2,"item_purchase_floors":[10],"current_hp_per_floor":[59,59,59,57,35,35,35,11,11,11,36,15,15,4,29,12,66,60,60,60,48,48,48,48,11,11,0,0],"gold":374,"neow_bonus":"TWENTY_PERCENT_HP_BONUS","is_daily":false,"chose_seed":false,"campfire_upgraded":2,"win_rate":0.0,"timestamp":1608166705,"path_taken":["M","M","?","M","?","R","M","E","T","$","R","?","?","E","R","BOSS","M","?","?","M","AVR","E","R","E","T","NM"],"items_purchased_type":["Card"],"build_version":"2020-12-13","purchased_purges":2,"victory":false,"max_hp_per_floor":[84,84,84,84,84,84,84,84,84,84,84,84,84,84,84,84,84,84,84,84,84,84,84,84,84,84,84,84],"card_choices":[{"not_picked":["Hidden Blade","Backflip"],"picked":"Blur","floor":1.0},{"not_picked":["Prepared","Dodge and Roll"],"picked":"Deadly Poison","floor":2.0},{"not_picked":["Quick Slash","Wraith Form v2"],"picked":"PiercingWail","floor":4.0},{"not_picked":["ReplayTheSpireMod:Haul","ReplayTheSpireMod:??????????????????????"],"picked":"infinitespire:Gouge","floor":5.0},{"not_picked":["Blade Dance","Accuracy"],"picked":"Heel Hook","floor":7.0},{"not_picked":["hubris:Sniper","Deflect"],"picked":"Leg Sweep","floor":8.0},{"not_picked":["Finisher","Bullet Time"],"picked":"Poisoned Stab","floor":14.0},{"not_picked":["Venomology","Storm of Steel"],"picked":"Poison Darts","floor":16.0},{"not_picked":["Deadly Poison","Hidden Blade"],"picked":"Heel Hook+1","floor":18.0},{"not_picked":["Eviscerate","Bane"],"picked":"Outmaneuver","floor":21.0},{"not_picked":["Zap","Survivor"],"picked":"hubris:MerchantsHand","floor":22.0},{"not_picked":["Grand Finale","Glass Knife"],"picked":"A Thousand Cuts","floor":22.0},{"not_picked":["PanicButton","Flash of Steel"],"picked":"Dramatic Entrance","floor":22.0},{"not_picked":["infinitespire:Fortify","infinitespire:Collect"],"picked":"infinitespire:Execution","floor":22.0},{"not_picked":["Prepared","Well Laid Plans"],"picked":"Leg Sweep","floor":23},{"not_picked":["Prepared","Skewer"],"picked":"Poisoned Stab","floor":25}],"player_experience":1190881,"relics_obtained":[{"floor":3.0,"key":"infinitespire:FocusingShard"},{"floor":8.0,"key":"Turnip"},{"floor":13.0,"key":"infinitespire:CursedDice"},{"floor":14.0,"key":"Letter Opener"},{"floor":23,"key":"Whetstone"},{"floor":25,"key":"Blue Doll"},{"floor":26,"key":"Mummified Hand"}],"event_choices":[{"damage_healed":0.0,"max_hp_gain":0.0,"max_hp_loss":0.0,"gold_gain":0.0,"event_name":"Golden Idol","player_choice":"Take Damage","floor":12.0,"gold_loss":0.0,"damage_taken":21.0,"relics_obtained":["Golden Idol"]},{"damage_healed":0.0,"max_hp_gain":0.0,"max_hp_loss":0.0,"gold_gain":99.0,"event_name":"Nest","player_choice":"Stole From Cult","floor":19.0,"gold_loss":0.0,"damage_taken":0.0},{"damage_healed":0.0,"max_hp_gain":0.0,"max_hp_loss":0.0,"gold_gain":0.0,"event_name":"Drug Dealer","player_choice":"Inject Mutagens","floor":20.0,"gold_loss":0.0,"damage_taken":0.0,"relics_obtained":["MutagenicStrength"]}],"is_beta":false,"boss_relics":[{"not_picked":["SlaversCollar","conspire:SlowCooker"],"picked":"SacredBark"}],"items_purged_floors":[10,22],"is_endless":false,"potions_floor_spawned":[4,8,14,21],"killed_by":"Nightmare","ascension_level":6}}