{"host":"e4hse1vg61zltgzv","time":1608214412,"event":{"mods":["AchievementEnabler","BaseMod","Block Reminder","Colored Map","DeckTracker","GifTheSpireLib","Minty Spire (QoL Compilation)","Rare Cards Sparkle","StSLib","SuperFastMode","everything is the same but u backflip on backflip"],"gold_per_floor":[118,43,43,62,62,89,106,106,106,123,150,150,150,165,165,244,244,256,79,113,38,56,56,56,56,56,56,69,79,104,124,124,203,203,217,217,167,181,181,207,222,262,262,274,224,224,239,259,259,259,259],"floor_reached":52,"playtime":1397,"items_purged":["Defend_P","Strike_P","Strike_P","EmptyFist"],"score":2364,"play_id":"4c2efe46-08f5-4a9b-8b17-31176df24b3a","local_time":"20201217231332","is_ascension_mode":true,"campfire_choices":[{"data":"Eruption","floor":8.0,"key":"SMITH"},{"data":"Meditate","floor":12.0,"key":"SMITH"},{"data":"Halt","floor":15.0,"key":"SMITH"},{"data":"Adaptation","floor":23.0,"key":"SMITH"},{"data":"Establishment","floor":27.0,"key":"SMITH"},{"data":"FearNoEvil","floor":32.0,"key":"SMITH"},{"data":"Scrawl","floor":46,"key":"SMITH"},{"data":"Tantrum","floor":49,"key":"SMITH"}],"circlet_count":0,"master_deck":["AscendersBane","Eruption+1","Vigilance","Halt+1","Meditate+1","FearNoEvil+1","Establishment+1","Adaptation+1","TalkToTheHand","Tantrum+1","Scrawl+1"],"relics":["Runic Pyramid","Pantograph","Ornamental Fan","Odd Mushroom","Empty Cage","Red Mask","Smiling Mask","Ginger","Black Star","Prayer Wheel","Happy Flower","TeardropLocket","CeramicFish","Bottled Lightning"],"acts_visited":["Exordium","TheCity","TheBeyond"],"potions_floor_usage":[38,42,51,51],"damage_taken":[{"damage":0.0,"enemies":"Jaw Worm","floor":1.0,"turns":3.0},{"damage":0.0,"enemies":"Cultist","floor":4.0,"turns":3.0},{"damage":25.0,"enemies":"3 Sentries","floor":6.0,"turns":7.0},{"damage":0.0,"enemies":"Small Slimes","floor":7.0,"turns":2.0},{"damage":0.0,"enemies":"3 Louse","floor":10.0,"turns":3.0},{"damage":4.0,"enemies":"The Mushroom Lair","floor":11.0,"turns":4.0},{"damage":0.0,"enemies":"Large Slime","floor":14.0,"turns":2.0},{"damage":30.0,"enemies":"Hexaghost","floor":16.0,"turns":8.0},{"damage":5.0,"enemies":"Shell Parasite","floor":18.0,"turns":4.0},{"damage":18.0,"enemies":"Masked Bandits","floor":20.0,"turns":4.0},{"damage":0.0,"enemies":"Chosen","floor":22.0,"turns":2.0},{"damage":0.0,"enemies":"3 Cultists","floor":28.0,"turns":2.0},{"damage":0.0,"enemies":"Snake Plant","floor":29.0,"turns":2.0},{"damage":7.0,"enemies":"Gremlin Leader","floor":30.0,"turns":3.0},{"damage":0.0,"enemies":"Chosen and Byrds","floor":31.0,"turns":3.0},{"damage":0.0,"enemies":"Collector","floor":33.0,"turns":4.0},{"damage":19.0,"enemies":"3 Darklings","floor":35.0,"turns":4.0},{"damage":0,"enemies":"3 Shapes","floor":38,"turns":5},{"damage":1,"enemies":"Giant Head","floor":40,"turns":3},{"damage":5,"enemies":"3 Darklings","floor":41,"turns":2},{"damage":7,"enemies":"Nemesis","floor":42,"turns":3},{"damage":0,"enemies":"Spire Growth","floor":44,"turns":2},{"damage":0,"enemies":"Sphere and 2 Shapes","floor":47,"turns":2},{"damage":0,"enemies":"Jaw Worm Horde","floor":48,"turns":1},{"damage":0,"enemies":"Donu and Deca","floor":50,"turns":2},{"damage":0,"enemies":"Time Eater","floor":51,"turns":2}],"seed_played":"-5414694661988111317","potions_obtained":[{"floor":4.0,"key":"Energy Potion"},{"floor":6.0,"key":"Energy Potion"},{"floor":16.0,"key":"Strength Potion"},{"floor":18.0,"key":"BottledMiracle"},{"floor":28.0,"key":"SkillPotion"},{"floor":29.0,"key":"FearPotion"},{"floor":31.0,"key":"Explosive Potion"},{"floor":33.0,"key":"CultistPotion"},{"floor":35.0,"key":"AttackPotion"},{"floor":41,"key":"DistilledChaos"},{"floor":44,"key":"Strength Potion"}],"is_trial":false,"path_per_floor":["M","$","?","M","?","E","M","R","T","M","?","R","?","M","R","B",null,"M","$","?","?","M","R","?","$","T","R","M","M","E","M","R","B",null,"M","?","$","M","?","E","M","E","T","M","$","R","M","M","R","B","B",null],"character_chosen":"WATCHER","items_purchased":["Adaptation"],"campfire_rested":0,"item_purchase_floors":[19],"current_hp_per_floor":[61,61,61,61,54,29,29,29,29,29,25,25,25,25,25,20,56,51,51,33,33,33,33,33,33,33,33,33,33,26,26,26,51,64,45,45,45,45,35,34,29,22,22,22,22,22,22,22,22,47,68],"gold":259,"neow_bonus":"BOSS_RELIC","is_daily":false,"chose_seed":false,"campfire_upgraded":8,"win_rate":0.0,"timestamp":1608214412,"path_taken":["M","$","?","?","?","E","M","R","T","M","?","R","?","M","R","BOSS","M","$","?","?","M","R","?","?","T","R","?","M","E","M","R","BOSS","M","?","$","M","?","E","M","E","T","M","$","R","M","M","R","BOSS","BOSS"],"items_purchased_type":["Card"],"build_version":"2020-12-13","purchased_purges":4,"victory":true,"max_hp_per_floor":[68,68,68,68,68,68,68,68,68,68,68,68,68,68,68,68,68,68,68,68,68,68,68,68,68,68,68,68,68,68,68,68,68,68,68,68,68,68,68,68,68,68,68,68,68,68,68,68,68,68,68],"card_choices":[{"not_picked":["FlyingSleeves","ClearTheMind","WindmillStrike"],"picked":"SKIP","floor":1.0},{"not_picked":["BowlingBash","Halt"],"picked":"Meditate","floor":4.0},{"not_picked":["Devotion","BattleHymn","Perseverance"],"picked":"SKIP","floor":6.0},{"not_picked":["Evaluate","WreathOfFlame"],"picked":"EmptyFist","floor":7.0},{"not_picked":["ClearTheMind","JustLucky","SashWhip"],"picked":"SKIP","floor":10.0},{"not_picked":["Study","SignatureMove"],"picked":"FearNoEvil","floor":11.0},{"not_picked":["LikeWater","Halt","WaveOfTheHand"],"picked":"SKIP","floor":14.0},{"not_picked":["Blasphemy","Ragnarok"],"picked":"Establishment","floor":16.0},{"not_picked":["Halt","Wireheading","Pray"],"picked":"SKIP","floor":18.0},{"not_picked":["ThirdEye","FlurryOfBlows+1","Conclude"],"picked":"SKIP","floor":22.0},{"not_picked":["ThirdEye","FlurryOfBlows+1","Conclude"],"picked":"SKIP","floor":22.0},{"not_picked":["CrushJoints","ThirdEye","FlyingSleeves"],"picked":"SKIP","floor":28.0},{"not_picked":["Evaluate","FlurryOfBlows"],"picked":"TalkToTheHand","floor":29.0},{"not_picked":["WheelKick","SashWhip","Blasphemy"],"picked":"SKIP","floor":30.0},{"not_picked":["Prostrate+1","Meditate","Weave"],"picked":"SKIP","floor":31.0},{"not_picked":["FlurryOfBlows","Swivel","Fasting2"],"picked":"SKIP","floor":35.0},{"not_picked":["TalkToTheHand","Halt","EmptyBody"],"picked":"SKIP","floor":38},{"not_picked":["EmptyFist+1","JustLucky+1","Meditate"],"picked":"SKIP","floor":40},{"not_picked":["BowlingBash","ThirdEye"],"picked":"Tantrum","floor":41},{"not_picked":["Consecrate+1","Adaptation","SashWhip"],"picked":"SKIP","floor":41},{"not_picked":["PathToVictory","EmptyFist"],"picked":"Scrawl","floor":42},{"not_picked":["CutThroughFate","BattleHymn","CrushJoints"],"picked":"SKIP","floor":44},{"not_picked":["Fasting2","PathToVictory+1","JustLucky"],"picked":"SKIP","floor":44},{"not_picked":["Swivel","Tantrum","Crescendo+1"],"picked":"SKIP","floor":47},{"not_picked":["FollowUp","ThirdEye","Protect"],"picked":"SKIP","floor":47},{"not_picked":["Prostrate","BowlingBash+1","Protect+1"],"picked":"SKIP","floor":48},{"not_picked":["EmptyFist","Halt","CutThroughFate"],"picked":"SKIP","floor":48}],"player_experience":745146,"relics_obtained":[{"floor":6.0,"key":"Pantograph"},{"floor":9.0,"key":"Ornamental Fan"},{"floor":11.0,"key":"Odd Mushroom"},{"floor":20.0,"key":"Red Mask"},{"floor":26.0,"key":"Smiling Mask"},{"floor":30.0,"key":"Ginger"},{"floor":40,"key":"Prayer Wheel"},{"floor":40,"key":"Happy Flower"},{"floor":42,"key":"TeardropLocket"},{"floor":42,"key":"CeramicFish"},{"floor":43,"key":"Bottled Lightning"}],"event_choices":[{"damage_healed":0.0,"max_hp_gain":0.0,"max_hp_loss":0.0,"gold_gain":0.0,"cards_transformed":["Strike_P"],"event_name":"Transmorgrifier","player_choice":"Transformed","floor":3.0,"gold_loss":0.0,"damage_taken":0.0,"cards_obtained":["Halt"]},{"cards_removed":["Defend_P"],"damage_healed":0.0,"max_hp_gain":0.0,"max_hp_loss":0.0,"gold_gain":0.0,"event_name":"Golden Wing","player_choice":"Card Removal","floor":5.0,"gold_loss":0.0,"damage_taken":7.0},{"damage_healed":0.0,"max_hp_gain":0.0,"max_hp_loss":0.0,"gold_gain":0.0,"event_name":"Mushrooms","player_choice":"Fought Mushrooms","floor":11.0,"gold_loss":0.0,"damage_taken":0.0},{"damage_healed":0.0,"max_hp_gain":0.0,"max_hp_loss":0.0,"gold_gain":0.0,"event_name":"Liars Game","player_choice":"Ignored","floor":13.0,"gold_loss":0.0,"damage_taken":0.0},{"damage_healed":0.0,"max_hp_gain":0.0,"max_hp_loss":0.0,"gold_gain":0.0,"event_name":"Masked Bandits","player_choice":"Fought Bandits","floor":20.0,"gold_loss":0.0,"damage_taken":0.0},{"cards_removed":["Defend_P"],"damage_healed":0.0,"max_hp_gain":0.0,"max_hp_loss":0.0,"gold_gain":0.0,"event_name":"Beggar","player_choice":"Gave Gold","floor":21.0,"gold_loss":75.0,"damage_taken":0.0},{"damage_healed":0.0,"max_hp_gain":0.0,"max_hp_loss":0.0,"gold_gain":0.0,"event_name":"Vampires","player_choice":"Ignored","floor":24.0,"gold_loss":0.0,"damage_taken":0.0},{"damage_healed":0,"gold_gain":0,"player_choice":"Ignored","damage_taken":0,"max_hp_gain":0,"max_hp_loss":0,"event_name":"Mysterious Sphere","floor":36,"gold_loss":0},{"damage_healed":0,"gold_gain":0,"player_choice":"Memory 3","damage_taken":10,"max_hp_gain":0,"max_hp_loss":0,"event_name":"SensoryStone","floor":39,"gold_loss":0}],"is_beta":false,"boss_relics":[{"not_picked":["Snecko Eye","Calling Bell"],"picked":"Empty Cage"},{"not_picked":["Fusion Hammer","Astrolabe"],"picked":"Black Star"}],"items_purged_floors":[2,19,37,45],"is_endless":false,"potions_floor_spawned":[4,6,16,18,28,29,31,33,35,41,44],"ascension_level":20}}