{"host":"ormi09wwzv7sq47a","time":1608245903,"event":{"mods":["2.2 Compatiblity","AchievementEnabler","Act Like it!","BaseMod","Bestiary","Better Note","Better Sensory Stone","Better Skull","Better Vampires","Colored Map","Colored Powertips","Curses Come First","DeckTracker","Downfall","Highlight Path","Minty Spire (QoL Compilation)","Permanent Neow","Quick Restart","Rare Cards Sparkle","Relic Stats","Shop Mod","StSLib","The Jungle"],"gold_per_floor":[112,112,37,112,130,163,163,187,211,44,44,44,44,64,64,158,158,171,195,195,195,207,207,207,207],"floor_reached":24,"playtime":611,"items_purged":["Strike_B","Strike_B"],"score":383,"play_id":"b7a40f42-12fc-49a5-a027-a5373bb23aa9","local_time":"20201217205823","is_ascension_mode":true,"campfire_choices":[{"data":"Defragment","floor":7.0,"key":"SMITH"},{"data":"Sunder","floor":13.0,"key":"SMITH"},{"data":"Defragment","floor":15.0,"key":"SMITH"},{"data":"Doom and Gloom","floor":23,"key":"SMITH"}],"circlet_count":0,"master_deck":["AscendersBane","Strike_B","Strike_B","Defend_B","Defend_B","Defend_B","Defend_B","Zap","Dualcast","Undo","Steam","Defragment+1","Defragment+1","Sunder+1","Sweeping Beam","Creative AI","Capacitor","Recycle+1","Doom and Gloom+1"],"relics":["Cracked Core","NeowsBlessing","Bloody Idol","MealTicket","Blood Vial","Velvet Choker"],"acts_visited":["Exordium","TheCity"],"potions_floor_usage":[22,24],"damage_taken":[{"damage":0.0,"enemies":"Small Slimes","floor":1.0,"turns":1.0},{"damage":0.0,"enemies":"Jaw Worm","floor":5.0,"turns":1.0},{"damage":0.0,"enemies":"Gremlin Nob","floor":6.0,"turns":1.0},{"damage":1.0,"enemies":"Cultist","floor":8.0,"turns":3.0},{"damage":0.0,"enemies":"Exordium Wildlife","floor":14.0,"turns":3.0},{"damage":31.0,"enemies":"The Guardian","floor":16.0,"turns":10.0},{"damage":0.0,"enemies":"Spheric Guardian","floor":18.0,"turns":3.0},{"damage":25.0,"enemies":"Chosen","floor":19.0,"turns":5.0},{"damage":10,"enemies":"Snake Plant","floor":22,"turns":4},{"damage":66,"enemies":"Gremlin Leader","floor":24,"turns":4}],"seed_played":"-7885519900340791251","potions_obtained":[{"floor":6.0,"key":"EssenceOfSteel"},{"floor":16.0,"key":"Dexterity Potion"},{"floor":19.0,"key":"FocusPotion"}],"is_trial":false,"path_per_floor":["M","?","$","?","M","E","R","M","T","$","$","?","R","M","R","B",null,"M","M","?","?","M","R","E"],"character_chosen":"DEFECT","items_purchased":["Sunder"],"campfire_rested":0,"item_purchase_floors":[10],"current_hp_per_floor":[64,64,64,53,53,53,53,52,52,64,64,69,69,69,69,38,61,63,40,40,54,51,51,0,0],"gold":207,"neow_bonus":"THREE_ENEMY_KILL","is_daily":false,"chose_seed":false,"campfire_upgraded":4,"win_rate":0.0,"timestamp":1608245903,"path_taken":["M","?","$","?","?","E","R","M","T","?","$","?","R","M","R","BOSS","M","M","?","?","M","R","E"],"items_purchased_type":["Card"],"build_version":"2020-12-13","purchased_purges":2,"victory":false,"max_hp_per_floor":[71,64,64,64,64,64,64,64,64,64,64,69,69,69,69,69,69,69,69,69,69,69,69,69,69],"relic_stats":{"Blood Vial":8,"counters":[10,35],"Bloody Idol":5,"MealTicket":12,"obtain_stats":[{"Blood Vial":9,"NeowsBlessing":0,"Golden Idol":2,"Bloody Idol":20,"Velvet Choker":17,"MealTicket":6,"Cracked Core":0},{"Blood Vial":4,"NeowsBlessing":0,"Golden Idol":1,"Bloody Idol":8,"Velvet Choker":6,"MealTicket":3,"Cracked Core":0},{"Blood Vial":6,"NeowsBlessing":0,"Golden Idol":1,"Bloody Idol":27,"Velvet Choker":19,"MealTicket":3,"Cracked Core":0}]},"card_choices":[{"not_picked":["Redo","Turbo"],"picked":"Undo","floor":1.0},{"not_picked":["Barrage","Leap"],"picked":"Steam","floor":5.0},{"not_picked":["Steam","Undo"],"picked":"Defragment","floor":6.0},{"not_picked":["Conserve Battery","Ball Lightning"],"picked":"Defragment","floor":8.0},{"not_picked":["Conserve Battery","Stack"],"picked":"Sweeping Beam","floor":14.0},{"not_picked":["Multi-Cast","Fission"],"picked":"Creative AI","floor":16.0},{"not_picked":["Darkness","Double Energy"],"picked":"Capacitor","floor":18.0},{"not_picked":["Barrage","Coolheaded"],"picked":"Recycle+1","floor":19.0},{"not_picked":["Rebound","Cold Snap"],"picked":"Doom and Gloom","floor":22}],"player_experience":705661,"relics_obtained":[{"floor":6.0,"key":"MealTicket"},{"floor":9.0,"key":"Blood Vial"}],"event_choices":[{"damage_healed":0.0,"max_hp_gain":0.0,"max_hp_loss":7.0,"gold_gain":0.0,"event_name":"Golden Idol","player_choice":"Lose Max HP","floor":2.0,"gold_loss":0.0,"damage_taken":0.0,"relics_obtained":["Golden Idol"]},{"damage_healed":0.0,"max_hp_gain":0.0,"max_hp_loss":0.0,"gold_gain":75.0,"event_name":"World of Goop","player_choice":"Gather Gold","floor":4.0,"gold_loss":0.0,"damage_taken":11.0},{"damage_healed":0.0,"max_hp_gain":5.0,"max_hp_loss":0.0,"gold_gain":0.0,"event_name":"Big Fish","player_choice":"Donut","floor":12.0,"gold_loss":0.0,"damage_taken":0.0},{"damage_healed":0.0,"max_hp_gain":0.0,"max_hp_loss":0.0,"gold_gain":0.0,"event_name":"Forgotten Altar","player_choice":"Gave Idol","floor":20.0,"relics_lost":["Golden Idol"],"gold_loss":0.0,"damage_taken":0.0,"relics_obtained":["Bloody Idol"]},{"damage_healed":14.0,"max_hp_gain":0.0,"max_hp_loss":0.0,"gold_gain":0.0,"event_name":"The Library","player_choice":"Heal","floor":21.0,"gold_loss":0.0,"damage_taken":0.0}],"is_beta":false,"boss_relics":[{"not_picked":["Ectoplasm","FrozenCore"],"picked":"Velvet Choker"}],"items_purged_floors":[3,10],"is_endless":false,"potions_floor_spawned":[6,16,19],"killed_by":"Gremlin Leader","ascension_level":15}}