{"host":"oz21etxqo4yojsq8","time":1608172346,"event":{"mods":["BaseMod","Colored Map","Colored Powertips","Minty Spire (QoL Compilation)","StSLib","SuperFastMode"],"gold_per_floor":[115,69,80,94,114,143,143,143,191,208,208,227,227,243,243,320,320,336,336,336,336,351,351,351,351],"floor_reached":24,"playtime":825,"items_purged":[],"score":347,"play_id":"d34cf8f7-c077-493e-9b9a-caa42137ff96","local_time":"20201217113226","is_ascension_mode":true,"campfire_choices":[{"data":"Armaments","floor":11,"key":"SMITH"},{"floor":13,"key":"REST"},{"data":"Searing Blow+1","floor":15,"key":"SMITH"},{"data":"Searing Blow+2","floor":23,"key":"SMITH"}],"circlet_count":0,"master_deck":["AscendersBane","Strike_R","Strike_R","Strike_R","Strike_R","Defend_R","Defend_R","Defend_R","Defend_R","Bash","Armaments+1","Ghostly Armor","Shrug It Off","Shrug It Off","Bloodletting","Perfected Strike+1","Searing Blow+3","Juggernaut","Clash+1"],"relics":["Burning Blood","Oddly Smooth Stone","Molten Egg 2","Art of War","Philosopher\u0027s Stone"],"acts_visited":["Exordium","TheCity"],"potions_floor_usage":[6,16,16,18],"damage_taken":[{"damage":0,"enemies":"Cultist","floor":1,"turns":3},{"damage":2,"enemies":"Jaw Worm","floor":3,"turns":5},{"damage":0,"enemies":"2 Louse","floor":4,"turns":3},{"damage":20,"enemies":"Red Slaver","floor":5,"turns":5},{"damage":43,"enemies":"3 Sentries","floor":6,"turns":15},{"damage":10,"enemies":"Looter","floor":10,"turns":4},{"damage":0,"enemies":"Blue Slaver","floor":12,"turns":6},{"damage":11,"enemies":"Exordium Wildlife","floor":14,"turns":6},{"damage":28,"enemies":"Hexaghost","floor":16,"turns":13},{"damage":13,"enemies":"Shell Parasite","floor":18,"turns":5},{"damage":9,"enemies":"Spheric Guardian","floor":22,"turns":3},{"damage":30,"enemies":"Shelled Parasite and Fungi","floor":24,"turns":5}],"seed_played":"-8002843085663980092","potions_obtained":[{"floor":3,"key":"Regen Potion"},{"floor":6,"key":"EssenceOfSteel"},{"floor":10,"key":"DistilledChaos"},{"floor":12,"key":"SkillPotion"},{"floor":18,"key":"Fruit Juice"}],"is_trial":false,"path_per_floor":["M","$","M","M","M","E","?","?","T","M","R","M","R","M","R","B",null,"M","?","?","?","M","R","M"],"character_chosen":"IRONCLAD","items_purchased":["Armaments"],"campfire_rested":1,"item_purchase_floors":[2],"current_hp_per_floor":[74,74,75,75,61,39,39,39,39,35,35,41,63,58,58,36,65,63,40,40,40,37,37,7,7],"gold":351,"neow_bonus":"RANDOM_COMMON_RELIC","is_daily":false,"chose_seed":false,"campfire_upgraded":3,"win_rate":0.0,"timestamp":1608172346,"path_taken":["M","$","?","M","M","E","?","?","T","?","R","M","R","M","R","BOSS","M","?","?","?","?","R","M"],"items_purchased_type":["Card"],"build_version":"2020-12-13","purchased_purges":0,"victory":false,"max_hp_per_floor":[75,75,75,75,75,75,75,75,75,75,75,75,75,75,75,75,75,80,85,85,85,85,85,85,85],"card_choices":[{"not_picked":["Twin Strike","Dropkick","Whirlwind"],"picked":"SKIP","floor":1},{"not_picked":["Disarm","Seeing Red"],"picked":"Ghostly Armor","floor":3},{"not_picked":["Burning Pact","Warcry"],"picked":"Shrug It Off","floor":4},{"not_picked":["Sword Boomerang","Flex"],"picked":"Shrug It Off","floor":5},{"not_picked":["Sever Soul+1","Whirlwind+1"],"picked":"Bloodletting","floor":6},{"not_picked":["Flex","Pummel+1","Armaments"],"picked":"SKIP","floor":10},{"not_picked":["Sentinel","Disarm","Thunderclap+1"],"picked":"SKIP","floor":12},{"not_picked":["Twin Strike+1","Headbutt+1"],"picked":"Searing Blow+1","floor":14},{"not_picked":["Bludgeon+1","Reaper+1"],"picked":"Juggernaut","floor":16},{"not_picked":["Sword Boomerang+1","Havoc","Iron Wave+1"],"picked":"SKIP","floor":18},{"not_picked":["Clothesline+1","Havoc"],"picked":"Clash+1","floor":22}],"player_experience":340081,"relics_obtained":[{"floor":6,"key":"Molten Egg 2"},{"floor":9,"key":"Art of War"}],"event_choices":[{"damage_healed":0,"gold_gain":0,"player_choice":"Ignored","damage_taken":0,"max_hp_gain":0,"max_hp_loss":0,"event_name":"Shining Light","floor":7,"gold_loss":0},{"damage_healed":0,"gold_gain":0,"cards_transformed":["Strike_R"],"player_choice":"Transformed","damage_taken":0,"max_hp_gain":0,"max_hp_loss":0,"event_name":"Transmorgrifier","floor":8,"gold_loss":0,"cards_obtained":["Perfected Strike"]},{"damage_healed":0,"gold_gain":0,"player_choice":"Shed Blood","damage_taken":28,"max_hp_gain":5,"max_hp_loss":0,"event_name":"Forgotten Altar","floor":19,"gold_loss":0},{"damage_healed":0,"gold_gain":0,"player_choice":"Ignored","damage_taken":0,"max_hp_gain":0,"max_hp_loss":0,"event_name":"Ghosts","floor":20,"gold_loss":0},{"damage_healed":0,"gold_gain":0,"player_choice":"Ignored","damage_taken":0,"max_hp_gain":0,"max_hp_loss":0,"event_name":"Vampires","floor":21,"gold_loss":0}],"is_beta":false,"boss_relics":[{"not_picked":["Tiny House","Black Star"],"picked":"Philosopher\u0027s Stone"}],"items_purged_floors":[],"is_endless":false,"potions_floor_spawned":[3,6,10,12,18],"killed_by":"Shelled Parasite and Fungi","ascension_level":15}}