{"host":"7dtjrvqh4jncvsue","time":1608173708,"event":{"mods":["AchievementEnabler","BaseMod","Colored Map","Colored Powertips","Highlight Path","Minty Spire (QoL Compilation)"],"gold_per_floor":[117,117,117,135,12,12,26,26,26,57,57,57,57,83,83,183,183,193,193,93,110,120,147,147,147],"floor_reached":24,"playtime":1508,"items_purged":["Strike_R","Shame"],"score":255,"play_id":"d4d38fc5-4698-4d58-b131-d8b78b222428","local_time":"20201216215508","is_ascension_mode":true,"campfire_choices":[{"data":"Defend_R","floor":6,"key":"SMITH"},{"data":"Defend_R","floor":8,"key":"SMITH"},{"data":"Bludgeon","floor":12,"key":"SMITH"},{"data":"Defend_R","floor":15,"key":"SMITH"}],"circlet_count":0,"master_deck":["Strike_R+1","Strike_R+1","Strike_R","Defend_R+1","Defend_R+1","Defend_R+1","Defend_R","Bash","Clothesline","Bludgeon+1","Demon Form","Clumsy","Berserk+1","Ghostly Armor+1","Berserk"],"relics":["Cursed Key","Anchor","Eternal Feather","MealTicket","Question Card","Calipers","Astrolabe","Shuriken"],"acts_visited":["Exordium","TheCity"],"potions_floor_usage":[23,24,24],"damage_taken":[{"damage":7,"enemies":"Jaw Worm","floor":1,"turns":3},{"damage":0,"enemies":"Small Slimes","floor":4,"turns":2},{"damage":0,"enemies":"2 Louse","floor":7,"turns":2},{"damage":13,"enemies":"Lagavulin","floor":10,"turns":6},{"damage":9,"enemies":"3 Sentries","floor":14,"turns":5},{"damage":30,"enemies":"Hexaghost","floor":16,"turns":11},{"damage":0,"enemies":"Chosen","floor":18,"turns":4},{"damage":0,"enemies":"Spheric Guardian","floor":21,"turns":3},{"damage":9,"enemies":"Centurion and Healer","floor":22,"turns":4},{"damage":84,"enemies":"Gremlin Leader","floor":23,"turns":8},{"damage":27,"enemies":"Sentry and Sphere","floor":24,"turns":4}],"seed_played":"-3331957012295512772","potions_obtained":[{"floor":1,"key":"BloodPotion"},{"floor":10,"key":"EssenceOfSteel"}],"is_trial":false,"path_per_floor":["M","?","?","M","$","R","M","R","T","E","?","R","T","E","R","B",null,"M","?","$","M","M","E","M"],"character_chosen":"IRONCLAD","items_purchased":["BloodPotion"],"campfire_rested":0,"item_purchase_floors":[5],"current_hp_per_floor":[73,57,50,50,50,50,50,50,50,37,37,43,43,34,40,10,80,80,80,80,80,71,3,0,0],"gold":147,"neow_bonus":"BOSS_RELIC","is_daily":false,"chose_seed":false,"campfire_upgraded":4,"win_rate":0.0,"timestamp":1608173708,"path_taken":["M","?","?","M","?","R","M","R","T","E","?","R","?","E","R","BOSS","M","?","$","M","M","E","M"],"items_purchased_type":["Potion"],"build_version":"2020-12-13","purchased_purges":2,"victory":false,"max_hp_per_floor":[80,80,80,80,80,80,80,80,80,80,80,80,80,80,80,80,80,80,80,80,80,80,80,80,80],"card_choices":[{"not_picked":["Evolve","Headbutt"],"picked":"Clothesline","floor":1},{"not_picked":["Power Through","Perfected Strike","True Grit"],"picked":"SKIP","floor":4},{"not_picked":["Searing Blow","Sword Boomerang","Warcry"],"picked":"SKIP","floor":7},{"not_picked":["Cleave","Pummel"],"picked":"Bludgeon","floor":10},{"not_picked":["Heavy Blade","Iron Wave","Blood for Blood","Flame Barrier"],"picked":"SKIP","floor":14},{"not_picked":["Berserk","Offering","Reaper"],"picked":"Demon Form","floor":16},{"not_picked":["Twin Strike+1","Seeing Red","Perfected Strike"],"picked":"Ghostly Armor+1","floor":18},{"not_picked":["Clash+1","Perfected Strike","Disarm","Thunderclap"],"picked":"SKIP","floor":21},{"not_picked":["Flex","Body Slam","Heavy Blade","Cleave"],"picked":"SKIP","floor":22},{"not_picked":["Searing Blow+1","Blood for Blood+1","Anger+1"],"picked":"Berserk","floor":23}],"player_experience":231956,"relics_obtained":[{"floor":9,"key":"Eternal Feather"},{"floor":10,"key":"MealTicket"},{"floor":13,"key":"Question Card"},{"floor":14,"key":"Calipers"},{"floor":23,"key":"Shuriken"}],"event_choices":[{"damage_healed":0,"gold_gain":0,"player_choice":"Entered Light","damage_taken":16,"max_hp_gain":0,"max_hp_loss":0,"event_name":"Shining Light","floor":2,"gold_loss":0,"cards_upgraded":["Strike_R","Strike_R"]},{"damage_healed":0,"gold_gain":0,"player_choice":"Success","damage_taken":7,"relics_obtained":["Anchor"],"max_hp_gain":0,"max_hp_loss":0,"event_name":"Scrap Ooze","floor":3,"gold_loss":0},{"damage_healed":0,"gold_gain":0,"player_choice":"Ignored","damage_taken":0,"max_hp_gain":0,"max_hp_loss":0,"event_name":"Liars Game","floor":11,"gold_loss":0},{"damage_healed":0,"gold_gain":0,"player_choice":"Got Potions","damage_taken":0,"max_hp_gain":0,"max_hp_loss":0,"event_name":"Lab","floor":19,"gold_loss":0}],"is_beta":false,"boss_relics":[{"not_picked":["Runic Dome","Calling Bell"],"picked":"Astrolabe"}],"items_purged_floors":[5,20],"is_endless":false,"potions_floor_spawned":[1,10,16,22],"killed_by":"Sentry and Sphere","ascension_level":3}}