{"host":"f0gpob8hq9vgebej","time":1608219472,"event":{"mods":["AchievementEnabler","BaseMod","Googly Eyes","Minty Spire (QoL Compilation)","Quick Restart","SuperFastMode"],"gold_per_floor":[113,133,147,18,34,34,56,56,81,131,161,177,192,192,192,294,294,313,313,213,224,244,244,319,319,319],"floor_reached":25,"playtime":903,"items_purged":["Strike_G","Defend_G"],"score":299,"play_id":"047b494c-092f-4f61-961e-4cbf02bb2f35","local_time":"20201218003752","is_ascension_mode":true,"campfire_choices":[{"data":"Prepared","floor":6.0,"key":"SMITH"},{"floor":15,"key":"REST"},{"data":"Accuracy","floor":23,"key":"SMITH"}],"circlet_count":0,"master_deck":["AscendersBane","Strike_G","Strike_G","Strike_G","Defend_G","Defend_G","Defend_G","Survivor","Neutralize","Dagger Spray","Backflip","Prepared+1","Blade Dance","Accuracy+1","Tactician","Grand Finale","Tactician+1"],"relics":["Ring of the Snake","Odd Mushroom","Strawberry","Art of War","Bronze Scales","SacredBark"],"acts_visited":["TheCity"],"potions_floor_usage":[16,21,22],"damage_taken":[{"damage":5.0,"enemies":"Cultist","floor":1.0,"turns":4.0},{"damage":1.0,"enemies":"Small Slimes","floor":2.0,"turns":4.0},{"damage":1.0,"enemies":"Jaw Worm","floor":3.0,"turns":5.0},{"damage":0.0,"enemies":"2 Fungi Beasts","floor":5.0,"turns":4.0},{"damage":5.0,"enemies":"The Mushroom Lair","floor":7.0,"turns":3.0},{"damage":0.0,"enemies":"Looter","floor":12.0,"turns":3.0},{"damage":8,"enemies":"Exordium Thugs","floor":13,"turns":5},{"damage":25,"enemies":"The Guardian","floor":16,"turns":13},{"damage":1,"enemies":"3 Byrds","floor":18,"turns":3},{"damage":3,"enemies":"Shell Parasite","floor":21,"turns":2},{"damage":21,"enemies":"Cultist and Chosen","floor":22,"turns":7},{"damage":17,"enemies":"Centurion and Healer","floor":25,"turns":6}],"seed_played":"3054433998422918868","potions_obtained":[{"floor":1.0,"key":"Explosive Potion"},{"floor":2.0,"key":"Swift Potion"},{"floor":13,"key":"AttackPotion"},{"floor":18,"key":"DuplicationPotion"},{"floor":21,"key":"DistilledChaos"}],"is_trial":false,"path_per_floor":["M","M","M","$","M","R","?","?","T","T","?","M","M","?","R","B",null,"M","?","$","M","M","R","?","M"],"character_chosen":"THE_SILENT","items_purchased":["Backflip"],"campfire_rested":1,"item_purchase_floors":[4],"current_hp_per_floor":[40,39,38,38,38,38,33,28,28,28,28,28,20,20,43,18,62,61,61,61,58,37,37,30,13,13],"gold":319,"neow_bonus":"REMOVE_TWO","is_daily":false,"chose_seed":false,"campfire_upgraded":2,"win_rate":0.0,"timestamp":1608219472,"path_taken":["M","M","M","$","M","R","?","?","T","?","?","M","M","?","R","BOSS","M","?","$","M","M","R","?","M"],"items_purchased_type":["Card"],"build_version":"2020-12-13","purchased_purges":2,"victory":false,"max_hp_per_floor":[70,70,70,70,70,70,70,77,77,77,77,77,77,77,77,77,77,77,77,77,77,77,77,77,77,77],"card_choices":[{"not_picked":["Riddle With Holes","Caltrops","Heel Hook"],"picked":"SKIP","floor":1.0},{"not_picked":["Heel Hook","Flying Knee","Deflect"],"picked":"SKIP","floor":2.0},{"not_picked":["Slice","Dodge and Roll"],"picked":"Dagger Spray","floor":3.0},{"not_picked":["Deflect","Finisher"],"picked":"Prepared","floor":5.0},{"not_picked":["Flechettes","Deadly Poison"],"picked":"Blade Dance","floor":7.0},{"not_picked":["Distraction","Poisoned Stab"],"picked":"Accuracy","floor":12.0},{"not_picked":["Prepared","Escape Plan"],"picked":"Tactician","floor":13},{"not_picked":["Tools of the Trade","Die Die Die"],"picked":"Grand Finale","floor":16},{"not_picked":["Deadly Poison","Underhanded Strike+1","Slice+1"],"picked":"SKIP","floor":18},{"not_picked":["Finisher","Endless Agony"],"picked":"Tactician+1","floor":21},{"not_picked":["Sucker Punch","Leg Sweep+1","Underhanded Strike"],"picked":"SKIP","floor":22}],"player_experience":172836,"relics_obtained":[{"floor":7.0,"key":"Odd Mushroom"},{"floor":9.0,"key":"Art of War"},{"floor":10.0,"key":"Bronze Scales"}],"event_choices":[{"damage_healed":0.0,"max_hp_gain":0.0,"max_hp_loss":0.0,"gold_gain":0.0,"event_name":"Mushrooms","player_choice":"Fought Mushrooms","floor":7.0,"gold_loss":0.0,"damage_taken":0.0},{"damage_healed":0.0,"max_hp_gain":0.0,"max_hp_loss":0.0,"gold_gain":0.0,"event_name":"Scrap Ooze","player_choice":"Success","floor":8.0,"gold_loss":0.0,"damage_taken":12.0,"relics_obtained":["Strawberry"]},{"damage_healed":0.0,"max_hp_gain":0.0,"max_hp_loss":0.0,"gold_gain":30.0,"event_name":"Dead Adventurer","player_choice":"Searched \u00272\u0027 times","floor":11.0,"gold_loss":0.0,"damage_taken":0.0},{"damage_healed":0,"gold_gain":0,"player_choice":"Ignored","damage_taken":0,"max_hp_gain":0,"max_hp_loss":0,"event_name":"Shining Light","floor":14,"gold_loss":0},{"damage_healed":0,"gold_gain":0,"player_choice":"Ignored","damage_taken":0,"max_hp_gain":0,"max_hp_loss":0,"event_name":"Cursed Tome","floor":19,"gold_loss":0},{"damage_healed":0,"gold_gain":75,"player_choice":"Touch","damage_taken":7,"max_hp_gain":0,"max_hp_loss":0,"event_name":"FaceTrader","floor":24,"gold_loss":0}],"is_beta":false,"boss_relics":[{"not_picked":["Black Star","Philosopher\u0027s Stone"],"picked":"SacredBark"}],"items_purged_floors":[4,20],"is_endless":false,"potions_floor_spawned":[1,2,3,13,18,21],"killed_by":"Centurion and Healer","ascension_level":11}}