{"host":"dpbezu80jg8zk7un","time":1608168962,"event":{"mods":["BaseMod","Colored Map","Colored Powertips","Custom Start","DeckTracker","Minty Spire (QoL Compilation)","Quick Restart","StSLib","SuperFastMode"],"gold_per_floor":[117,117,42,52,52,87,87,122,149,149,161,161,189,189,189,266,266,279,116,131,181,181,216,216,229,256,256,156,188,198,210,210,286,286,302,302,302,302,319,352,366,241,313,313,339,352,399,410,410,410,410,410,410,9,35,35],"floor_reached":57,"playtime":1696,"items_purged":["Strike_P","FollowUp","Defend_P","Strike_P+1"],"score":3282,"play_id":"aff2eb84-46b8-43fe-8381-62591cf3c87b","local_time":"20201217103602","is_ascension_mode":true,"campfire_choices":[{"data":"Eruption","floor":7.0,"key":"SMITH"},{"data":"Scrawl","floor":10.0,"key":"SMITH"},{"floor":12.0,"key":"REST"},{"data":"Brilliance","floor":15.0,"key":"SMITH"},{"floor":24.0,"key":"RECALL"},{"data":"Vigilance","floor":27.0,"key":"SMITH"},{"data":"DeusExMachina","floor":32.0,"key":"SMITH"},{"data":"Defend_P","floor":44.0,"key":"SMITH"},{"floor":49.0,"key":"REST"},{"floor":53,"key":"REST"}],"circlet_count":0,"master_deck":["AscendersBane","Defend_P+1","Eruption+1","Vigilance+1","FearNoEvil+1","Scrawl+1","Brilliance+1","DeusExMachina+1","Adaptation+1","Adaptation+1","Scrawl+1","MentalFortress+1"],"relics":["PureWater","Lantern","Frozen Egg 2","Bag of Preparation","Ornamental Fan","VioletLotus","Blue Candle","Sozu","Incense Burner","Molten Egg 2","Du-Vu Doll","Prayer Wheel","Medical Kit","Ice Cream"],"acts_visited":["Exordium","TheCity","TheBeyond","TheEnding"],"potions_floor_usage":[56,56],"damage_taken":[{"damage":0.0,"enemies":"Small Slimes","floor":1.0,"turns":3.0},{"damage":0.0,"enemies":"2 Louse","floor":4.0,"turns":2.0},{"damage":10.0,"enemies":"3 Sentries","floor":6.0,"turns":4.0},{"damage":0.0,"enemies":"Lagavulin","floor":8.0,"turns":2.0},{"damage":0.0,"enemies":"Jaw Worm","floor":11.0,"turns":1.0},{"damage":0.0,"enemies":"3 Sentries","floor":13.0,"turns":2.0},{"damage":34.0,"enemies":"The Guardian","floor":16.0,"turns":15.0},{"damage":0.0,"enemies":"2 Thieves","floor":18.0,"turns":2.0},{"damage":0.0,"enemies":"Spheric Guardian","floor":20.0,"turns":1.0},{"damage":0.0,"enemies":"Book of Stabbing","floor":23.0,"turns":2.0},{"damage":0.0,"enemies":"Centurion and Healer","floor":25.0,"turns":1.0},{"damage":0.0,"enemies":"Slavers","floor":29.0,"turns":1.0},{"damage":0.0,"enemies":"Sentry and Sphere","floor":30.0,"turns":2.0},{"damage":0.0,"enemies":"Chosen and Byrds","floor":31.0,"turns":1.0},{"damage":53.0,"enemies":"Champ","floor":33.0,"turns":6.0},{"damage":0.0,"enemies":"3 Shapes","floor":35.0,"turns":1.0},{"damage":0.0,"enemies":"3 Darklings","floor":39.0,"turns":1.0},{"damage":0.0,"enemies":"Nemesis","floor":40.0,"turns":1.0},{"damage":0.0,"enemies":"Sphere and 2 Shapes","floor":41.0,"turns":1.0},{"damage":0.0,"enemies":"Giant Head","floor":45.0,"turns":1.0},{"damage":0.0,"enemies":"Spire Growth","floor":46.0,"turns":1.0},{"damage":0.0,"enemies":"2 Orb Walkers","floor":47.0,"turns":1.0},{"damage":0.0,"enemies":"Transient","floor":48.0,"turns":1.0},{"damage":0.0,"enemies":"Awakened One","floor":50.0,"turns":2.0},{"damage":38,"enemies":"Time Eater","floor":51,"turns":7},{"damage":0,"enemies":"Shield and Spear","floor":55,"turns":2},{"damage":0,"enemies":"The Heart","floor":56,"turns":4}],"seed_played":"-5879709332234859163","potions_obtained":[{"floor":4.0,"key":"Block Potion"},{"floor":6.0,"key":"Regen Potion"},{"floor":8.0,"key":"DuplicationPotion"},{"floor":13.0,"key":"Dexterity Potion"},{"floor":18.0,"key":"StancePotion"}],"is_trial":false,"path_per_floor":["M","?","?","M","?","E","R","E","T","R","M","R","E","?","R","B",null,"M","$","M","?","?","E","R","M","T","R","$","E","M","M","R","B",null,"M","?","?","?","M","E","M","$","T","R","E","M","?","M","R","B","B",null,"R","$","E","B",null],"character_chosen":"WATCHER","items_purchased":["Adaptation+1","MentalFortress+1","Medical Kit"],"campfire_rested":3,"item_purchase_floors":[19,54,54],"current_hp_per_floor":[43,48,48,48,26,16,16,16,16,16,16,37,37,37,37,3,56,56,56,56,56,56,56,56,56,56,56,56,56,56,56,56,3,56,56,56,56,56,56,56,56,56,56,56,56,56,56,56,69,69,31,60,69,69,69,69],"gold":35,"neow_bonus":"TRANSFORM_TWO_CARDS","is_daily":false,"chose_seed":false,"campfire_upgraded":6,"win_rate":0.0,"timestamp":1608168962,"path_taken":["M","?","?","M","?","E","R","E","T","R","?","R","E","?","R","BOSS","M","$","M","?","?","E","R","M","T","R","$","E","M","M","R","BOSS","M","?","?","?","?","E","M","$","T","R","E","M","?","M","R","BOSS","BOSS","R","$","E","BOSS"],"items_purchased_type":["Card","Card","Relic"],"build_version":"2020-12-13","purchased_purges":4,"victory":true,"max_hp_per_floor":[68,73,73,73,73,73,73,73,73,73,73,73,73,73,73,73,73,73,73,73,73,73,73,73,73,73,73,73,73,73,73,73,73,73,73,69,69,69,69,69,69,69,69,69,69,69,69,69,69,69,69,69,69,69,69,69],"card_choices":[{"not_picked":["PathToVictory","ReachHeaven","FlyingSleeves"],"picked":"SKIP","floor":1.0},{"not_picked":["Protect","Fasting2"],"picked":"FollowUp","floor":4.0},{"not_picked":["Evaluate","Swivel"],"picked":"Brilliance","floor":6.0},{"not_picked":["Swivel","Protect","FlurryOfBlows"],"picked":"SKIP","floor":8.0},{"not_picked":["Halt","EmptyFist","BattleHymn+1"],"picked":"SKIP","floor":11.0},{"not_picked":["ConjureBlade","Perseverance","CarveReality"],"picked":"SKIP","floor":13.0},{"not_picked":["MasterReality+1","Judgement"],"picked":"DeusExMachina","floor":16.0},{"not_picked":["CrushJoints","ThirdEye","PathToVictory"],"picked":"SKIP","floor":18.0},{"not_picked":["PathToVictory","Crescendo+1","EmptyMind+1"],"picked":"SKIP","floor":20.0},{"not_picked":["Fasting2+1","Protect+1","WaveOfTheHand"],"picked":"SKIP","floor":23.0},{"not_picked":["SandsOfTime","EmptyFist","Study+1"],"picked":"SKIP","floor":25.0},{"not_picked":["WaveOfTheHand","EmptyFist","SpiritShield"],"picked":"SKIP","floor":29.0},{"not_picked":["WheelKick+1","Indignation","EmptyBody"],"picked":"SKIP","floor":30.0},{"not_picked":["EmptyMind","CutThroughFate","EmptyFist"],"picked":"SKIP","floor":31.0},{"not_picked":["PathToVictory+1","Protect+1"],"picked":"Adaptation+1","floor":35.0},{"not_picked":["FollowUp","PathToVictory","FlurryOfBlows+1"],"picked":"SKIP","floor":39.0},{"not_picked":["ForeignInfluence","ReachHeaven","InnerPeace"],"picked":"SKIP","floor":40.0},{"not_picked":["FlyingSleeves","Wallop","Crescendo"],"picked":"SKIP","floor":41.0},{"not_picked":["InnerPeace","SashWhip+1","Vengeance"],"picked":"SKIP","floor":45.0},{"not_picked":["Wireheading+1","DevaForm+1","CrushJoints+1"],"picked":"SKIP","floor":46.0},{"not_picked":["FollowUp+1","Fasting2+1","JustLucky+1"],"picked":"SKIP","floor":48.0},{"not_picked":["EmptyMind","CutThroughFate+1","FlyingSleeves+1"],"picked":"SKIP","floor":48.0},{"not_picked":["LikeWater+1","EmptyFist+1","JustLucky+1"],"picked":"SKIP","floor":55}],"player_experience":2761727,"relics_obtained":[{"floor":6.0,"key":"Lantern"},{"floor":8.0,"key":"Frozen Egg 2"},{"floor":9.0,"key":"Bag of Preparation"},{"floor":13.0,"key":"Ornamental Fan"},{"floor":29.0,"key":"Blue Candle"},{"floor":40.0,"key":"Incense Burner"},{"floor":43.0,"key":"Molten Egg 2"},{"floor":45.0,"key":"Du-Vu Doll"},{"floor":47.0,"key":"Prayer Wheel"},{"floor":55,"key":"Ice Cream"}],"event_choices":[{"damage_healed":0.0,"max_hp_gain":5.0,"max_hp_loss":0.0,"gold_gain":0.0,"event_name":"Big Fish","player_choice":"Donut","floor":2.0,"gold_loss":0.0,"damage_taken":0.0},{"cards_removed":["Defend_P"],"damage_healed":0.0,"max_hp_gain":0.0,"max_hp_loss":0.0,"gold_gain":0.0,"event_name":"The Cleric","player_choice":"Card Removal","floor":3.0,"gold_loss":75.0,"damage_taken":0.0},{"damage_healed":0.0,"max_hp_gain":0.0,"max_hp_loss":0.0,"gold_gain":0.0,"event_name":"Shining Light","player_choice":"Entered Light","floor":5.0,"gold_loss":0.0,"damage_taken":22.0,"cards_upgraded":["Strike_P","FearNoEvil"]},{"cards_removed":["Strike_P"],"damage_healed":0.0,"max_hp_gain":0.0,"max_hp_loss":0.0,"gold_gain":0.0,"event_name":"Living Wall","player_choice":"Forget","floor":14.0,"gold_loss":0.0,"damage_taken":0.0},{"damage_healed":0.0,"max_hp_gain":0.0,"max_hp_loss":0.0,"gold_gain":50.0,"event_name":"Nest","player_choice":"Stole From Cult","floor":21.0,"gold_loss":0.0,"damage_taken":0.0},{"damage_healed":0.0,"max_hp_gain":0.0,"max_hp_loss":0.0,"gold_gain":0.0,"event_name":"Cursed Tome","player_choice":"Ignored","floor":22.0,"gold_loss":0.0,"damage_taken":0.0},{"damage_healed":0.0,"max_hp_gain":0.0,"max_hp_loss":4.0,"gold_gain":0.0,"event_name":"Winding Halls","player_choice":"Max HP","floor":36.0,"gold_loss":0.0,"damage_taken":0.0},{"damage_healed":0.0,"max_hp_gain":0.0,"max_hp_loss":0.0,"gold_gain":0.0,"event_name":"Tomb of Lord Red Mask","player_choice":"Ignored","floor":37.0,"gold_loss":0.0,"damage_taken":0.0},{"damage_healed":0.0,"max_hp_gain":0.0,"max_hp_loss":0.0,"gold_gain":0.0,"event_name":"Duplicator","player_choice":"Copied","floor":38.0,"gold_loss":0.0,"damage_taken":0.0,"cards_obtained":["Scrawl"]},{"damage_healed":0.0,"max_hp_gain":0.0,"max_hp_loss":0.0,"gold_gain":0.0,"event_name":"Mysterious Sphere","player_choice":"Fight","floor":47.0,"gold_loss":0.0,"damage_taken":0.0}],"is_beta":false,"boss_relics":[{"not_picked":["SlaversCollar","Tiny House"],"picked":"VioletLotus"},{"not_picked":["Calling Bell","Busted Crown"],"picked":"Sozu"}],"items_purged_floors":[19,28,42,54],"is_endless":false,"potions_floor_spawned":[4,6,8,13,18,20,23,31,45,47,48],"ascension_level":20}}