{"host":"2htowdb5wria0zm7","time":1608231771,"event":{"mods":["BaseMod","Better Third Choice","BetterRewards","Googly Eyes","Hyrulean Relics","Minty Spire (QoL Compilation)","StSLib"],"gold_per_floor":[113,125,136,136,136,188,200,225,260,272,173,248,272,272,272,403,466,485,498,64,64,64,64,85,85,85],"floor_reached":25,"playtime":1285,"items_purged":["Regret"],"score":251,"play_id":"cfe19e19-ffec-4558-bffa-7d4887ac6317","local_time":"20201217140251","is_ascension_mode":false,"campfire_choices":[{"floor":7,"key":"REST"},{"data":"Noxious Fumes","floor":10,"key":"SMITH"},{"floor":15,"key":"REST"},{"data":"Bandage Up","floor":23,"key":"SMITH"}],"circlet_count":0,"master_deck":["Defend_G+1","Defend_G","Defend_G+1","Defend_G","Survivor","Neutralize","Noxious Fumes+1","Bouncing Flask","Deflect","Injury","Deadly Poison","Burst","Bouncing Flask+1","Backflip","Deadly Poison","Corpse Explosion","Bane","Deadly Poison","Noxious Fumes","Bandage Up+1","Bite","Bite","Bite","Bite","Bite","Masterful Stab","Deadly Poison+1"],"relics":["Ring of the Snake","NeowsBlessing","Golden Idol","MawBank","War Paint","MealTicket","Tiny House","Bird Faced Urn"],"acts_visited":["Exordium","TheCity"],"potions_floor_usage":[16,16,18,19,19,19,24,24],"damage_taken":[{"damage":0,"enemies":"2 Louse","floor":1,"turns":1},{"damage":0,"enemies":"Small Slimes","floor":2,"turns":1},{"damage":0,"enemies":"Jaw Worm","floor":3,"turns":1},{"damage":33,"enemies":"Lagavulin","floor":6,"turns":7},{"damage":4,"enemies":"2 Fungi Beasts","floor":8,"turns":4},{"damage":16,"enemies":"Large Slime","floor":13,"turns":6},{"damage":14,"enemies":"Hexaghost","floor":16,"turns":8},{"damage":10,"enemies":"3 Byrds","floor":18,"turns":4},{"damage":34,"enemies":"2 Thieves","floor":19,"turns":3},{"damage":42,"enemies":"Shelled Parasite and Fungi","floor":24,"turns":4},{"damage":33,"enemies":"Sentry and Sphere","floor":25,"turns":3}],"seed_played":"-1164687581651717158","potions_obtained":[{"floor":2,"key":"BlessingOfTheForge"},{"floor":6,"key":"Weak Potion"},{"floor":13,"key":"ColorlessPotion"},{"floor":16,"key":"SpeedPotion"},{"floor":17,"key":"EntropicBrew"},{"floor":19,"key":"AttackPotion"}],"is_trial":false,"path_per_floor":["M","M","M","?","?","E","R","M","T","R","$","?","M","?","R","B",null,"M","M","$","?","?","R","M","M"],"character_chosen":"THE_SILENT","items_purchased":["Bouncing Flask","Bird Faced Urn","Noxious Fumes","Bandage Up"],"campfire_rested":2,"item_purchase_floors":[11,20,20,20],"current_hp_per_floor":[70,70,70,70,70,37,58,54,54,54,69,58,42,42,63,49,75,65,31,46,46,46,46,16,0,0],"gold":85,"neow_bonus":"THREE_ENEMY_KILL","is_daily":false,"chose_seed":false,"campfire_upgraded":2,"win_rate":0.0,"timestamp":1608231771,"path_taken":["M","M","M","?","?","E","R","M","T","R","?","?","M","?","R","BOSS","M","M","$","?","?","R","?","M"],"items_purchased_type":["Card","Relic","Card","Card"],"build_version":"2020-12-13","purchased_purges":1,"victory":false,"max_hp_per_floor":[70,70,70,70,70,70,70,70,70,70,70,70,70,70,70,70,75,75,75,75,52,52,52,52,52,52],"card_choices":[{"not_picked":["Backflip","Sucker Punch"],"picked":"Noxious Fumes","floor":1},{"not_picked":["Backflip","Reflex"],"picked":"Bouncing Flask","floor":2},{"not_picked":["Sucker Punch","Infinite Blades"],"picked":"Deflect","floor":3},{"not_picked":["Outmaneuver","Backflip"],"picked":"Deadly Poison","floor":6},{"not_picked":["Acrobatics","Deflect"],"picked":"Burst","floor":8},{"not_picked":["Deflect","Cloak And Dagger"],"picked":"Backflip","floor":13},{"not_picked":["Adrenaline","Bullet Time"],"picked":"Corpse Explosion","floor":16},{"not_picked":["Sucker Punch","Underhanded Strike"],"picked":"Bane","floor":18},{"not_picked":["Dagger Spray","Dodge and Roll"],"picked":"Deadly Poison","floor":19},{"not_picked":["Backflip","Underhanded Strike"],"picked":"Deadly Poison+1","floor":24}],"player_experience":482278,"relics_obtained":[{"floor":6,"key":"War Paint"},{"floor":9,"key":"MealTicket"}],"event_choices":[{"damage_healed":0,"gold_gain":0,"player_choice":"Take Wound","damage_taken":0,"relics_obtained":["Golden Idol"],"max_hp_gain":0,"max_hp_loss":0,"event_name":"Golden Idol","floor":4,"gold_loss":0,"cards_obtained":["Injury"]},{"damage_healed":0,"gold_gain":0,"player_choice":"Box","damage_taken":0,"relics_obtained":["MawBank"],"max_hp_gain":0,"max_hp_loss":0,"event_name":"Big Fish","floor":5,"gold_loss":0,"cards_obtained":["Regret"]},{"damage_healed":0,"gold_gain":75,"player_choice":"Gold","damage_taken":11,"max_hp_gain":0,"max_hp_loss":0,"event_name":"betterThird:BetterGoop","floor":12,"gold_loss":0},{"damage_healed":0,"gold_gain":0,"cards_transformed":["Strike_G"],"player_choice":"Change","damage_taken":0,"max_hp_gain":0,"max_hp_loss":0,"event_name":"Living Wall","floor":14,"gold_loss":0,"cards_obtained":["Deadly Poison"]},{"damage_healed":0,"gold_gain":0,"player_choice":"Became a vampire","damage_taken":0,"max_hp_gain":0,"max_hp_loss":23,"event_name":"Vampires","floor":21,"gold_loss":0,"cards_obtained":["Bite","Bite","Bite","Bite","Bite"]},{"damage_healed":0,"gold_gain":0,"cards_transformed":["Defend_G"],"player_choice":"Transformed","damage_taken":0,"max_hp_gain":0,"max_hp_loss":0,"event_name":"Transmorgrifier","floor":22,"gold_loss":0,"cards_obtained":["Masterful Stab"]}],"is_beta":false,"boss_relics":[{"not_picked":["Busted Crown","Philosopher\u0027s Stone"],"picked":"Tiny House"}],"items_purged_floors":[11],"is_endless":false,"potions_floor_spawned":[2,6,13,16,19],"killed_by":"Sentry and Sphere","ascension_level":0}}