{"host":"w01zow3jg16g8jdh","time":1608204783,"event":{"mods":["AchievementEnabler","BaseMod","DeckTracker","Keyboard Shortcuts","Minty Spire (QoL Compilation)","Permanent Neow","StSLib","SuperFastMode"],"gold_per_floor":[111,124,137,151,151,151,164,164,187,207,207,240,240,260,260,260,260],"floor_reached":16,"playtime":512,"items_purged":[],"score":208,"play_id":"ab53828a-d843-408d-ac6a-14d1bb4cd8cc","local_time":"20201217203303","is_ascension_mode":true,"campfire_choices":[{"data":"Zap","floor":6,"key":"SMITH"},{"floor":8,"key":"REST"},{"data":"Compile Driver","floor":13,"key":"SMITH"},{"data":"Ball Lightning","floor":15,"key":"SMITH"}],"circlet_count":0,"master_deck":["AscendersBane","Strike_B","Strike_B","Strike_B","Defend_B","Defend_B","Defend_B","Defend_B","Zap+1","Dualcast","Rebound","Genetic Algorithm","Genetic Algorithm","Compile Driver+1","Force Field","Compile Driver","Core Surge","Ball Lightning+1"],"relics":["Philosopher\u0027s Stone","Juzu Bracelet","Oddly Smooth Stone"],"acts_visited":["Exordium"],"potions_floor_usage":[4,12,12],"damage_taken":[{"damage":0.0,"enemies":"2 Louse","floor":1.0,"turns":2.0},{"damage":4.0,"enemies":"Cultist","floor":2.0,"turns":4.0},{"damage":11.0,"enemies":"Small Slimes","floor":3.0,"turns":3.0},{"damage":39,"enemies":"Exordium Thugs","floor":4,"turns":5},{"damage":4,"enemies":"Blue Slaver","floor":7,"turns":5},{"damage":20,"enemies":"Large Slime","floor":10,"turns":7},{"damage":9,"enemies":"3 Sentries","floor":12,"turns":6},{"damage":9,"enemies":"Gremlin Gang","floor":14,"turns":4},{"damage":56,"enemies":"Hexaghost","floor":16,"turns":9}],"seed_played":"-1358722260436119077","potions_obtained":[{"floor":2.0,"key":"LiquidBronze"},{"floor":4,"key":"Explosive Potion"},{"floor":7,"key":"Fire Potion"}],"is_trial":false,"path_per_floor":["M","M","M","M","?","R","M","R","T","M","?","E","R","M","R","B"],"character_chosen":"DEFECT","items_purchased":[],"campfire_rested":1,"item_purchase_floors":[],"current_hp_per_floor":[64,60,49,10,10,10,6,27,27,7,71,62,62,53,53,0,0],"gold":260,"neow_bonus":"BOSS_RELIC","is_daily":false,"chose_seed":false,"campfire_upgraded":3,"win_rate":0.0,"timestamp":1608204783,"path_taken":["M","M","M","M","?","R","M","R","T","M","?","E","R","M","R","BOSS"],"items_purchased_type":[],"build_version":"2020-12-13","purchased_purges":0,"victory":false,"max_hp_per_floor":[71,71,71,71,71,71,71,71,71,71,71,71,71,71,71,71,71],"card_choices":[{"not_picked":["Gash","Rip and Tear"],"picked":"Rebound","floor":1.0},{"not_picked":["Go for the Eyes","Cold Snap"],"picked":"Genetic Algorithm","floor":2.0},{"not_picked":["Gash","Go for the Eyes"],"picked":"Genetic Algorithm","floor":3.0},{"not_picked":["Streamline","Heatsinks"],"picked":"Compile Driver","floor":4},{"not_picked":["Beam Cell","Melter"],"picked":"Compile Driver","floor":7},{"not_picked":["Consume","Streamline","Blizzard"],"picked":"SKIP","floor":10},{"not_picked":["Streamline","Rebound"],"picked":"Core Surge","floor":12},{"not_picked":["Compile Driver","Gash"],"picked":"Ball Lightning","floor":14}],"player_experience":287471,"relics_obtained":[{"floor":9,"key":"Juzu Bracelet"},{"floor":12,"key":"Oddly Smooth Stone"}],"event_choices":[{"damage_healed":0,"gold_gain":0,"cards_transformed":["Strike_B"],"player_choice":"Transformed","damage_taken":0,"max_hp_gain":0,"max_hp_loss":0,"event_name":"Transmorgrifier","floor":5,"gold_loss":0,"cards_obtained":["Force Field"]},{"damage_healed":64,"gold_gain":0,"player_choice":"Full Heal","damage_taken":0,"max_hp_gain":0,"max_hp_loss":0,"event_name":"Wheel of Change","floor":11,"gold_loss":0}],"is_beta":false,"boss_relics":[],"items_purged_floors":[],"is_endless":false,"potions_floor_spawned":[2,4,7],"killed_by":"Hexaghost","ascension_level":20}}