{"host":"z9y2vfnym7sk0nhg","time":1608165170,"event":{"mods":["Aspiration","BaseMod","Better Altar","Better Match","Better Note","Better Sensory Stone","Better Skull","Better Third Choice","CCEM","Colored Map","Conspire","Downfall","GifTheSpireLib","Highlight Path","Minty Spire (QoL Compilation)","Permanent Neow","Shop Mod","Spicy Shops","StSLib","Stuff the Spire","Unceasing Turn Reminder"],"gold_per_floor":[99,109,122,122,32,32,32,58,72,103,119,119,6,6,17,17,17],"floor_reached":16,"playtime":1057,"items_purged":["Regret"],"score":110,"play_id":"1e8574f1-daab-46dd-adb7-487fc53bd87c","local_time":"20201217013250","is_ascension_mode":false,"campfire_choices":[{"data":"hexamod:Float","floor":1,"key":"SMITH"},{"data":"hexamod:FastForward","floor":6,"key":"SMITH"}],"circlet_count":0,"master_deck":["hexamod:Strike+1","hexamod:Strike+1","hexamod:Strike+1","hexamod:Strike+1","hexamod:Defend+1","hexamod:Defend+1","hexamod:Defend+1","hexamod:Defend+1","hexamod:Sear","hexamod:Float+1","hexamod:SixthSeal","hexamod:Firestarter","hexamod:HeatMetal","hexamod:FastForward+1","hexamod:TimeOfNeed+1","hexamod:BurningTouch+1","hexamod:FourthSeal","Shame","hexamod:Hexaguard+1"],"relics":["StuffTheSpire:OccultApparatus","CCEMRelics:PorcelainBowl","Toxic Egg 2","Nunchaku","CCEMRelics:OrganicArmor","CCEMRelics:CocoNut","downfall:BrokenWingStatue"],"acts_visited":["Exordium"],"potions_floor_usage":[10,11,15,15,16],"damage_taken":[{"damage":5,"enemies":"conspire:RoseBush","floor":2,"turns":3},{"damage":0,"enemies":"Small Slimes","floor":3,"turns":3},{"damage":9,"enemies":"downfall:FleeingMerchant","floor":5,"turns":4},{"damage":17,"enemies":"Lagavulin","floor":8,"turns":6},{"damage":0,"enemies":"Jaw Worm","floor":9,"turns":3},{"damage":11,"enemies":"3 Sentries","floor":10,"turns":7},{"damage":0,"enemies":"3 Louse","floor":11,"turns":3},{"damage":7,"enemies":"downfall:FleeingMerchant","floor":13,"turns":4},{"damage":7,"enemies":"2 Fungi Beasts","floor":15,"turns":3},{"damage":20,"enemies":"downfall:Silent","floor":16,"turns":4}],"seed_played":"6227572720870626751","potions_obtained":[{"floor":3,"key":"SteroidPotion"},{"floor":9,"key":"CultistPotion"},{"floor":10,"key":"ColorlessPotion"},{"floor":11,"key":"sneckomod:MuddlingPotion"},{"floor":13,"key":"GamblersBrew"},{"floor":15,"key":"Ancient Potion"}],"is_trial":false,"path_per_floor":["R","M","M","?","$","R","T","E","M","E","M","?","$","?","M","B"],"character_chosen":"THE_SPIRIT","items_purchased":["CCEMRelics:CocoNut"],"campfire_rested":0,"item_purchase_floors":[13],"current_hp_per_floor":[70,65,65,65,56,56,56,39,39,28,28,28,26,26,19,0,0],"gold":17,"neow_bonus":"ONE_RANDOM_RARE_CARD","is_daily":false,"chose_seed":false,"campfire_upgraded":2,"win_rate":0.0,"timestamp":1608165170,"path_taken":["R","M","M","?","$","R","T","E","M","E","M","?","$","?","M","BOSS"],"items_purchased_type":["Relic"],"build_version":"2020-12-13","purchased_purges":1,"victory":false,"max_hp_per_floor":[70,70,70,70,70,70,70,70,70,70,70,70,75,75,75,75,75],"card_choices":[{"not_picked":["hexamod:BacktrackSmack","hexamod:Haunt"],"picked":"hexamod:Firestarter","floor":2},{"not_picked":["hexamod:SpectersWail","hexamod:Firestarter"],"picked":"hexamod:HeatMetal","floor":3},{"not_picked":["hexamod:InspiringFlames","hexamod:Again"],"picked":"hexamod:FastForward","floor":5},{"not_picked":["hexamod:BacktrackSmack","hexamod:EtherealExpedition+1"],"picked":"hexamod:TimeOfNeed+1","floor":8},{"not_picked":["hexamod:GhostOfSpirePresent","hexamod:ShieldOfDarkness+1","hexamod:BacktrackSmack"],"picked":"SKIP","floor":9},{"not_picked":["hexamod:BacktrackSmack","hexamod:FastForward+1"],"picked":"hexamod:BurningTouch+1","floor":10},{"not_picked":["hexamod:SwordOfDarkness","hexamod:SkipABeat+1"],"picked":"hexamod:FourthSeal","floor":11},{"not_picked":["hexamod:GhostShield+1","hexamod:ShieldOfDarkness+1","hexamod:ParanormalForm"],"picked":"SKIP","floor":13},{"not_picked":["hexamod:HauntingEcho","hexamod:ThermalTransfer"],"picked":"hexamod:Hexaguard+1","floor":15}],"player_experience":11398,"relics_obtained":[{"floor":7,"key":"Toxic Egg 2"},{"floor":8,"key":"Nunchaku"},{"floor":10,"key":"CCEMRelics:OrganicArmor"}],"event_choices":[{"damage_healed":0,"gold_gain":0,"player_choice":"Box","damage_taken":0,"relics_obtained":["CCEMRelics:PorcelainBowl"],"max_hp_gain":0,"max_hp_loss":0,"event_name":"Big Fish","floor":4,"gold_loss":0,"cards_obtained":["Regret"]}],"is_beta":false,"boss_relics":[],"items_purged_floors":[5],"is_endless":false,"potions_floor_spawned":[3,9,10,11],"killed_by":"downfall:Silent","ascension_level":0}}