{"host":"jk8wop44dq7uc7ar","time":1608231680,"event":{"mods":["AchievementEnabler","BaseMod","Colored Map","Colored Powertips","Downfall","Hermit","Hubris","Infinite Spire","Marisa????????","Minty Spire (QoL Compilation)","StSLib","The Bug Knight","The Construct","The Cursed","The Disciple","The Mystic","The Necromancer","The Runesmith","The Servant 0.9.4"],"gold_per_floor":[99,99,99,99,99,132,184,184,184,216,227,27,44,7,17,112,112,112,112,112,112,112,129,202,202,202,234,43,60,76,61,80,181,181,181,9,9,9,9,9],"floor_reached":39,"playtime":14217,"items_purged":["hexamod:Strike","hexamod:Strike","hexamod:Strike"],"score":474,"play_id":"e007b290-bc4c-40ca-b480-fa01134ea3fc","local_time":"20201217140120","is_ascension_mode":false,"campfire_choices":[{"data":"hexamod:Float","floor":1.0,"key":"SMITH"},{"data":"hexamod:PhantomCloak","floor":8.0,"key":"SMITH"},{"data":"hexamod:VolcanoVisage","floor":18.0,"key":"SMITH"},{"data":"hexamod:ParanormalForm","floor":20.0,"key":"SMITH"},{"data":"hexamod:EtherealExpedition","floor":26.0,"key":"SMITH"},{"data":"hexamod:UnleashSpirits","floor":35,"key":"SMITH"},{"floor":38,"key":"REST"}],"circlet_count":0,"master_deck":["hexamod:Defend","hexamod:Defend","hexamod:Defend","hexamod:Defend+1","hexamod:Sear+1","hexamod:Float+1","hexamod:HeatShield","hexamod:PhantomCloak+1","hexamod:ParanormalForm+1","hexamod:SoulSteal","hexamod:ThirdSeal","hexamod:StepThrough+1","hexamod:GhostOfSpireFuture","hexamod:ThermalTransfer+1","hexamod:SoulSteal","hexamod:RecurringNightmare","hexamod:BurningTouch","hexamod:SpectersWail","hexamod:Hexaguard+1","hexamod:Incineration+1","hexamod:FifthSeal","hexamod:VolcanoVisage+1","infinitespire:Starlight","CurseOfTheBell","hexamod:FourthSeal","hexamod:SwordOfDarkness","hexamod:EtherealExpedition+1","hexamod:SixthSeal","hexamod:ShieldOfDarkness","hexamod:ShieldOfDarkness","hexamod:GhostShield+1","hexamod:SoulSteal+1","hexamod:SixthSeal","hexamod:ExtraCrispy","hexamod:Hexaguard+1","hexamod:Firestarter","hexamod:NightmareGuise+1","hexamod:ExtraCrispy","hexamod:HeatCrush","hexamod:EmpoweringStance","hexamod:FourthSeal","hexamod:EmpoweringStance","hexamod:Haunt","hexamod:UnleashSpirits+1","hexamod:SkipABeat","hexamod:HeatMetal","expansioncontent:Collect","expansioncontent:DonusPower","expansioncontent:BronzeBeam"],"relics":["hexamod:SpiritBrand","downfall:HeartsMalice","Toy Ornithopter","hubris:CrystalStatue","infinitespire:Satchel","Regal Pillow","Orichalcum","Philosopher\u0027s Stone","Calling Bell","Vajra","InkBottle","Gambling Chip","hubris:SphereOfDissonance","Strawberry","SacredBark","Sling"],"acts_visited":["Exordium","TheCity","TheBeyond"],"potions_floor_usage":[28,30,30,33,33,36],"damage_taken":[{"damage":0.0,"enemies":"Jaw Worm","floor":4.0,"turns":1.0},{"damage":0.0,"enemies":"Gremlin Nob","floor":6.0,"turns":1.0},{"damage":0.0,"enemies":"Lagavulin","floor":10.0,"turns":1.0},{"damage":7.0,"enemies":"Small Slimes","floor":11.0,"turns":4.0},{"damage":0.0,"enemies":"downfall:FleeingMerchant","floor":12.0,"turns":4.0},{"damage":0.0,"enemies":"2 Louse","floor":13.0,"turns":4.0},{"damage":0.0,"enemies":"downfall:FleeingMerchant","floor":14.0,"turns":4.0},{"damage":5.0,"enemies":"Large Slime","floor":15.0,"turns":4.0},{"damage":52.0,"enemies":"downfall:Silent","floor":16.0,"turns":9.0},{"damage":0.0,"enemies":"Chosen","floor":22.0,"turns":1.0},{"damage":25.0,"enemies":"3 Byrds","floor":23.0,"turns":3.0},{"damage":21.0,"enemies":"Slavers","floor":27.0,"turns":4.0},{"damage":5,"enemies":"downfall:FleeingMerchant","floor":28,"turns":4},{"damage":21,"enemies":"Shelled Parasite and Fungi","floor":29,"turns":5},{"damage":16,"enemies":"Snake Plant","floor":30,"turns":4},{"damage":13,"enemies":"downfall:FleeingMerchant","floor":31,"turns":4},{"damage":10,"enemies":"Snecko","floor":32,"turns":3},{"damage":13,"enemies":"downfall:Ironclad","floor":33,"turns":6},{"damage":39,"enemies":"downfall:FleeingMerchant","floor":36,"turns":4},{"damage":21,"enemies":"infinitespire:Three Voidlings","floor":39,"turns":4},{"damage":83,"enemies":"Nightmare_Alpha","floor":39,"turns":7}],"seed_played":"-6588922609425248733","potions_obtained":[{"floor":10.0,"key":"SneckoOil"},{"floor":13.0,"key":"SneckoOil"},{"floor":15.0,"key":"LiquidBronze"},{"floor":27.0,"key":"construct:ShiftPotion"},{"floor":28,"key":"EssenceOfSteel"},{"floor":29,"key":"EssenceOfSteel"},{"floor":32,"key":"Block Potion"},{"floor":32,"key":"DuplicationPotion"},{"floor":33,"key":"hexamod:DoubleChargePotion"}],"is_trial":false,"path_per_floor":["R","?","?","M","?","E","T","R","?","E","M","$","M","$","M","B",null,"R","AVR","R","?","M","M","T","?","R","E","$","M","M","$","M","B",null,"R","$","?","R","?"],"character_chosen":"THE_SPIRIT","items_purchased":["hexamod:StepThrough","hexamod:GhostOfSpireFuture","hexamod:SpectersWail","hexamod:Firestarter","hexamod:NightmareGuise","Sling"],"campfire_rested":1,"item_purchase_floors":[12,12,14,28,28,36],"current_hp_per_floor":[70,70,75,75,75,75,75,75,68,68,66,66,66,71,66,14,75,75,75,75,75,75,50,50,50,50,46,56,35,39,36,36,43,82,82,48,38,77,0,0],"gold":9,"neow_bonus":"THREE_ENEMY_KILL","is_daily":false,"chose_seed":false,"campfire_upgraded":6,"win_rate":0.0,"timestamp":1608231680,"path_taken":["R","?","?","M","?","E","T","R","?","E","M","$","M","$","M","BOSS","R","AVR","R","?","M","M","T","?","R","E","$","M","?","?","M","BOSS","R","$","?","R","?"],"items_purchased_type":["Card","Card","Card","Card","Card","Relic"],"build_version":"2020-12-13","purchased_purges":3,"victory":false,"max_hp_per_floor":[70,70,75,75,75,75,75,75,75,75,75,75,75,75,75,75,75,75,75,75,75,75,75,75,75,75,82,82,82,82,82,82,82,82,82,82,82,82,82,82],"card_choices":[{"not_picked":["hexamod:AdvancingGuard","hexamod:Firestarter"],"picked":"hexamod:HeatShield","floor":4.0},{"not_picked":["hexamod:ShieldOfDarkness","hexamod:BurningTouch"],"picked":"hexamod:PhantomCloak","floor":6.0},{"not_picked":["hexamod:ThermalTransfer","hexamod:StepThrough"],"picked":"hexamod:ParanormalForm","floor":10.0},{"not_picked":["hexamod:AdvancingGuard","hexamod:GhostOfSpireFuture"],"picked":"hexamod:SoulSteal","floor":11.0},{"not_picked":["hexamod:SwordOfDarkness","hexamod:SpectersWail"],"picked":"hexamod:ThirdSeal","floor":12.0},{"not_picked":["hexamod:GhostShield","hexamod:ShieldOfDarkness"],"picked":"hexamod:ThermalTransfer","floor":13.0},{"not_picked":["hexamod:NightmareStrike","hexamod:Hexaguard"],"picked":"hexamod:SoulSteal","floor":13.0},{"not_picked":["hexamod:SwordOfDarkness","hexamod:Firestarter"],"picked":"hexamod:RecurringNightmare","floor":14.0},{"not_picked":["hexamod:HauntingEcho","hexamod:ThermalTransfer"],"picked":"hexamod:BurningTouch","floor":14.0},{"not_picked":["hexamod:SwordOfDarkness","hexamod:BacktrackSmack"],"picked":"hexamod:Hexaguard","floor":15.0},{"not_picked":["hexamod:Firestarter","hexamod:ThermalTransfer"],"picked":"hexamod:Incineration","floor":15.0},{"not_picked":["hexamod:VolcanoVisage","hexamod:TimeOfNeed"],"picked":"hexamod:FifthSeal","floor":16.0},{"not_picked":["hexamod:UnleashSpirits","hexamod:TimeWarp"],"picked":"hexamod:VolcanoVisage","floor":16.0},{"not_picked":["hexamod:InspiringFlames","hexamod:RainOfEmbers"],"picked":"hexamod:SwordOfDarkness","floor":22.0},{"not_picked":["hexamod:NightmareGuise","hexamod:Rewind"],"picked":"hexamod:EtherealExpedition","floor":23.0},{"not_picked":["hexamod:FirstSeal","hexamod:FourthSeal"],"picked":"hexamod:SixthSeal","floor":23.0},{"not_picked":["hexamod:AdvancingGuard","hexamod:PhantomCloak"],"picked":"hexamod:ShieldOfDarkness","floor":23.0},{"not_picked":["hexamod:GhostOfSpireFuture+1","hexamod:PhantomCloak"],"picked":"hexamod:GhostShield+1","floor":27.0},{"not_picked":["hexamod:GhostLash","hexamod:SecondSeal"],"picked":"hexamod:SoulSteal+1","floor":27.0},{"not_picked":["hexamod:ThirdSeal","hexamod:FirstSeal"],"picked":"hexamod:SixthSeal","floor":28},{"not_picked":["hexamod:RainOfEmbers+1","hexamod:SpectralAdrenaline"],"picked":"hexamod:ExtraCrispy","floor":28},{"not_picked":["hexamod:ShieldOfDarkness","hexamod:SwordOfDarkness"],"picked":"hexamod:Hexaguard+1","floor":28},{"not_picked":["hexamod:Hexaguard","hexamod:GhostShield+1"],"picked":"hexamod:ExtraCrispy","floor":29},{"not_picked":["hexamod:HeatShield","hexamod:SoulSteal"],"picked":"hexamod:HeatCrush","floor":29},{"not_picked":["hexamod:GhostOfSpirePast","hexamod:ChargedBarrage"],"picked":"hexamod:EmpoweringStance","floor":30},{"not_picked":["hexamod:SecondSeal","hexamod:SixthSeal"],"picked":"hexamod:FourthSeal","floor":31},{"not_picked":["hexamod:SkipABeat","hexamod:HauntingEcho"],"picked":"hexamod:EmpoweringStance","floor":31},{"not_picked":["hexamod:NightmareGuise","hexamod:BacktrackSmack+1","hexamod:ShieldOfDarkness"],"picked":"SKIP","floor":31},{"not_picked":["hexamod:FastForward+1","hexamod:InspiringFlames"],"picked":"hexamod:Haunt","floor":32},{"not_picked":["hexamod:TurnItUp","hexamod:GhostflameInferno"],"picked":"hexamod:UnleashSpirits","floor":33},{"not_picked":["hexamod:Hexaguard","hexamod:HauntingEcho"],"picked":"hexamod:SkipABeat","floor":36},{"not_picked":["hexamod:Hexaguard","hexamod:Firestarter"],"picked":"hexamod:HeatMetal","floor":36},{"not_picked":["expansioncontent:PrepareCrush","expansioncontent:CaCaw"],"picked":"expansioncontent:Collect","floor":37},{"not_picked":["expansioncontent:DefensiveStance","expansioncontent:CaCaw"],"picked":"expansioncontent:DonusPower","floor":37},{"not_picked":["expansioncontent:PolyBeam","expansioncontent:YouAreMine"],"picked":"expansioncontent:BronzeBeam","floor":37}],"player_experience":397192,"relics_obtained":[{"floor":2.0,"key":"Toy Ornithopter"},{"floor":6.0,"key":"hubris:CrystalStatue"},{"floor":7.0,"key":"infinitespire:Satchel"},{"floor":10.0,"key":"Orichalcum"},{"floor":19.0,"key":"Vajra"},{"floor":19.0,"key":"InkBottle"},{"floor":19.0,"key":"Gambling Chip"},{"floor":24.0,"key":"hubris:SphereOfDissonance"},{"floor":27.0,"key":"Strawberry"}],"event_choices":[{"damage_healed":0.0,"max_hp_gain":5.0,"max_hp_loss":0.0,"gold_gain":0.0,"event_name":"Big Fish","player_choice":"Donut","floor":3.0,"gold_loss":0.0,"damage_taken":0.0},{"damage_healed":0.0,"max_hp_gain":0.0,"max_hp_loss":0.0,"gold_gain":0.0,"event_name":"Scrap Ooze","player_choice":"Success","floor":9.0,"gold_loss":0.0,"damage_taken":7.0,"relics_obtained":["Regal Pillow"]},{"damage_healed":0.0,"max_hp_gain":0.0,"max_hp_loss":0.0,"gold_gain":0.0,"cards_transformed":["hexamod:Strike"],"event_name":"Transmorgrifier","player_choice":"Transformed","floor":25.0,"gold_loss":0.0,"damage_taken":0.0,"cards_obtained":["hexamod:ShieldOfDarkness"]}],"is_beta":false,"boss_relics":[{"not_picked":["Ectoplasm","Runesmith:UraniumAnvil"],"picked":"Philosopher\u0027s Stone"},{"not_picked":["infinitespire:Cupcake","SlaversCollar"],"picked":"SacredBark"}],"items_purged_floors":[12,19,28],"is_endless":false,"potions_floor_spawned":[10,13,15,29,32,33],"killed_by":"Nightmare_Alpha","ascension_level":0}}