{"host":"epo9t9qajflxsfbx","time":1608195216,"event":{"mods":["Act Like it!","BaseMod","Better Altar","Better Match","Better Note","Better Sensory Stone","Better Skull","Better Third Choice","Better Vampires","BetterRewards","Clockwork Mod","Defuse TimeMaze Blight","Displayed Cursed Tome","Elementarium","Hermit","Highlight Path","Hubris","Infinite Spire","Minty Spire (QoL Compilation)","Quick Restart","Relic Stats","Replay The Spire","Shade Mod","Shop Mod","Somnambulant","StSLib","The Bladedancer","The Cursed","The Hierophant","The Jungle","The Servant 0.9.4","everything is the same but u backflip on backflip"],"gold_per_floor":[123,168,207,255,255,255,225,225],"floor_reached":7,"playtime":374,"items_purged":[],"score":41,"play_id":"ea7c5367-4397-47b9-ac9f-b1bc96b99f0e","local_time":"20201217005336","is_ascension_mode":false,"campfire_choices":[{"floor":6,"key":"REST"}],"circlet_count":0,"master_deck":["hierophant:Strike_Hierophant","hierophant:Strike_Hierophant","hierophant:Strike_Hierophant","hierophant:Strike_Hierophant","hierophant:Punish","hierophant:Defend_Hierophant","hierophant:Defend_Hierophant","hierophant:Defend_Hierophant","hierophant:Defend_Hierophant","hierophant:ChurchCoffers","hierophant:Community","hierophant:RustyCrate","hierophant:Doubloon","hierophant:Doubloon","hierophant:Doubloon","hierophant:SealAway","hierophant:Bribe","hierophant:MorningPrayer","hierophant:HolyVerse","hierophant:HolyVerse","Doubt"],"relics":["hierophant:PropheticMaskRelic","Ornamental Fan","PrismaticShard"],"acts_visited":["Exordium"],"potions_floor_usage":[7],"damage_taken":[{"damage":11,"enemies":"Jaw Worm","floor":1,"turns":4},{"damage":9,"enemies":"Cultist","floor":3,"turns":5},{"damage":0,"enemies":"Small Slimes","floor":4,"turns":3},{"damage":60,"enemies":"Gremlin Nob","floor":7,"turns":5}],"seed_played":"1999305472880022201","potions_obtained":[{"floor":2,"key":"Ancient Potion"},{"floor":4,"key":"Energy Potion"}],"is_trial":false,"path_per_floor":["M","?","M","M","?","R","E"],"character_chosen":"HIEROPHANT","items_purchased":["hierophant:Community","hierophant:RustyCrate","hierophant:Doubloon","hierophant:SealAway"],"campfire_rested":1,"item_purchase_floors":[0,0,0,0],"current_hp_per_floor":[59,29,20,20,20,42,0,0],"gold":225,"neow_bonus":"","is_daily":false,"chose_seed":false,"campfire_upgraded":0,"win_rate":0.0,"timestamp":1608195216,"path_taken":["M","?","?","M","?","R","E"],"items_purchased_type":["Card","Card","Card","Card"],"build_version":"2020-12-13","purchased_purges":0,"victory":false,"max_hp_per_floor":[75,75,75,75,75,75,75,75],"relic_stats":{"counters":[15,64],"Ornamental Fan":[8],"obtain_stats":[{"Ornamental Fan":2,"hierophant:PropheticMaskRelic":0,"PreservedInsect":9,"Replay:WaspNest":12,"ReplayTheSpireMod:SealedPack":19,"hubris:RunicObelisk":0,"PrismaticShard":5,"NlothsMask":5},{"Ornamental Fan":12,"hierophant:PropheticMaskRelic":0,"PreservedInsect":2,"Replay:WaspNest":4,"ReplayTheSpireMod:SealedPack":7,"hubris:RunicObelisk":0,"PrismaticShard":14,"NlothsMask":1},{"Ornamental Fan":51,"hierophant:PropheticMaskRelic":0,"PreservedInsect":6,"Replay:WaspNest":13,"ReplayTheSpireMod:SealedPack":26,"hubris:RunicObelisk":0,"PrismaticShard":59,"NlothsMask":2}]},"card_choices":[{"not_picked":["hierophant:Dazzle","hierophant:RepressedViolence"],"picked":"hierophant:Bribe","floor":1},{"not_picked":["hierophant:SecretStash","hierophant:Encroach"],"picked":"hierophant:MorningPrayer","floor":2},{"not_picked":["hierophant:Determination","hierophant:Remorse"],"picked":"hierophant:HolyVerse","floor":3},{"not_picked":["hierophant:Racketeering","hierophant:SealAway"],"picked":"hierophant:HolyVerse","floor":4}],"player_experience":249592,"relics_obtained":[{"floor":2,"key":"Ornamental Fan"}],"event_choices":[],"is_beta":false,"boss_relics":[],"items_purged_floors":[],"is_endless":false,"potions_floor_spawned":[4],"killed_by":"Gremlin Nob","ascension_level":0}}