{"host":"ci7ivtocgfxh0ueo","time":1608181723,"event":{"mods":["BaseMod","GifTheSpireLib","Minty Spire (QoL Compilation)","StSLib"],"gold_per_floor":[117,117,192,206,131,171,240,263,263,263,263,288,301,266,266,371,371,399,359,386,407,39,39,39,59,107,107,128,149,149,149,149],"floor_reached":31,"playtime":703,"items_purged":["Injury","Strike_G"],"score":531,"play_id":"6ac4bd8f-528f-40d8-8acb-1d1daf034d4d","local_time":"20201217130843","is_ascension_mode":true,"campfire_choices":[{"data":"Crippling Poison","floor":15,"key":"SMITH"},{"floor":23,"key":"REST"},{"floor":27,"key":"REST"},{"floor":30,"key":"REST"}],"circlet_count":0,"master_deck":["AscendersBane","Strike_G","Strike_G","Strike_G","Strike_G","Defend_G","Defend_G","Defend_G","Defend_G","Defend_G","Survivor","Neutralize","Caltrops","Dash+1","Escape Plan","Crippling Poison+1","Corpse Explosion","Poisoned Stab","Noxious Fumes","Dash+1"],"relics":["Ring of the Snake","NeowsBlessing","Golden Idol","Bag of Marbles","Singing Bowl","CeramicFish","SacredBark","DollysMirror","Lantern"],"acts_visited":["Exordium","TheCity"],"potions_floor_usage":[12,16,21,25,25,25,28,28,31],"damage_taken":[{"damage":0,"enemies":"Jaw Worm","floor":1,"turns":1},{"damage":0,"enemies":"2 Louse","floor":4,"turns":1},{"damage":0,"enemies":"Lagavulin","floor":6,"turns":1},{"damage":3,"enemies":"Cultist","floor":8,"turns":4},{"damage":0,"enemies":"2 Fungi Beasts","floor":12,"turns":3},{"damage":0,"enemies":"Exordium Wildlife","floor":13,"turns":3},{"damage":27,"enemies":"The Guardian","floor":16,"turns":17},{"damage":0,"enemies":"3 Byrds","floor":18,"turns":2},{"damage":21,"enemies":"Spheric Guardian","floor":20,"turns":5},{"damage":17,"enemies":"Snecko","floor":21,"turns":6},{"damage":30,"enemies":"Sentry and Sphere","floor":25,"turns":6},{"damage":14,"enemies":"Centurion and Healer","floor":28,"turns":7},{"damage":55,"enemies":"Cultist and Chosen","floor":29,"turns":7},{"damage":37,"enemies":"Shelled Parasite and Fungi","floor":31,"turns":3}],"seed_played":"-7556286386350252345","potions_obtained":[{"floor":4,"key":"Explosive Potion"},{"floor":6,"key":"BlessingOfTheForge"},{"floor":12,"key":"Ancient Potion"},{"floor":16,"key":"FearPotion"},{"floor":19,"key":"Dexterity Potion"},{"floor":25,"key":"Regen Potion"},{"floor":29,"key":"LiquidBronze"}],"is_trial":false,"path_per_floor":["M","?","?","M","$","E","T","M","T","?","$","M","M","?","R","B",null,"M","?","M","M","$","R","$","M","T","R","M","M","R","M"],"character_chosen":"THE_SILENT","items_purchased":["EntropicBrew","DollysMirror"],"campfire_rested":3,"item_purchase_floors":[22,22],"current_hp_per_floor":[59,59,48,48,48,48,48,47,47,47,47,47,49,66,66,39,62,62,62,41,26,26,47,47,19,19,41,66,13,36,0,0],"gold":149,"neow_bonus":"THREE_ENEMY_KILL","is_daily":false,"chose_seed":false,"campfire_upgraded":1,"win_rate":0.0,"timestamp":1608181723,"path_taken":["M","?","?","?","$","E","?","M","T","?","$","M","?","?","R","BOSS","M","?","M","M","$","R","?","M","T","R","M","M","R","M"],"items_purchased_type":["Potion","Relic"],"build_version":"2020-12-13","purchased_purges":2,"victory":false,"max_hp_per_floor":[66,66,66,66,66,66,66,68,68,68,68,68,70,70,70,70,70,70,70,70,72,72,72,72,74,74,74,76,78,78,78,78],"card_choices":[{"not_picked":["Sucker Punch","Poisoned Stab"],"picked":"Caltrops","floor":1},{"not_picked":["Well Laid Plans","PiercingWail"],"picked":"Dash","floor":4},{"not_picked":["Flying Knee","Riddle With Holes"],"picked":"Escape Plan","floor":6},{"not_picked":["Infinite Blades","Accuracy","Skewer"],"picked":"Singing Bowl","floor":8},{"not_picked":["Underhanded Strike","Blur"],"picked":"Crippling Poison","floor":12},{"not_picked":["Cloak And Dagger","Phantasmal Killer","Underhanded Strike"],"picked":"Singing Bowl","floor":13},{"not_picked":["Wraith Form v2","Burst"],"picked":"Corpse Explosion","floor":16},{"not_picked":["Bane","Flying Knee"],"picked":"Poisoned Stab","floor":18},{"not_picked":["Skewer","Cloak And Dagger"],"picked":"Noxious Fumes","floor":20},{"not_picked":["All Out Attack+1","Quick Slash","Prepared"],"picked":"Singing Bowl","floor":21},{"not_picked":["Acrobatics","Accuracy","Caltrops"],"picked":"Singing Bowl","floor":25},{"not_picked":["Prepared","Dodge and Roll","Outmaneuver"],"picked":"Singing Bowl","floor":28},{"not_picked":["Dagger Spray","Blur","Dodge and Roll"],"picked":"Singing Bowl","floor":29}],"player_experience":1264140,"relics_obtained":[{"floor":6,"key":"Bag of Marbles"},{"floor":7,"key":"Singing Bowl"},{"floor":9,"key":"CeramicFish"},{"floor":26,"key":"Lantern"}],"event_choices":[{"damage_healed":0,"gold_gain":0,"player_choice":"Take Wound","damage_taken":0,"relics_obtained":["Golden Idol"],"max_hp_gain":0,"max_hp_loss":0,"event_name":"Golden Idol","floor":2,"gold_loss":0,"cards_obtained":["Injury"]},{"damage_healed":0,"gold_gain":75,"player_choice":"Gather Gold","damage_taken":11,"max_hp_gain":0,"max_hp_loss":0,"event_name":"World of Goop","floor":3,"gold_loss":0},{"damage_healed":0,"gold_gain":0,"player_choice":"Upgraded","damage_taken":0,"max_hp_gain":0,"max_hp_loss":0,"event_name":"Upgrade Shrine","floor":10,"gold_loss":0,"cards_upgraded":["Dash"]},{"damage_healed":17,"gold_gain":0,"player_choice":"Healed","damage_taken":0,"max_hp_gain":0,"max_hp_loss":0,"event_name":"The Cleric","floor":14,"gold_loss":35},{"damage_healed":0,"gold_gain":0,"player_choice":"Bought 3 Potions","damage_taken":0,"max_hp_gain":0,"max_hp_loss":0,"event_name":"The Woman in Blue","floor":19,"gold_loss":0}],"is_beta":false,"boss_relics":[{"not_picked":["Runic Pyramid","Philosopher\u0027s Stone"],"picked":"SacredBark"}],"items_purged_floors":[5,22],"is_endless":false,"potions_floor_spawned":[4,6,8,12,16,20,25,29],"killed_by":"Shelled Parasite and Fungi","ascension_level":17}}