{"host":"nox","time":1608171645,"event":{"mods":["BaseMod","Colored Powertips","Minty Spire (QoL Compilation)","Quick Restart","Replay The Spire","StSLib"],"gold_per_floor":[114,132,207,132,145,145,175,175,175,195,195,222,147,157,157,157,157],"floor_reached":16,"playtime":411,"items_purged":["Strike_R"],"score":154,"play_id":"17094e56-170d-456a-97da-a3341f6ef8ec","local_time":"20201217092045","is_ascension_mode":true,"campfire_choices":[{"data":"Bludgeon","floor":6.0,"key":"SMITH"},{"floor":11.0,"key":"RECALL"},{"data":"Double Tap","floor":15,"key":"SMITH"}],"circlet_count":0,"master_deck":["Strike_R","Strike_R","Strike_R","Strike_R","Defend_R","Defend_R","Defend_R","Defend_R","Bludgeon+1","Uppercut+1","Double Tap+1"],"relics":["Burning Blood","Molten Egg 2","Bottled Flame","Pocketwatch"],"acts_visited":["Exordium"],"potions_floor_usage":[],"damage_taken":[{"damage":7.0,"enemies":"2 Louse","floor":1.0,"turns":3.0},{"damage":9.0,"enemies":"Jaw Worm","floor":2.0,"turns":4.0},{"damage":0.0,"enemies":"Cultist","floor":5.0,"turns":4.0},{"damage":8.0,"enemies":"Gremlin Nob","floor":7.0,"turns":3.0},{"damage":0.0,"enemies":"Large Slime","floor":10.0,"turns":2.0},{"damage":15.0,"enemies":"Lagavulin","floor":12.0,"turns":3.0},{"damage":13,"enemies":"Blue Slaver","floor":14,"turns":5},{"damage":54,"enemies":"Hexaghost","floor":16,"turns":10}],"seed_played":"366797300267589710","potions_obtained":[{"floor":2.0,"key":"AttackPotion"},{"floor":7.0,"key":"Explosive Potion"}],"is_trial":false,"path_per_floor":["M","M","?","$","M","R","E","?","T","M","R","E","$","M","R","B"],"character_chosen":"IRONCLAD","items_purchased":["Bludgeon"],"campfire_rested":0,"item_purchase_floors":[4],"current_hp_per_floor":[79,76,65,65,71,71,69,62,62,68,68,59,59,52,52,0,0],"gold":157,"neow_bonus":"TEN_PERCENT_HP_BONUS","is_daily":false,"chose_seed":false,"campfire_upgraded":2,"win_rate":0.0,"timestamp":1608171645,"path_taken":["M","M","?","?","M","R","E","?","T","M","R","E","$","M","R","BOSS"],"items_purchased_type":["Card"],"build_version":"2020-11-17","purchased_purges":1,"victory":false,"max_hp_per_floor":[88,88,88,88,88,88,88,88,88,88,88,88,88,88,88,88,88],"card_choices":[{"not_picked":["Thunderclap","ReplayTheSpireMod:Limb From Limb","Body Slam"],"picked":"SKIP","floor":1.0},{"not_picked":["Clothesline","Heavy Blade","True Grit"],"picked":"SKIP","floor":2.0},{"not_picked":["Perfected Strike","Heavy Blade","Massacre"],"picked":"SKIP","floor":5.0},{"not_picked":["Sentinel","Flex"],"picked":"Uppercut+1","floor":7.0},{"not_picked":["Shockwave","Clothesline+1","ReplayTheSpireMod:Strike From Hell+1"],"picked":"SKIP","floor":10.0},{"not_picked":["Evolve","Twin Strike+1"],"picked":"Double Tap","floor":12.0},{"not_picked":["Headbutt+1","Thunderclap+1","Flex"],"picked":"SKIP","floor":14}],"player_experience":149958,"relics_obtained":[{"floor":7.0,"key":"Molten Egg 2"},{"floor":9.0,"key":"Bottled Flame"},{"floor":12.0,"key":"Pocketwatch"}],"event_choices":[{"damage_healed":0.0,"max_hp_gain":0.0,"max_hp_loss":0.0,"gold_gain":75.0,"event_name":"World of Goop","player_choice":"Gather Gold","floor":3.0,"gold_loss":0.0,"damage_taken":11.0},{"cards_removed":["Bash"],"damage_healed":0.0,"max_hp_gain":0.0,"max_hp_loss":0.0,"gold_gain":0.0,"event_name":"Golden Wing","player_choice":"Card Removal","floor":8.0,"gold_loss":0.0,"damage_taken":7.0}],"is_beta":true,"boss_relics":[],"items_purged_floors":[13],"is_endless":false,"potions_floor_spawned":[2,7],"killed_by":"Hexaghost","ascension_level":8}}