{"host":"4ih4fq53sefgqhvb","time":1608184278,"event":{"mods":["AchievementEnabler","Aspiration","Bard","BaseMod","BetterRewards","Colored Map","Colored Powertips","Conspire","Downfall","Googly Eyes","Hermit","Highlight Path","Hubris","Infinite Spire","Jedi Mod","Jorbs\u0027s Wanderer Trilogy","Marisa????????","Mimic Mod","Minty Spire (QoL Compilation)","Quick Restart","Relic Stats","Replay The Spire","Shop Mod","StSLib","The Animator","The Cursed","The Jungle","The Runesmith"],"gold_per_floor":[349,368,383,383,396,414,414,427,277,304,314,333,20,20,40,40,40],"floor_reached":16,"playtime":883,"items_purged":["conspire:Blindness"],"score":111,"play_id":"926a2221-fdc3-415a-9cbc-4e5a33fcf6c3","local_time":"20201216215118","is_ascension_mode":true,"campfire_choices":[{"floor":1,"key":"RECALL"},{"floor":9,"key":"REST"}],"circlet_count":0,"master_deck":["Slimebound:Strike_Slimebound","Slimebound:Strike_Slimebound","Slimebound:Strike_Slimebound","Slimebound:Tackle","Slimebound:Defend_Slimebound+1","Slimebound:Defend_Slimebound","Slimebound:Defend_Slimebound+1","Slimebound:Defend_Slimebound","Slimebound:Split","Slimebound:CorrosiveSpit","Slimebound:FormOfPuddle+1","Slimebound:DisruptingSlam","Slimebound:Nibble","Slimebound:SplitMire","Slimebound:PressTheAttack","Slimebound:LivingWall","Slimebound:TongueLash","Slimebound:GoopSpray","Slimebound:SlimeSlap","Slimebound:Gluttony","Slimebound:SplitMire","Slimebound:TongueLash","Slimebound:Schlurp","Slimebound:LeadByExample"],"relics":["Slimebound:AbsorbEndCombat","downfall:HeartBlessingRed","downfall:HeartBlessingBlue","War Paint"],"acts_visited":["Exordium"],"potions_floor_usage":[10,10,13,16,16],"damage_taken":[{"damage":12,"enemies":"Cultist","floor":2,"turns":4},{"damage":21,"enemies":"Small Slimes","floor":3,"turns":4},{"damage":4,"enemies":"2 Louse","floor":5,"turns":3},{"damage":22,"enemies":"Exordium Thugs","floor":6,"turns":6},{"damage":17,"enemies":"Red Slaver","floor":8,"turns":3},{"damage":22,"enemies":"Gremlin Nob","floor":10,"turns":2},{"damage":14,"enemies":"Large Slime","floor":11,"turns":4},{"damage":13,"enemies":"3 Louse","floor":12,"turns":2},{"damage":8,"enemies":"downfall:FleeingMerchant","floor":13,"turns":4},{"damage":6,"enemies":"Exordium Wildlife","floor":15,"turns":2},{"damage":85,"enemies":"downfall:Defect","floor":16,"turns":5}],"seed_played":"8129539923271520856","potions_obtained":[{"floor":2,"key":"SpeedPotion"},{"floor":5,"key":"Strength Potion"},{"floor":6,"key":"champ:CounterPotion"},{"floor":11,"key":"jedi:hoardpotion"},{"floor":12,"key":"hexamod:EctoCoolerPotion"},{"floor":15,"key":"Toxic Potion"}],"is_trial":false,"path_per_floor":["R_BF","M","M","?","M","M","T","M","R","E","M","M","$","?","M","B"],"character_chosen":"SLIMEBOUND","items_purchased":["Slimebound:Gluttony","Slimebound:SplitMire","Slimebound:TongueLash","Slimebound:Schlurp"],"campfire_rested":1,"item_purchase_floors":[13,13,13,13],"current_hp_per_floor":[60,56,51,51,55,49,49,48,70,55,69,68,70,70,68,0,0],"gold":40,"neow_bonus":"TWO_FIFTY_GOLD","is_daily":false,"chose_seed":false,"campfire_upgraded":0,"win_rate":0.0,"timestamp":1608184278,"path_taken":["R_BF","?","M","?","M","M","T","?","R","E","M","M","$","?","M","BOSS"],"items_purchased_type":["Card","Card","Card","Card"],"build_version":"2020-12-13","purchased_purges":1,"victory":false,"max_hp_per_floor":[60,60,60,60,60,60,60,60,70,70,70,70,70,70,70,70,70],"relic_stats":{"counters":[11,38],"War Paint":["Slimebound:Defend_Slimebound","Slimebound:Defend_Slimebound"],"obtain_stats":[{"downfall:HeartBlessingRed":9,"downfall:HeartBlessingBlue":9,"Slimebound:AbsorbEndCombat":0,"War Paint":10},{"downfall:HeartBlessingRed":5,"downfall:HeartBlessingBlue":5,"Slimebound:AbsorbEndCombat":0,"War Paint":6},{"downfall:HeartBlessingRed":19,"downfall:HeartBlessingBlue":19,"Slimebound:AbsorbEndCombat":0,"War Paint":21}]},"card_choices":[{"not_picked":["Slimebound:PressTheAttack","Slimebound:SplitMire"],"picked":"Slimebound:FormOfPuddle","floor":2},{"not_picked":["Slimebound:SplitAcid","Slimebound:Overexert"],"picked":"Slimebound:DisruptingSlam","floor":3},{"not_picked":["Slimebound:ComboTackle","Slimebound:Replication"],"picked":"Slimebound:Nibble","floor":5},{"not_picked":["Slimebound:GrowthPunch","Slimebound:ViciousTackle"],"picked":"Slimebound:SplitMire","floor":6},{"not_picked":["Slimebound:SplitBruiser","Slimebound:FirmFortitude"],"picked":"Slimebound:PressTheAttack","floor":8},{"not_picked":["Slimebound:GrowthPunch","Slimebound:SplitBruiser"],"picked":"Slimebound:LivingWall","floor":10},{"not_picked":["Slimebound:Dissolve","Slimebound:Grow"],"picked":"Slimebound:TongueLash","floor":11},{"not_picked":["Slimebound:FlameTackle","Slimebound:SplitAcid"],"picked":"Slimebound:GoopSpray","floor":12},{"not_picked":["Slimebound:LeechingTouch","Slimebound:GrowthPunch"],"picked":"Slimebound:SlimeSlap","floor":13},{"not_picked":["Slimebound:SplitLeeching","Slimebound:SplitMire"],"picked":"Slimebound:LeadByExample","floor":15}],"player_experience":849666,"relics_obtained":[{"floor":10,"key":"War Paint"}],"event_choices":[{"damage_healed":0,"gold_gain":0,"player_choice":"Upgraded","damage_taken":0,"max_hp_gain":0,"max_hp_loss":0,"event_name":"Upgrade Shrine","floor":4,"gold_loss":0,"cards_upgraded":["Slimebound:FormOfPuddle"]},{"damage_healed":0,"gold_gain":0,"player_choice":"Leave","damage_taken":0,"max_hp_gain":0,"max_hp_loss":0,"event_name":"conspire:Investor","floor":14,"gold_loss":0}],"is_beta":false,"boss_relics":[],"items_purged_floors":[13],"is_endless":false,"potions_floor_spawned":[2,5,6,11,12,15],"killed_by":"downfall:Defect","ascension_level":1}}