{"host":"c2uqqd95064gpl63","time":1608243422,"event":{"mods":["Act Like it!","Bard","BaseMod","Better Match","Better Skull","Better Third Choice","Downfall","Elementarium","Luminous","Melee Mod","Menagerie","Minty Spire (QoL Compilation)","Quick Restart","StSLib","The Cursed","The Dragon Tamer","The Exalted","The Trickster"],"gold_per_floor":[210,210,210,221,237,237,237,207,207,221,256,280,299,319,319,448,448,471,471,471,411,425,466,466,466,466,114,135,169,169,188,188,309,309,330,351,415,27,50,93,0,43,43,106,225,259,259,292,292,292],"floor_reached":51,"playtime":7111,"items_purged":[],"score":968,"play_id":"f2fc2c96-3a86-41e6-95f4-d6e874dc8aee","local_time":"20201217141702","is_ascension_mode":true,"campfire_choices":[{"data":"Luminous:Flash_Blink_Luminous","floor":6.0,"key":"SMITH"},{"floor":15.0,"key":"REST"},{"data":"Luminous:Freud_Wisdom1_Luminous","floor":24.0,"key":"SMITH"},{"floor":30.0,"key":"REST"},{"data":"Luminous:Freud_Wisdom1_Luminous+1","floor":32.0,"key":"SMITH"},{"data":"Luminous:Arcane_Rage_Luminous","floor":47,"key":"SMITH"},{"data":"Luminous:Dark_Apocalypse","floor":49,"key":"SMITH"}],"circlet_count":0,"master_deck":["Luminous:Light_Flash_Shower","Luminous:Light_Flash_Shower","Luminous:Light_Flash_Shower","Luminous:Dark_Abyssal_Drop","Luminous:Dark_Abyssal_Drop","Luminous:Dark_Abyssal_Drop","Luminous:Defend_Luminous+1","Luminous:Defend_Luminous","Luminous:Defend_Luminous","Luminous:Switch_Luminous","Luminous:Dark_Pressure_Void+1","Luminous:Flash_Blink_Luminous+1","Luminous:Concentrate_Luminous","Luminous:Darkness_Mastery_Luminous","Luminous:Dusk_Guard_Luminous","Luminous:Light_Glare","Luminous:Freud_Wisdom1_Luminous","Luminous:Flash_Blink_Luminous","Luminous:Freud_Wisdom1_Luminous+2","CurseOfTheBell","Luminous:Light_Wash_Luminous+1","Luminous:Light_Gather","Luminous:Abyss_Heart_Luminous+1","Luminous:Dark_Pressure_Void","Luminous:Freud_Wisdom1_Luminous+2","Luminous:Dark_Morning_Star+1","Luminous:Dark_Pressure_Void","Luminous:Dark_Pressure_Void+1","Luminous:Arcane_Rage_Luminous+1","Luminous:Concentrate_Luminous+1","Luminous:Dark_Moonlight_Spear+1","Luminous:Concentrate_Luminous","Luminous:Balance_Death_Scythe","Luminous:Dark_Raid+1","Luminous:Dark_Dim_Erosion+1","Luminous:Dusk_Guard_Luminous+1","Jack Of All Trades","Luminous:Light_Track","Luminous:Dark_Apocalypse+1"],"relics":["Luminous:MirrorRelic","Bag of Preparation","Golden Idol","Pantograph","Ancient Tea Set","Calling Bell","Bromod:ArcaneConsequence","Blue Candle","Turnip","MutagenicStrength","Guardian:PocketSentry","Toy Ornithopter","DollysMirror","Omamori","PreservedInsect","Bromod:ArcaneEnergize","Bromod:ArcanePulse","War Paint","Mummified Hand","Bromod:ArcaneGuardian","Red Mask","Vajra","Bottled Tornado","Peace Pipe","Mercury Hourglass","Frozen Egg 2","Mercury Hourglass"],"acts_visited":["Exordium","TheCity","TheBeyond"],"potions_floor_usage":[40,40,50],"damage_taken":[{"damage":3.0,"enemies":"Small Slimes","floor":1.0,"turns":4.0},{"damage":11.0,"enemies":"Jaw Worm","floor":4.0,"turns":2.0},{"damage":9.0,"enemies":"2 Louse","floor":5.0,"turns":3.0},{"damage":13.0,"enemies":"Large Slime","floor":10.0,"turns":8.0},{"damage":18.0,"enemies":"3 Sentries","floor":11.0,"turns":12.0},{"damage":4.0,"enemies":"Gremlin Gang","floor":12.0,"turns":6.0},{"damage":0.0,"enemies":"2 Fungi Beasts","floor":13.0,"turns":5.0},{"damage":0.0,"enemies":"Large Slime","floor":14.0,"turns":6.0},{"damage":3.0,"enemies":"Slime Boss","floor":16.0,"turns":11.0},{"damage":10.0,"enemies":"Chosen","floor":18.0,"turns":13.0},{"damage":4.0,"enemies":"2 Thieves","floor":21.0,"turns":4.0},{"damage":26.0,"enemies":"Snake Plant","floor":22.0,"turns":6.0},{"damage":11.0,"enemies":"Gremlin Leader","floor":23.0,"turns":13.0},{"damage":19.0,"enemies":"Centurion and Healer","floor":28.0,"turns":14.0},{"damage":47.0,"enemies":"Slavers","floor":29.0,"turns":8.0},{"damage":2.0,"enemies":"Chosen and Byrds","floor":31.0,"turns":11.0},{"damage":17.0,"enemies":"Champ","floor":33.0,"turns":12.0},{"damage":19,"enemies":"Orb Walker","floor":35,"turns":7},{"damage":19,"enemies":"3 Shapes","floor":36,"turns":8},{"damage":19,"enemies":"2 Orb Walkers","floor":37,"turns":8},{"damage":15,"enemies":"Writhing Mass","floor":39,"turns":8},{"damage":24,"enemies":"Reptomancer","floor":40,"turns":8},{"damage":19,"enemies":"Nemesis","floor":42,"turns":9},{"damage":1,"enemies":"Mind Bloom Boss Battle","floor":44,"turns":8},{"damage":1,"enemies":"Giant Head","floor":46,"turns":10},{"damage":1,"enemies":"Nemesis","floor":48,"turns":9},{"damage":12,"enemies":"Donu and Deca","floor":50,"turns":11}],"seed_played":"2307528327547456033","potions_obtained":[{"floor":8.0,"key":"BlessingOfTheForge"},{"floor":8.0,"key":"Energy Potion"},{"floor":10.0,"key":"Dexterity Potion"},{"floor":11.0,"key":"DistilledChaos"},{"floor":12.0,"key":"Swift Potion"},{"floor":14.0,"key":"Weak Potion"},{"floor":18.0,"key":"hexamod:EctoCoolerPotion"},{"floor":28.0,"key":"Fire Potion"},{"floor":33.0,"key":"Weak Potion"},{"floor":35,"key":"FairyPotion"},{"floor":42,"key":"Guardian:BlockOnCardUsePotion"},{"floor":44,"key":"Fire Potion"},{"floor":45,"key":"FairyPotion"}],"is_trial":false,"path_per_floor":["M","?","?","M","M","R","?","?","T","M","E","M","M","M","R","B",null,"M","?","?","M","M","E","R","?","T","$","M","E","R","M","R","B",null,"M","M","?","$","M","E","?","E","T","?","?","E","R","E","R","B",null],"character_chosen":"LuminousClass","items_purchased":["Luminous:Dark_Pressure_Void","DollysMirror","Omamori","War Paint","Mummified Hand"],"campfire_rested":2,"item_purchase_floors":[27,27,27,38,38],"current_hp_per_floor":[72,60,60,49,40,40,40,40,40,27,9,5,5,9,31,57,75,72,72,72,72,54,51,51,51,51,51,44,5,27,33,33,53,75,60,53,42,42,37,40,40,36,36,74,74,75,75,75,75,71],"gold":292,"neow_bonus":"HUNDRED_GOLD","is_daily":false,"chose_seed":false,"campfire_upgraded":5,"win_rate":0.0,"timestamp":1608243422,"path_taken":["M","?","?","M","M","R","?","?","T","?","E","M","M","M","R","BOSS","M","?","?","?","M","E","R","?","T","$","M","E","R","M","R","BOSS","M","M","?","$","M","E","?","E","T","?","?","E","R","E","R","BOSS"],"items_purchased_type":["Card","Relic","Relic","Relic","Relic"],"build_version":"2020-12-13","purchased_purges":0,"victory":true,"max_hp_per_floor":[75,75,75,75,75,75,75,75,75,75,75,75,75,75,75,75,75,75,75,75,75,75,75,75,75,75,75,75,75,75,75,75,75,75,75,75,75,75,75,75,75,75,75,75,75,75,75,75,75,75],"card_choices":[{"not_picked":["Luminous:Light_Wash_Luminous","Luminous:Dark_Raid"],"picked":"Luminous:Dark_Pressure_Void","floor":1.0},{"not_picked":["Luminous:Darks_Surge_Luminous","Luminous:Accumulation_Luminous"],"picked":"Luminous:Flash_Blink_Luminous","floor":4.0},{"not_picked":["Luminous:Accumulation_Luminous","Luminous:Sympathy_Luminous"],"picked":"Luminous:Concentrate_Luminous","floor":5.0},{"not_picked":["Luminous:Light_Ray_of_Redemption","Luminous:Concentrate_Luminous"],"picked":"Luminous:Darkness_Mastery_Luminous","floor":10.0},{"not_picked":["Luminous:Concentrate_Luminous","Luminous:Light_Sylvan_Lance"],"picked":"Luminous:Dusk_Guard_Luminous","floor":11.0},{"not_picked":["Luminous:Light_Wash_Luminous","Luminous:Light_Disperse"],"picked":"Luminous:Light_Glare","floor":12.0},{"not_picked":["Luminous:Dark_Dim_Erosion","Luminous:Dusk_Guard_Luminous"],"picked":"Luminous:Freud_Wisdom1_Luminous","floor":13.0},{"not_picked":["Luminous:Light_Wash_Luminous","Luminous:Light_Disperse"],"picked":"Luminous:Flash_Blink_Luminous","floor":14.0},{"not_picked":["Luminous:Ethereal_Form_Luminous","Luminous:Dark_Crescendo_Luminous"],"picked":"Luminous:Freud_Wisdom1_Luminous","floor":16.0},{"not_picked":["Luminous:Dark_Moonlight_Spear","Luminous:Dark_Dim_Erosion"],"picked":"Luminous:Light_Wash_Luminous+1","floor":18.0},{"not_picked":["Luminous:Hero_Will_Luminous","Luminous:Dark_Dim_Erosion","Luminous:Reverse_Spell_Luminous"],"picked":"SKIP","floor":21.0},{"not_picked":["Luminous:Mana_Overload_Luminous","Luminous:Accumulation_Luminous"],"picked":"Luminous:Light_Gather","floor":22.0},{"not_picked":["Luminous:Light_Disperse","Luminous:Light_Wash_Luminous"],"picked":"Luminous:Abyss_Heart_Luminous+1","floor":23.0},{"not_picked":["Luminous:Light_Disperse+1","Luminous:Light_Wash_Luminous"],"picked":"Luminous:Dark_Morning_Star+1","floor":28.0},{"not_picked":["Luminous:Dark_Dim_Erosion","Luminous:Erosion_Luminous"],"picked":"Luminous:Dark_Pressure_Void","floor":29.0},{"not_picked":["Luminous:Shadow_Shell_Luminous","Luminous:Light_Sylvan_Lance"],"picked":"Luminous:Dark_Pressure_Void+1","floor":31.0},{"not_picked":["Luminous:Balance_Baptism","Luminous:Equalize_Luminous"],"picked":"Luminous:Arcane_Rage_Luminous","floor":33.0},{"not_picked":["Luminous:Lights_Protection_Luminous","Luminous:Tune_Luminous"],"picked":"Luminous:Concentrate_Luminous+1","floor":35},{"not_picked":["Luminous:Light_Gather+1","Luminous:Fast_Spell_Luminous"],"picked":"Luminous:Dark_Moonlight_Spear+1","floor":36},{"not_picked":["Luminous:Blinding_Pillar_Luminous","Luminous:Accumulation_Luminous+1"],"picked":"Luminous:Concentrate_Luminous","floor":37},{"not_picked":["Luminous:Magic_Accelerate_Luminous+1","Luminous:Dark_Arcane_Pitch+1"],"picked":"Luminous:Balance_Death_Scythe","floor":39},{"not_picked":["Luminous:Light_Glare","Luminous:Balance_Aether_Conduit"],"picked":"Luminous:Dark_Raid+1","floor":40},{"not_picked":["Luminous:Reverse_Spell_Luminous","Luminous:Light_Gather"],"picked":"Luminous:Dark_Dim_Erosion+1","floor":42},{"not_picked":["Luminous:Dark_Raid","Luminous:Light_Glare"],"picked":"Luminous:Dusk_Guard_Luminous+1","floor":44},{"not_picked":["expansioncontent:CaCaw","expansioncontent:GoopSpray"],"picked":"Jack Of All Trades","floor":45},{"not_picked":["Luminous:Dark_Pressure_Void","Luminous:Light_Wash_Luminous+1"],"picked":"Luminous:Light_Track","floor":46},{"not_picked":["Luminous:Light_Gather+1","Luminous:Concentrate_Luminous+1"],"picked":"Luminous:Dark_Apocalypse","floor":48}],"player_experience":702285,"relics_obtained":[{"floor":9.0,"key":"Pantograph"},{"floor":11.0,"key":"Ancient Tea Set"},{"floor":17.0,"key":"Bromod:ArcaneConsequence"},{"floor":17.0,"key":"Blue Candle"},{"floor":17.0,"key":"Turnip"},{"floor":23.0,"key":"Guardian:PocketSentry"},{"floor":26.0,"key":"Toy Ornithopter"},{"floor":29.0,"key":"PreservedInsect"},{"floor":37,"key":"Bromod:ArcanePulse"},{"floor":40,"key":"Bromod:ArcaneGuardian"},{"floor":42,"key":"Vajra"},{"floor":43,"key":"Bottled Tornado"},{"floor":44,"key":"Peace Pipe"},{"floor":45,"key":"Mercury Hourglass"},{"floor":46,"key":"Frozen Egg 2"},{"floor":48,"key":"Mercury Hourglass"}],"event_choices":[{"damage_healed":0.0,"max_hp_gain":0.0,"max_hp_loss":0.0,"gold_gain":0.0,"event_name":"betterThird:BetterScrap","player_choice":"Relic ","floor":2.0,"gold_loss":0.0,"damage_taken":12.0,"cards_obtained":["Masterful Stab"]},{"damage_healed":0.0,"max_hp_gain":0.0,"max_hp_loss":0.0,"gold_gain":0.0,"event_name":"Living Wall","player_choice":"Grow","floor":3.0,"gold_loss":0.0,"damage_taken":0.0,"cards_upgraded":["Luminous:Dark_Pressure_Void"]},{"damage_healed":0.0,"max_hp_gain":0.0,"max_hp_loss":0.0,"gold_gain":0.0,"event_name":"Golden Idol","player_choice":"Take Wound","floor":7.0,"gold_loss":0.0,"damage_taken":0.0,"relics_obtained":["Golden Idol"],"cards_obtained":["Injury"]},{"damage_healed":0.0,"max_hp_gain":0.0,"max_hp_loss":0.0,"gold_gain":0.0,"event_name":"The Woman in Blue","player_choice":"Bought 2 Potions","floor":8.0,"gold_loss":0.0,"damage_taken":0.0},{"cards_removed":["Injury"],"damage_healed":0.0,"max_hp_gain":0.0,"max_hp_loss":0.0,"gold_gain":0.0,"event_name":"betterThird:BetterWriting","player_choice":"Elegance","floor":19.0,"gold_loss":0.0,"damage_taken":0.0},{"damage_healed":0.0,"max_hp_gain":0.0,"max_hp_loss":0.0,"gold_gain":0.0,"event_name":"Drug Dealer","player_choice":"Inject Mutagens","floor":20.0,"gold_loss":0.0,"damage_taken":0.0,"relics_obtained":["MutagenicStrength"]},{"cards_removed":["Luminous:Defend_Luminous"],"damage_healed":0.0,"max_hp_gain":0.0,"max_hp_loss":0.0,"gold_gain":0.0,"event_name":"Purifier","player_choice":"Purged","floor":25.0,"gold_loss":0.0,"damage_taken":0.0},{"damage_healed":0,"gold_gain":0,"player_choice":"Fight","damage_taken":0,"max_hp_gain":0,"max_hp_loss":0,"event_name":"Mysterious Sphere","floor":37,"gold_loss":0},{"damage_healed":0,"gold_gain":0,"player_choice":"Paid","damage_taken":0,"relics_obtained":["Red Mask"],"max_hp_gain":0,"max_hp_loss":0,"event_name":"Tomb of Lord Red Mask","floor":41,"gold_loss":93},{"damage_healed":0,"gold_gain":0,"player_choice":"Fight","damage_taken":0,"max_hp_gain":0,"max_hp_loss":0,"event_name":"MindBloom","floor":44,"gold_loss":0},{"damage_healed":0,"gold_gain":0,"player_choice":"Random: Red","damage_taken":0,"max_hp_gain":0,"max_hp_loss":0,"event_name":"betterThird:BetterPortal","floor":45,"gold_loss":0}],"is_beta":false,"boss_relics":[{"not_picked":["Runic Pyramid","Bromod:ArcaneGrace"],"picked":"Calling Bell"},{"not_picked":["Velvet Choker","Runic Dome"],"picked":"Bromod:ArcaneEnergize"}],"items_purged_floors":[],"is_endless":false,"potions_floor_spawned":[10,11,12,14,18,28,33,35,39,42,44,46],"ascension_level":1}}