{"host":"gbop6m4qugddaz18","time":1608226659,"event":{"mods":["2.2 Compatiblity","BaseMod","Better Third Choice","Block Reminder","Downfall","GifTheSpireLib","Highlight Path","Minty Spire (QoL Compilation)","Replay The Spire","StSLib"],"gold_per_floor":[109,109,124,145,158,202,202,217,217,217,252,252,293,306,306,434,434,455,478,8,8,8,42,55,55,55,91,114,38,38,38,38],"floor_reached":31,"playtime":2532,"items_purged":["Pain"],"score":325,"play_id":"d5f7425c-630b-4a60-b043-06dc743da7eb","local_time":"20201217123739","is_ascension_mode":true,"campfire_choices":[{"floor":10,"key":"REST"},{"floor":12,"key":"REST"},{"floor":15,"key":"REST"},{"floor":25,"key":"REST"},{"floor":30,"key":"REST"}],"circlet_count":0,"master_deck":["Strike_G","Strike_G","Strike_G","Strike_G","Strike_G","Defend_G","Defend_G","Defend_G","Defend_G","Defend_G","Survivor","Neutralize","Dodge and Roll","Injury","Poisoned Stab","Accuracy+1","Dodge and Roll","ReplayTheSpireMod:Shiv Toss+1","Blade Dance+1","Slice","Backflip","Dodge and Roll","Die Die Die+1","CurseOfTheBell","Outmaneuver","Infinite Blades","Caltrops","Shame","Prepared","Sucker Punch","Cloak And Dagger","Acrobatics","Flying Knee"],"relics":["Ring of the Snake","NeowsBlessing","Golden Idol","Pen Nib","Replay:Bottled Eggs","Bottled Flame","Art of War","Calling Bell","Smiling Mask","Snack Pack","Du-Vu Doll","Kunai","Guide Book","Gremlin Horn","Centennial Puzzle","Chameleon Ring","Replay:Bottled Flurry","Replay:Bottled Steam"],"acts_visited":["Exordium","TheCity"],"potions_floor_usage":[6,16,16,23,31,31],"damage_taken":[{"damage":0.0,"enemies":"Jaw Worm","floor":1.0,"turns":1.0},{"damage":0.0,"enemies":"Cultist","floor":3.0,"turns":1.0},{"damage":0.0,"enemies":"Small Slimes","floor":4.0,"turns":1.0},{"damage":4.0,"enemies":"Blue Slaver","floor":5.0,"turns":5.0},{"damage":25,"enemies":"3 Sentries","floor":6,"turns":12},{"damage":34,"enemies":"Lots of Slimes","floor":8,"turns":11},{"damage":4,"enemies":"Gremlin Nob","floor":11,"turns":3},{"damage":6,"enemies":"3 Sentries","floor":13,"turns":8},{"damage":0,"enemies":"Looter","floor":14,"turns":3},{"damage":20,"enemies":"Hexaghost","floor":16,"turns":12},{"damage":45,"enemies":"3 Byrds","floor":18,"turns":6},{"damage":14,"enemies":"Shell Parasite","floor":19,"turns":5},{"damage":20,"enemies":"Gremlin Leader","floor":23,"turns":7},{"damage":13,"enemies":"3 Cultists","floor":24,"turns":3},{"damage":11,"enemies":"Replay:Snechameleon","floor":27,"turns":6},{"damage":16,"enemies":"Centurion and Healer","floor":28,"turns":4},{"damage":38,"enemies":"Cultist and Chosen","floor":31,"turns":4}],"seed_played":"-1653313703229033771","potions_obtained":[{"floor":5,"key":"Explosive Potion"},{"floor":6,"key":"CunningPotion"},{"floor":8,"key":"Dexterity Potion"},{"floor":11,"key":"AttackPotion"},{"floor":19,"key":"BlessingOfTheForge"},{"floor":23,"key":"Ancient Potion"}],"is_trial":false,"path_per_floor":["M","?","M","M","M","E","?","M","T","R","E","R","E","M","R","B",null,"M","M","$","?","?","E","M","R","T","E","M","$","R","M"],"character_chosen":"THE_SILENT","items_purchased":["Kunai","Guide Book","Caltrops","Flying Knee"],"campfire_rested":5,"item_purchase_floors":[20,20,20,29],"current_hp_per_floor":[70,70,70,70,66,41,41,7,7,28,24,45,39,39,60,40,70,29,21,21,21,21,13,4,25,25,18,4,4,25,0,0],"gold":38,"neow_bonus":"THREE_ENEMY_KILL","is_daily":false,"chose_seed":false,"campfire_upgraded":0,"win_rate":0.0,"timestamp":1608226659,"path_taken":["M","?","M","M","M","E","?","?","T","R","E","R","E","M","R","BOSS","M","M","$","?","?","E","M","R","T","E","M","$","R","M"],"items_purchased_type":["Relic","Relic","Card","Card"],"build_version":"2020-12-13","purchased_purges":1,"victory":false,"max_hp_per_floor":[70,70,70,70,70,70,70,70,70,70,70,70,70,70,70,70,70,70,70,70,70,70,70,70,70,70,70,70,70,70,70,70],"card_choices":[{"not_picked":["Outmaneuver","Dagger Spray"],"picked":"Dodge and Roll","floor":1.0},{"not_picked":["Dash","Distraction"],"picked":"Poisoned Stab","floor":3.0},{"not_picked":["Replay:Poison Smokescreen","Dagger Throw"],"picked":"Accuracy","floor":4.0},{"not_picked":["ReplayTheSpireMod:Speed Training","PiercingWail"],"picked":"Dodge and Roll","floor":5},{"not_picked":["Escape Plan","Footwork"],"picked":"ReplayTheSpireMod:Shiv Toss","floor":6},{"not_picked":["Prepared","Deflect"],"picked":"Blade Dance","floor":8},{"not_picked":["Setup","Draining Mist"],"picked":"Slice","floor":11},{"not_picked":["Heel Hook","ReplayTheSpireMod:Exploit Weakness"],"picked":"Backflip","floor":13},{"not_picked":["Toxin Wave","Bane"],"picked":"Dodge and Roll","floor":14},{"not_picked":["Wraith Form v2","Poison Darts"],"picked":"Die Die Die","floor":16},{"not_picked":["Slice","Poisoned Stab"],"picked":"Outmaneuver","floor":18},{"not_picked":["Underhanded Strike","Outmaneuver"],"picked":"Infinite Blades","floor":19},{"not_picked":["Quick Slash","ReplayTheSpireMod:Necrosis"],"picked":"Prepared","floor":23},{"not_picked":["ReplayTheSpireMod:Shiv Toss","Deadly Poison"],"picked":"Sucker Punch","floor":24},{"not_picked":["PiercingWail","Dodge and Roll"],"picked":"Cloak And Dagger","floor":27},{"not_picked":["Underhanded Strike","Bouncing Flask"],"picked":"Acrobatics","floor":28}],"player_experience":444372,"relics_obtained":[{"floor":6,"key":"Pen Nib"},{"floor":9,"key":"Replay:Bottled Eggs"},{"floor":11,"key":"Bottled Flame"},{"floor":13,"key":"Art of War"},{"floor":17,"key":"Smiling Mask"},{"floor":17,"key":"Snack Pack"},{"floor":17,"key":"Du-Vu Doll"},{"floor":23,"key":"Chameleon Ring"},{"floor":26,"key":"Replay:Bottled Flurry"},{"floor":27,"key":"Replay:Bottled Steam"}],"event_choices":[{"damage_healed":0.0,"max_hp_gain":0.0,"max_hp_loss":0.0,"gold_gain":0.0,"event_name":"Golden Idol","player_choice":"Take Wound","floor":2.0,"gold_loss":0.0,"damage_taken":0.0,"relics_obtained":["Golden Idol"],"cards_obtained":["Injury"]},{"damage_healed":0,"gold_gain":0,"player_choice":"Upgraded","damage_taken":0,"max_hp_gain":0,"max_hp_loss":0,"event_name":"Upgrade Shrine","floor":7,"gold_loss":0,"cards_upgraded":["Accuracy"]},{"damage_healed":0,"gold_gain":0,"player_choice":"Stole Relic","damage_taken":0,"relics_obtained":["Centennial Puzzle"],"max_hp_gain":0,"max_hp_loss":0,"event_name":"Addict","floor":22,"gold_loss":0,"cards_obtained":["Shame"]}],"is_beta":false,"boss_relics":[{"not_picked":["Ring of Chaos","Coffee Dripper"],"picked":"Calling Bell"}],"items_purged_floors":[29],"is_endless":false,"potions_floor_spawned":[5,6,8,11,13,19,23],"killed_by":"Cultist and Chosen","ascension_level":2}}