{"host":"cyh4fejqtcjbfr7k","time":1608184041,"event":{"mods":["2.2 Compatiblity","AchievementEnabler","BaseMod","Colored Map","Colored Powertips","DeckTracker","Downfall","Googly Eyes","Hubris","Infinite Spire","Minty Spire (QoL Compilation)","Replay The Spire","Shop Mod","StSLib","SuperFastMode","Unceasing Turn Reminder"],"gold_per_floor":[114,189,189,200,218,218,249,249,317,317,317,292,292,310,310,406,406,416,416,416,436,449,449,409,443,443,443,443,476,494,506,506,606,606,625,641,641,641,641],"floor_reached":38,"playtime":1431,"items_purged":[],"score":537,"play_id":"a9c23596-39d6-40fd-b161-f8a775ecb8b5","local_time":"20201216224721","is_ascension_mode":true,"campfire_choices":[{"floor":6,"key":"REST"},{"floor":8,"key":"REST"},{"data":"Blade Dance","floor":10,"key":"SMITH"},{"data":"Cloak And Dagger","floor":13,"key":"SMITH"},{"floor":15,"key":"REST"},{"data":"Neutralize","floor":23,"key":"SMITH"},{"data":"Backflip","floor":27,"key":"SMITH"},{"floor":32,"key":"REST"}],"circlet_count":0,"master_deck":["Strike_G","Strike_G","Strike_G","Strike_G","Strike_G","Defend_G","Defend_G","Defend_G","Defend_G","Defend_G","Survivor","Neutralize+1","Cloak And Dagger+1","Backflip+1","Blade Dance+1","Backstab","Blade Dance+1","Dodge and Roll+1","Cloak And Dagger+1","Phantasmal Killer+1","Outmaneuver+1","Hidden Blade+1","Blade Dance+1","Accuracy+1","Outmaneuver+1","Hidden Blade+1","Cloak And Dagger+1","Glass Knife","Infinite Blades"],"relics":["Ring of the Snake","Vajra","Toxic Egg 2","Sozu","MerchantsRug","Red Mask","infinitespire:PuzzleCube","Ninja Scroll"],"acts_visited":["Exordium","TheCity","TheBeyond"],"potions_floor_usage":[16],"damage_taken":[{"damage":0,"enemies":"Jaw Worm","floor":1,"turns":4},{"damage":0,"enemies":"Small Slimes","floor":4,"turns":3},{"damage":8,"enemies":"infinitespire:Voidling","floor":5,"turns":3},{"damage":32,"enemies":"Lagavulin","floor":7,"turns":6},{"damage":0,"enemies":"Lots of Slimes","floor":14,"turns":2},{"damage":42,"enemies":"Fading Forest","floor":16,"turns":11},{"damage":0,"enemies":"2 Thieves","floor":18,"turns":3},{"damage":0,"enemies":"Spheric Guardian","floor":21,"turns":3},{"damage":2,"enemies":"Shelled Parasite and Fungi","floor":22,"turns":2},{"damage":3,"enemies":"Masked Bandits","floor":25,"turns":3},{"damage":14,"enemies":"Slavers","floor":29,"turns":5},{"damage":0,"enemies":"3 Cultists","floor":30,"turns":4},{"damage":0,"enemies":"Snecko","floor":31,"turns":3},{"damage":6,"enemies":"hubris:MusketHawk","floor":33,"turns":6},{"damage":0,"enemies":"Orb Walker","floor":35,"turns":2},{"damage":46,"enemies":"3 Shapes","floor":36,"turns":3},{"damage":27,"enemies":"Maw","floor":38,"turns":2}],"seed_played":"-6979937625452662770","potions_obtained":[{"floor":1,"key":"Weak Potion"},{"floor":7,"key":"Energy Potion"},{"floor":14,"key":"Ancient Potion"}],"is_trial":false,"path_per_floor":["M","?","?","M","M","R","E","R","T","R","?","$","R","M","R","B",null,"M","?","?","M","M","R","$","?","T","R","$","E","M","M","R","B",null,"M","M","?","M"],"character_chosen":"THE_SILENT","items_purchased":["Dodge and Roll+1","MerchantsRug"],"campfire_rested":4,"item_purchase_floors":[12,24],"current_hp_per_floor":[70,59,56,56,53,70,38,59,59,59,59,59,59,59,70,29,70,70,70,70,70,68,68,68,65,65,65,65,51,51,51,70,64,70,70,24,24,0,0],"gold":641,"neow_bonus":"RANDOM_EVENT","is_daily":false,"chose_seed":false,"campfire_upgraded":4,"win_rate":0.0,"timestamp":1608184041,"path_taken":["M","?","?","M","M","R","E","R","T","R","?","$","R","?","R","BOSS","M","?","?","?","?","R","$","?","T","R","?","E","?","M","R","BOSS","M","?","?","M"],"items_purchased_type":["Card","Relic"],"build_version":"2020-12-13","purchased_purges":0,"victory":false,"max_hp_per_floor":[70,70,70,70,70,70,70,70,70,70,70,70,70,70,70,70,70,70,70,70,70,70,70,70,70,70,70,70,70,70,70,70,70,70,70,70,70,70,70],"card_choices":[{"not_picked":["Draining Mist","Bouncing Flask"],"picked":"Backflip","floor":1},{"not_picked":["Flying Knee","Sucker Punch"],"picked":"Blade Dance","floor":4},{"not_picked":["Sucker Punch","Outmaneuver"],"picked":"Backstab","floor":5},{"not_picked":["Noxious Fumes","Underhanded Strike"],"picked":"Blade Dance","floor":7},{"not_picked":["Toxin Wave+1","Well Laid Plans"],"picked":"Cloak And Dagger+1","floor":14},{"not_picked":["infinitespire:Neurotoxin+1","Glass Knife"],"picked":"Phantasmal Killer+1","floor":16},{"not_picked":["Calculated Gamble+1","Crippling Poison+1"],"picked":"Outmaneuver+1","floor":18},{"not_picked":["Blur+1","Slice+1"],"picked":"Hidden Blade+1","floor":21},{"not_picked":["Dagger Spray","Hidden Blade+1"],"picked":"Blade Dance+1","floor":22},{"not_picked":["Deflect+1","Heel Hook"],"picked":"Accuracy+1","floor":25},{"not_picked":["Fluid Movement","Escape Plan+1"],"picked":"Outmaneuver+1","floor":29},{"not_picked":["ReplayTheSpireMod:The Works+1","Dagger Spray"],"picked":"Hidden Blade+1","floor":30},{"not_picked":["ReplayTheSpireMod:Scrap Shanks+1","Backflip+1"],"picked":"Cloak And Dagger+1","floor":31},{"not_picked":["Atom Bomb","ReplayTheSpireMod:Necrosis+1"],"picked":"Glass Knife","floor":33},{"not_picked":["Heel Hook+1","Sucker Punch+1","Calculated Gamble+1"],"picked":"SKIP","floor":35},{"not_picked":["Acrobatics+1","Underhanded Strike+1"],"picked":"Infinite Blades","floor":36}],"player_experience":569820,"relics_obtained":[{"floor":7,"key":"hubris:CrystalStatue"},{"floor":9,"key":"Toxic Egg 2"},{"floor":25,"key":"Red Mask"},{"floor":26,"key":"infinitespire:PuzzleCube"},{"floor":29,"key":"Ninja Scroll"}],"event_choices":[{"damage_healed":0,"gold_gain":75,"player_choice":"Gather Gold","damage_taken":11,"max_hp_gain":0,"max_hp_loss":0,"event_name":"World of Goop","floor":2,"gold_loss":0},{"damage_healed":0,"gold_gain":0,"player_choice":"Success","damage_taken":3,"relics_obtained":["Vajra"],"max_hp_gain":0,"max_hp_loss":0,"event_name":"Scrap Ooze","floor":3,"gold_loss":0},{"damage_healed":0,"gold_gain":0,"player_choice":"Grow","damage_taken":0,"max_hp_gain":0,"max_hp_loss":0,"event_name":"Living Wall","floor":11,"gold_loss":0,"cards_upgraded":["Blade Dance"]},{"damage_healed":0,"gold_gain":0,"player_choice":"Ignored","damage_taken":0,"max_hp_gain":0,"max_hp_loss":0,"event_name":"Transmorgrifier","floor":20,"gold_loss":0},{"damage_healed":0,"gold_gain":0,"player_choice":"Fought Bandits","damage_taken":0,"max_hp_gain":0,"max_hp_loss":0,"event_name":"Masked Bandits","floor":25,"gold_loss":0},{"damage_healed":0,"gold_gain":0,"player_choice":"Got Potions","damage_taken":0,"max_hp_gain":0,"max_hp_loss":0,"event_name":"Lab","floor":37,"gold_loss":0}],"is_beta":false,"boss_relics":[{"not_picked":["SacredBark","Replay:Ancient Bell"],"picked":"Sozu"},{"not_picked":["Snecko Eye","hubris:RunicObelisk","Coffee Dripper"]}],"items_purged_floors":[],"is_endless":false,"potions_floor_spawned":[1,7,14,18,29,31,35,36],"killed_by":"Maw","ascension_level":3}}