{"host":"xenpv6dj5x1yxp66","time":1608219218,"event":{"mods":["AchievementEnabler","Aspiration","BaseMod","Better Altar","Better Sensory Stone","Better Skull","Better Third Choice","BetterRewards","Colored Map","Colored Powertips","Conspire","Downfall","Highlight Path","Hubris","Marisa????????","Minty Spire (QoL Compilation)","Quick Restart","READ ME - Guardian Mod","Replay The Spire","Shade Mod","StSLib","The Animator","The Bug Knight","The Construct","The Cursed","The Disciple","The Necromancer","The Runesmith","The Servant 0.9.4"],"gold_per_floor":[118,129,129,143,160,195,195,209,209,228,243,418,453,77,77,181,181,193,193,205,224,236,269,269,285,285,285,299,309,309,321,321,425,425,442,456,175,193,206,206,206,206],"floor_reached":41,"playtime":1426,"items_purged":["Doubt"],"score":508,"play_id":"401596a1-f39c-45af-8d67-0bba69b6209b","local_time":"20201217163338","is_ascension_mode":false,"campfire_choices":[{"data":"Massacre","floor":7,"key":"SMITH"},{"data":"Inflame","floor":15,"key":"SMITH"},{"floor":24,"key":"RECALL"},{"floor":27,"key":"REST"},{"data":"Demon Form","floor":30,"key":"SMITH"},{"data":"Double Tap","floor":32,"key":"SMITH"},{"floor":40,"key":"REST"}],"circlet_count":0,"master_deck":["Strike_R","Strike_R","Strike_R","Strike_R+1","Strike_R","Defend_R","Defend_R","Defend_R","Defend_R","Bash+1","Cleave+1","Shockwave","hubris:Wrath","Inflame+1","Inflame","Massacre+1","Inflame","Flex","Feel No Pain","Double Tap+1","hubris:StunningStrike","Demon Form+1","Flex+1","Flex+1","Carnage+1","Headbutt+1","Blood for Blood+1","Reaper","Massacre+1","Rupture+1","Replay:SS_fish_2","Clothesline+1"],"relics":["Burning Blood","Ring of Hypnosis","Ring of Panic","ReplayTheSpireMod:Lightbulb","aspiration:HatOfInfinitePower","aspiration:Lifesprig","Black Star","Smiling Mask","Ancient Tea Set","Replay:Bottled Snecko","Regal Pillow","Mark of Pain","Whetstone"],"acts_visited":["Exordium","TheCity","TheBeyond"],"potions_floor_usage":[13,13,25,35,41],"damage_taken":[{"damage":11,"enemies":"Jaw Worm","floor":1,"turns":4},{"damage":2,"enemies":"2 Louse","floor":2,"turns":2},{"damage":4,"enemies":"Small Slimes","floor":4,"turns":3},{"damage":3,"enemies":"Red Slaver","floor":5,"turns":5},{"damage":17,"enemies":"Gremlin Nob","floor":6,"turns":4},{"damage":26,"enemies":"Gremlin Gang","floor":8,"turns":4},{"damage":8,"enemies":"Large Slime","floor":10,"turns":4},{"damage":10,"enemies":"Blue Slaver","floor":11,"turns":2},{"damage":6,"enemies":"3 Sentries","floor":13,"turns":3},{"damage":0,"enemies":"Slime Boss","floor":16,"turns":4},{"damage":12,"enemies":"Shell Parasite","floor":18,"turns":3},{"damage":5,"enemies":"Spheric Guardian","floor":20,"turns":3},{"damage":11,"enemies":"Shelled Parasite and Fungi","floor":21,"turns":2},{"damage":22,"enemies":"Snecko","floor":22,"turns":5},{"damage":23,"enemies":"Gremlin Leader","floor":23,"turns":5},{"damage":0,"enemies":"3 Cultists","floor":25,"turns":3},{"damage":0,"enemies":"Snake Plant","floor":28,"turns":2},{"damage":17,"enemies":"Snecko","floor":29,"turns":3},{"damage":1,"enemies":"Centurion and Healer","floor":31,"turns":3},{"damage":38,"enemies":"conspire:MysteriousRune","floor":33,"turns":5},{"damage":12,"enemies":"3 Shapes","floor":35,"turns":2},{"damage":1,"enemies":"3 Darklings","floor":36,"turns":3},{"damage":29,"enemies":"Transient","floor":38,"turns":5},{"damage":16,"enemies":"Sphere and 2 Shapes","floor":39,"turns":2},{"damage":88,"enemies":"Reptomancer","floor":41,"turns":3}],"seed_played":"-4198258442395411722","potions_obtained":[{"floor":2,"key":"Reflective Coating"},{"floor":4,"key":"SneckoOil"},{"floor":6,"key":"SpeedPotion"},{"floor":8,"key":"EssenceOfSteel"},{"floor":16,"key":"Toxic Potion"},{"floor":23,"key":"Milkshake"},{"floor":28,"key":"SpeedPotion"},{"floor":29,"key":"ElixirPotion"},{"floor":31,"key":"Explosive Potion"},{"floor":38,"key":"Regen Potion"},{"floor":39,"key":"Weak Potion"}],"is_trial":false,"path_per_floor":["M","M","?","M","M","E","R","M","T","M","M","?","E","$","R","B",null,"M","?","M","M","M","E","R","M","T","R","M","M","R","M","R","B",null,"M","M","$","M","M","R","E"],"character_chosen":"IRONCLAD","items_purchased":["Double Tap","hubris:StunningStrike","Rupture+1","Whetstone","Replay:SS_fish_2"],"campfire_rested":2,"item_purchase_floors":[14,14,37,37,37],"current_hp_per_floor":[75,79,79,80,80,69,69,49,49,47,43,43,43,43,43,49,80,74,74,75,70,54,37,37,43,43,80,80,69,69,74,74,42,80,74,80,80,57,47,80,0,0],"gold":206,"neow_bonus":"UPGRADE_CARD","is_daily":false,"chose_seed":false,"campfire_upgraded":4,"win_rate":0.0,"timestamp":1608219218,"path_taken":["M","M","?","M","M","E","R","M","T","M","M","?","E","$","R","BOSS","M","?","M","M","?","E","R","M","T","R","M","M","R","?","R","BOSS","M","M","$","M","M","R","E"],"items_purchased_type":["Card","Card","Card","Relic","Card"],"build_version":"2020-12-13","purchased_purges":1,"victory":false,"max_hp_per_floor":[80,80,80,80,80,80,80,80,80,80,80,80,80,80,80,80,80,80,80,80,80,80,80,80,80,80,80,80,80,80,80,80,80,80,80,80,80,80,80,80,80,80],"card_choices":[{"not_picked":["Sword Boomerang","ReplayTheSpireMod:Muscle Training"],"picked":"Cleave","floor":1},{"not_picked":["Sword Boomerang","Twin Strike"],"picked":"Shockwave","floor":2},{"not_picked":["Disarm","Shockwave"],"picked":"Inflame","floor":4},{"not_picked":["Thunderclap","Anger"],"picked":"Inflame","floor":5},{"not_picked":["Clash","Heavy Blade"],"picked":"Massacre","floor":6},{"not_picked":["Defy Death","Shrug It Off"],"picked":"Inflame","floor":8},{"not_picked":["Havoc","Anger"],"picked":"Flex","floor":10},{"not_picked":["Entrench","Body Slam"],"picked":"Feel No Pain","floor":11},{"not_picked":["Anger","Wild Strike","ReplayTheSpireMod:Strike From Hell"],"picked":"SKIP","floor":13},{"not_picked":["Demonic Infusion","Hemogenesis"],"picked":"Demon Form","floor":16},{"not_picked":["Warcry","Twin Strike","Iron Wave+1"],"picked":"SKIP","floor":18},{"not_picked":["Body Slam","Searing Blow"],"picked":"Flex+1","floor":20},{"not_picked":["Run Through","Hemogenesis"],"picked":"Flex+1","floor":21},{"not_picked":["ReplayTheSpireMod:Corrosion Curse","Dark Embrace+1"],"picked":"Carnage+1","floor":22},{"not_picked":["Sentinel","Perfected Strike+1","Flex"],"picked":"SKIP","floor":23},{"not_picked":["Dark Embrace+1","Sword Boomerang"],"picked":"Headbutt+1","floor":25},{"not_picked":["Havoc","Burning Pact+1","Perfected Strike"],"picked":"SKIP","floor":28},{"not_picked":["Iron Wave","ReplayTheSpireMod:Strike From Hell"],"picked":"Blood for Blood+1","floor":29},{"not_picked":["Clash","Body Slam","Pummel"],"picked":"SKIP","floor":31},{"not_picked":["Offering","Juggernaut"],"picked":"Reaper","floor":33},{"not_picked":["Havoc+1","Replay:Undeath\u0027s Touch+1"],"picked":"Massacre+1","floor":35},{"not_picked":["ReplayTheSpireMod:Strike From Hell+1","Feel No Pain+1","Cleave+1"],"picked":"SKIP","floor":36},{"not_picked":["conspire:Charge","Defy Death","Replay:Undeath\u0027s Touch"],"picked":"SKIP","floor":38},{"not_picked":["Replay:Undeath\u0027s Touch+1","Sword Boomerang"],"picked":"Clothesline+1","floor":39}],"player_experience":146413,"relics_obtained":[{"floor":3,"key":"Ring of Hypnosis"},{"floor":3,"key":"Ring of Panic"},{"floor":6,"key":"ReplayTheSpireMod:Lightbulb"},{"floor":9,"key":"aspiration:HatOfInfinitePower"},{"floor":13,"key":"aspiration:Lifesprig"},{"floor":23,"key":"Ancient Tea Set"},{"floor":23,"key":"Replay:Bottled Snecko"},{"floor":26,"key":"Regal Pillow"}],"event_choices":[{"damage_healed":0,"gold_gain":175,"player_choice":"AGREE","damage_taken":243,"max_hp_gain":0,"max_hp_loss":0,"event_name":"betterThird:BetterSerpent","floor":12,"gold_loss":0},{"damage_healed":0,"gold_gain":0,"player_choice":"Opened","damage_taken":0,"relics_obtained":["Smiling Mask"],"max_hp_gain":0,"max_hp_loss":0,"event_name":"The Mausoleum","floor":19,"gold_loss":0}],"is_beta":false,"boss_relics":[{"not_picked":["hubris:ScarierMask","hubris:TerracottaHorce"],"picked":"Black Star"},{"not_picked":["Fusion Hammer","construct:ClawGrip"],"picked":"Mark of Pain"}],"items_purged_floors":[14],"is_endless":false,"potions_floor_spawned":[2,4,6,8,11,16,23,28,29,31,38,39],"killed_by":"Reptomancer","ascension_level":0}}