{"host":"Sumable","time":1608173069,"event":{"mods":["AchievementEnabler","BaseMod","Better Note","BetterRewards","Googly Eyes","Hermit","Minty Spire (QoL Compilation)","Quick Restart","Shop Mod","StSLib","The Cursed","everything is the same but u backflip on backflip","slay the spire mod where everything is the same but ironclad has a cowboy hat"],"gold_per_floor":[110,110,110,285,23,56,71,71,71],"floor_reached":8,"playtime":372,"items_purged":[],"score":62,"play_id":"8b6304f9-8a57-4792-85dc-e38c19183610","local_time":"20201216194429","is_ascension_mode":true,"campfire_choices":[],"circlet_count":0,"master_deck":["hermit:Strike_Hermit","hermit:Strike_Hermit","hermit:Strike_Hermit","hermit:Strike_Hermit","hermit:Defend_Hermit","hermit:Defend_Hermit","hermit:Defend_Hermit","hermit:Defend_Hermit","hermit:Snapshot","hermit:Covet","hermit:Horror","Regret","Doubt","hermit:Horror","hermit:Enervate+1"],"relics":["hermit:Momento","Girya","Lizard Tail","Mummified Hand","Molten Egg 2","Darkstone Periapt"],"acts_visited":["Exordium"],"potions_floor_usage":[6],"damage_taken":[{"damage":4,"enemies":"Jaw Worm","floor":1,"turns":3},{"damage":100,"enemies":"3 Sentries","floor":6,"turns":20},{"damage":10,"enemies":"Small Slimes","floor":7,"turns":3},{"damage":13,"enemies":"Gremlin Nob","floor":8,"turns":2}],"seed_played":"6546910220751487816","potions_obtained":[{"floor":1,"key":"Regen Potion"}],"is_trial":false,"path_per_floor":["M","?","?","?","$","E","M","E"],"character_chosen":"HERMIT","items_purchased":["Molten Egg 2"],"campfire_rested":0,"item_purchase_floors":[5],"current_hp_per_floor":[64,61,61,61,61,14,4,0,0],"gold":71,"neow_bonus":"ONE_RARE_RELIC","is_daily":false,"chose_seed":false,"campfire_upgraded":0,"win_rate":0.0,"timestamp":1608173069,"path_taken":["M","?","?","?","$","E","M","E"],"items_purchased_type":["Relic"],"build_version":"2020-12-07","purchased_purges":0,"victory":false,"max_hp_per_floor":[68,68,68,68,68,68,68,68,68],"card_choices":[{"not_picked":["hermit:HighCaliber","hermit:Glare"],"picked":"hermit:Horror","floor":1},{"not_picked":["hermit:LoneWolf","hermit:TrackingShot+1"],"picked":"hermit:Horror","floor":6},{"not_picked":["hermit:Manifest","hermit:Ricochet+1"],"picked":"hermit:Enervate+1","floor":7}],"player_experience":1005289,"relics_obtained":[{"floor":6,"key":"Darkstone Periapt"}],"event_choices":[{"damage_healed":0,"gold_gain":0,"player_choice":"Success","damage_taken":3,"relics_obtained":["Lizard Tail"],"max_hp_gain":0,"max_hp_loss":0,"event_name":"Scrap Ooze","floor":2,"gold_loss":0},{"damage_healed":0,"gold_gain":0,"player_choice":"Box","damage_taken":0,"relics_obtained":["Mummified Hand"],"max_hp_gain":0,"max_hp_loss":0,"event_name":"Big Fish","floor":3,"gold_loss":0,"cards_obtained":["Regret"]},{"damage_healed":0,"gold_gain":175,"player_choice":"AGREE","damage_taken":0,"max_hp_gain":0,"max_hp_loss":0,"event_name":"Liars Game","floor":4,"gold_loss":0,"cards_obtained":["Doubt"]}],"is_beta":true,"boss_relics":[],"items_purged_floors":[],"is_endless":false,"potions_floor_spawned":[1],"killed_by":"Gremlin Nob","ascension_level":3}}