{"host":"avjwtc49fhlk6kym","time":1608233182,"event":{"mods":["AchievementEnabler","BaseMod","Better Match","Better Note","Better Third Choice","Colored Map","Colored Powertips","Displayed Cursed Tome","Highlight Path","Minty Spire (QoL Compilation)","Permanent Neow","Quick Restart","StSLib"],"gold_per_floor":[109,129,129,129,146,172,182,182,255,12,12,25,41,56,56,158,158,178,192,192,204,18,18,38,38,63,17,37,37,37,37,37],"floor_reached":31,"playtime":974,"items_purged":[],"score":263,"play_id":"b219620d-9548-4666-af09-b709d7933e05","local_time":"20201217142622","is_ascension_mode":true,"campfire_choices":[{"floor":8.0,"key":"REST"},{"data":"Eruption","floor":11.0,"key":"SMITH"},{"data":"CarveReality","floor":15.0,"key":"SMITH"},{"floor":23,"key":"REST"},{"floor":25,"key":"REST"},{"floor":29,"key":"REST"}],"circlet_count":0,"master_deck":["Strike_P","Strike_P","Strike_P","Strike_P","Defend_P","Defend_P","Defend_P","Eruption+1","Vigilance","CarveReality+1","PathToVictory","Brilliance","FollowUp","BowlingBash","Consecrate","MasterReality","FlyingSleeves+1","PathToVictory","BattleHymn","ForeignInfluence","Evaluate","FlurryOfBlows","RitualDagger"],"relics":["PureWater","Omamori","Calipers","Eternal Feather","Singing Bowl","Runic Pyramid","Centennial Puzzle","ClockworkSouvenir"],"acts_visited":["Exordium","TheCity"],"potions_floor_usage":[19,31],"damage_taken":[{"damage":5.0,"enemies":"2 Louse","floor":1.0,"turns":3.0},{"damage":0.0,"enemies":"Cultist","floor":2.0,"turns":3.0},{"damage":2.0,"enemies":"Small Slimes","floor":5.0,"turns":2.0},{"damage":27.0,"enemies":"Lagavulin","floor":6.0,"turns":7.0},{"damage":13.0,"enemies":"Blue Slaver","floor":7.0,"turns":3.0},{"damage":0.0,"enemies":"Exordium Wildlife","floor":12.0,"turns":2.0},{"damage":9.0,"enemies":"Red Slaver","floor":13.0,"turns":2.0},{"damage":0.0,"enemies":"3 Louse","floor":14.0,"turns":2.0},{"damage":50,"enemies":"Hexaghost","floor":16,"turns":9},{"damage":10,"enemies":"3 Byrds","floor":18,"turns":4},{"damage":18,"enemies":"2 Thieves","floor":19,"turns":3},{"damage":30,"enemies":"3 Cultists","floor":21,"turns":4},{"damage":19,"enemies":"Snake Plant","floor":24,"turns":3},{"damage":53,"enemies":"Shelled Parasite and Fungi","floor":28,"turns":6},{"damage":39,"enemies":"Centurion and Healer","floor":31,"turns":3}],"seed_played":"539013210990607919","potions_obtained":[{"floor":2.0,"key":"SkillPotion"},{"floor":5.0,"key":"Dexterity Potion"},{"floor":7.0,"key":"Explosive Potion"},{"floor":12.0,"key":"LiquidBronze"},{"floor":18,"key":"SpeedPotion"},{"floor":28,"key":"LiquidBronze"}],"is_trial":false,"path_per_floor":["M","M","?","?","M","E","M","R","T","$","R","M","M","M","R","B",null,"M","M","?","M","$","R","M","R","T","$","M","R","?","M"],"character_chosen":"WATCHER","items_purchased":["Singing Bowl","ClockworkSouvenir","BattleHymn","Evaluate"],"campfire_rested":4,"item_purchase_floors":[10,22,22,27],"current_hp_per_floor":[67,67,60,72,70,43,30,51,51,51,57,59,50,50,59,9,74,64,46,46,18,18,49,30,64,64,64,11,45,39,0,0],"gold":37,"neow_bonus":"RANDOM_COMMON_RELIC","is_daily":false,"chose_seed":false,"campfire_upgraded":2,"win_rate":0.0,"timestamp":1608233182,"path_taken":["M","M","?","?","M","E","?","R","T","$","R","?","M","M","R","BOSS","M","M","?","M","$","R","M","R","T","$","M","R","?","M"],"items_purchased_type":["Relic","Relic","Card","Card"],"build_version":"2020-12-13","purchased_purges":0,"victory":false,"max_hp_per_floor":[72,72,72,72,72,72,72,72,72,72,72,74,74,74,74,74,74,74,74,74,76,76,76,76,76,76,76,76,76,76,76,76],"card_choices":[{"not_picked":["Protect","ThirdEye"],"picked":"CarveReality","floor":1.0},{"not_picked":["Sanctity","JustLucky"],"picked":"InnerPeace","floor":2.0},{"not_picked":["WheelKick","Crescendo"],"picked":"PathToVictory","floor":5.0},{"not_picked":["Prostrate","Worship"],"picked":"Brilliance","floor":6.0},{"not_picked":["Tantrum","JustLucky"],"picked":"FollowUp","floor":7.0},{"not_picked":["Prostrate","Tantrum","Adaptation"],"picked":"Singing Bowl","floor":12.0},{"not_picked":["CutThroughFate","SashWhip"],"picked":"BowlingBash","floor":13.0},{"not_picked":["JustLucky","Crescendo"],"picked":"Consecrate","floor":14.0},{"not_picked":["Blasphemy","ConjureBlade"],"picked":"MasterReality","floor":16},{"not_picked":["SignatureMove","Evaluate"],"picked":"FlyingSleeves+1","floor":18},{"not_picked":["Indignation","Crescendo"],"picked":"PathToVictory","floor":19},{"not_picked":["EmptyBody+1","BowlingBash","TalkToTheHand+1"],"picked":"Singing Bowl","floor":21},{"not_picked":["BowlingBash","Halt"],"picked":"ForeignInfluence","floor":24},{"not_picked":["EmptyMind","JustLucky"],"picked":"FlurryOfBlows","floor":28}],"player_experience":507450,"relics_obtained":[{"floor":6.0,"key":"Calipers"},{"floor":9.0,"key":"Eternal Feather"}],"event_choices":[{"cards_removed":["Defend_P"],"damage_healed":0.0,"max_hp_gain":0.0,"max_hp_loss":0.0,"gold_gain":0.0,"event_name":"Golden Wing","player_choice":"Card Removal","floor":3.0,"gold_loss":0.0,"damage_taken":7.0},{"cards_removed":["InnerPeace"],"damage_healed":12.0,"max_hp_gain":0.0,"max_hp_loss":0.0,"gold_gain":0.0,"event_name":"Bonfire Elementals","player_choice":"Offered Uncommon","floor":4.0,"gold_loss":0.0,"damage_taken":0.0},{"damage_healed":0,"gold_gain":0,"player_choice":"Opened","damage_taken":0,"relics_obtained":["Centennial Puzzle"],"max_hp_gain":0,"max_hp_loss":0,"event_name":"The Mausoleum","floor":20,"gold_loss":0,"cards_obtained":["Writhe"]},{"damage_healed":0,"gold_gain":0,"player_choice":"Dagger","damage_taken":6,"max_hp_gain":0,"max_hp_loss":0,"event_name":"betterThird:BetterNest","floor":30,"gold_loss":0,"cards_obtained":["RitualDagger"]}],"is_beta":false,"boss_relics":[{"not_picked":["Velvet Choker","Runic Dome"],"picked":"Runic Pyramid"}],"items_purged_floors":[],"is_endless":false,"potions_floor_spawned":[2,5,7,12,18,28],"killed_by":"Centurion and Healer","ascension_level":2}}