{"host":"eckg3lzugnpjvwsg","time":1608165995,"event":{"mods":["Act Like it!","Aspiration","Bard","BaseMod","Bestiary","Better Third Choice","Curses Come First","Filter the Spire","Gremlin Mod","Hermit","Infinite Spire","Mad Scientist","Mimic Mod","Minty Spire (QoL Compilation)","Replay The Spire","StSLib","The Bladedancer","The Disciple","The Gatherer","The Jungle","The Mystic","The Necromancer","The Poker Player","The Runesmith"],"gold_per_floor":[114,133,133,133,87,112,125,153,183,210,210,225,80,80,80,211,211,235,249,249,101,124,167,185,204,204,204,220,63,94,115,115,115,115],"floor_reached":33,"playtime":9120,"items_purged":[],"score":357,"play_id":"5f32b5c6-dbea-444c-ade5-d3b2f62808bd","local_time":"20201216224635","is_ascension_mode":false,"campfire_choices":[{"data":"infinitespire:Collect","floor":11,"key":"SMITH"},{"data":"Dual Wield","floor":15,"key":"SMITH"},{"data":"infinitespire:Gouge","floor":27,"key":"SMITH"},{"data":"MadScienceMod:HideBehindJunk","floor":32,"key":"SMITH"}],"circlet_count":0,"master_deck":["Strike_R","Strike_R","Strike_R","Strike_R","Strike_R","Defend_R","Defend_R","Defend_R","Defend_R","Bash","Rage","Anger","infinitespire:Collect+1","Anger","Pommel Strike","Cleave","Demonic Infusion","Replay:Undeath\u0027s Touch","Dual Wield+1","Replay:Undeath\u0027s Touch","Injury","Demon Form","Injury","MadScienceMod:HideBehindJunk+1","Berserk+1","Dark Shackles","infinitespire:Gouge+1","Warcry","Rage","Thunderclap","Berserk","Pommel Strike+1","infinitespire:Collect+1","Offering","Warcry+1"],"relics":["Burning Blood","aspiration:DSix","aspiration:StickyExplosives_weak","Oddly Smooth Stone","Meat on the Bone","Replay:Mystery Machine","Golden Idol","ReplayTheSpireMod:SealedPack","Bag of Preparation","Anchor","DollysMirror","Bag of Marbles"],"acts_visited":["Exordium","Exordium"],"potions_floor_usage":[],"damage_taken":[{"damage":2,"enemies":"2 Louse","floor":1,"turns":4},{"damage":2,"enemies":"Small Slimes","floor":2,"turns":5},{"damage":28,"enemies":"Gremlin Nob","floor":6,"turns":4},{"damage":6,"enemies":"Cultist","floor":7,"turns":3},{"damage":31,"enemies":"3 Sentries","floor":8,"turns":6},{"damage":9,"enemies":"Blue Slaver","floor":9,"turns":6},{"damage":12,"enemies":"Lagavulin","floor":10,"turns":5},{"damage":7,"enemies":"Blue Slaver","floor":12,"turns":3},{"damage":17,"enemies":"Hexaghost","floor":16,"turns":9},{"damage":2,"enemies":"theJungle:MUSHROOMGANG","floor":18,"turns":5},{"damage":21,"enemies":"theJungle:Flameango_and_Byrd","floor":19,"turns":6},{"damage":0,"enemies":"Snake Plant","floor":22,"turns":4},{"damage":7,"enemies":"Nightmare","floor":23,"turns":8},{"damage":4,"enemies":"theJungle:JungleHuntersEncounter","floor":24,"turns":5},{"damage":16,"enemies":"theJungle:SlimyTreeVines","floor":25,"turns":4},{"damage":36,"enemies":"Snake Plant","floor":28,"turns":6},{"damage":0,"enemies":"theJungle:2_Phrogs","floor":30,"turns":5},{"damage":6,"enemies":"theJungle:Lyon","floor":31,"turns":1},{"damage":58,"enemies":"theJungle:TotemBoss","floor":33,"turns":3}],"seed_played":"-5911964816076063846","potions_obtained":[{"floor":6,"key":"BlessingOfTheForge"},{"floor":8,"key":"Doom Potion"},{"floor":10,"key":"Explosive Potion"},{"floor":31,"key":"BloodPotion"}],"is_trial":false,"path_per_floor":["M","M","?","?","$","E","M","E","MIM","E","R","M","$","?","R","B",null,"M","M","?","$","M","NM","M","M","T","R","M","$","E","M","R","B"],"character_chosen":"IRONCLAD","items_purchased":["Anger","Replay:Mystery Machine","Bag of Preparation","DollysMirror"],"campfire_rested":0,"item_purchase_floors":[5,13,21,29],"current_hp_per_floor":[80,80,61,66,66,44,44,19,16,10,10,21,21,21,21,22,85,85,70,70,70,76,75,77,70,70,70,52,52,58,58,58,0,0],"gold":115,"neow_bonus":"DSIX","is_daily":false,"chose_seed":false,"campfire_upgraded":4,"win_rate":0.0,"timestamp":1608165995,"path_taken":["M","M","?","?","$","E","M","E","MIM","E","R","?","$","?","R","BOSS","M","M","?","?","?","NM","M","M","T","R","M","?","E","?","R","BOSS"],"items_purchased_type":["Card","Relic","Relic","Relic"],"build_version":"2020-12-13","purchased_purges":0,"victory":false,"max_hp_per_floor":[80,80,80,85,85,85,85,85,85,85,85,85,85,85,85,85,85,85,85,85,85,85,85,85,85,85,85,85,85,85,85,85,85,85],"card_choices":[{"not_picked":["Clash","Twin Strike"],"picked":"Rage","floor":1},{"not_picked":["Twin Strike","Replay:Undeath\u0027s Touch"],"picked":"Anger","floor":2},{"not_picked":["ReplayTheSpireMod:Echoes of Time","infinitespire:SevenWalls"],"picked":"infinitespire:Collect","floor":3},{"not_picked":["Second Wind","ReplayTheSpireMod:Strike From Hell"],"picked":"Pommel Strike","floor":6},{"not_picked":["Power Through","Shockwave"],"picked":"Cleave","floor":7},{"not_picked":["Battle Trance","Thunderclap"],"picked":"Demonic Infusion","floor":8},{"not_picked":["Shrug It Off","Thunderclap"],"picked":"Replay:Undeath\u0027s Touch","floor":9},{"not_picked":["Sword Boomerang","Thunderclap"],"picked":"Dual Wield","floor":10},{"not_picked":["Warcry","Twin Strike"],"picked":"Replay:Undeath\u0027s Touch","floor":12},{"not_picked":["Fiend Fire","Double Tap"],"picked":"Demon Form","floor":16},{"not_picked":["Gatherer:FlowerWhip","SecondHand"],"picked":"MadScienceMod:HideBehindJunk","floor":17},{"not_picked":["Demonic Infusion","Replay:Many Hands"],"picked":"Berserk","floor":17},{"not_picked":["Discovery","Forethought"],"picked":"Dark Shackles","floor":17},{"not_picked":["ReplayTheSpireMod:Chaos Vortex","ReplayTheSpireMod:??????????????????????"],"picked":"infinitespire:Gouge","floor":17},{"not_picked":["Clothesline","ReplayTheSpireMod:Muscle Training"],"picked":"Warcry","floor":18},{"not_picked":["Defy Death","Ghostly Armor"],"picked":"Rage","floor":19},{"not_picked":["Headbutt+1","Warcry"],"picked":"Thunderclap","floor":22},{"not_picked":["Feel No Pain","Clash"],"picked":"Berserk","floor":23},{"not_picked":["Run Through","Perfected Strike","infinitespire:OneForAll"],"picked":"SKIP","floor":24},{"not_picked":["Abandon","Dark Embrace","ReplayTheSpireMod:Strike From Hell"],"picked":"SKIP","floor":25},{"not_picked":["Body Slam","Bloodletting+1"],"picked":"Pommel Strike+1","floor":28},{"not_picked":["Bloodletting","Clash+1"],"picked":"Offering","floor":30},{"not_picked":["Cleave","Iron Wave"],"picked":"Warcry+1","floor":31}],"player_experience":10821,"relics_obtained":[{"floor":6,"key":"aspiration:StickyExplosives_weak"},{"floor":8,"key":"Oddly Smooth Stone"},{"floor":10,"key":"Meat on the Bone"},{"floor":23,"key":"Anchor"},{"floor":30,"key":"Bag of Marbles"}],"event_choices":[{"damage_healed":0,"gold_gain":0,"player_choice":"Donut","damage_taken":0,"max_hp_gain":5,"max_hp_loss":0,"event_name":"Big Fish","floor":4,"gold_loss":0},{"damage_healed":0,"gold_gain":0,"player_choice":"Take Wound","damage_taken":0,"relics_obtained":["Golden Idol"],"max_hp_gain":0,"max_hp_loss":0,"event_name":"Golden Idol","floor":14,"gold_loss":0,"cards_obtained":["Injury"]},{"damage_healed":0,"gold_gain":0,"player_choice":"Forge","damage_taken":0,"max_hp_gain":0,"max_hp_loss":0,"event_name":"Accursed Blacksmith","floor":20,"gold_loss":0,"cards_upgraded":["Berserk"]}],"is_beta":false,"boss_relics":[{"not_picked":["Ectoplasm","SacredBark"],"picked":"ReplayTheSpireMod:SealedPack"}],"items_purged_floors":[],"is_endless":true,"potions_floor_spawned":[6,8,10,16,19,23,24,31],"killed_by":"theJungle:TotemBoss","ascension_level":0}}