{"host":"utqe55yv0jihe4d6","time":1608172318,"event":{"mods":["2.2 Compatiblity","AchievementEnabler","BaseMod","Block Reminder","Colored Map","Colored Powertips","Minty Spire (QoL Compilation)","Quick Restart","Rare Cards Sparkle","Relic Stats","SuperFastMode"],"gold_per_floor":[118,118,133,151,162,162,180,180,180,197,225,225,236,191,191,262,262,282,4,4,4,23,23,38,71,71,171,183,183,183,193,193,193,193],"floor_reached":33,"playtime":1126,"items_purged":[],"score":638,"play_id":"a8762376-9a07-4475-9cdc-04e8d8825599","local_time":"20201216213158","is_ascension_mode":true,"campfire_choices":[{"data":"Deadly Poison","floor":6.0,"key":"SMITH"},{"data":"Dagger Spray","floor":8.0,"key":"SMITH"},{"data":"Malaise","floor":12.0,"key":"SMITH"},{"data":"Leg Sweep","floor":15.0,"key":"SMITH"},{"data":"Wraith Form v2","floor":23,"key":"SMITH"},{"data":"Corpse Explosion","floor":29,"key":"SMITH"},{"data":"Neutralize","floor":32,"key":"SMITH"}],"circlet_count":0,"master_deck":["AscendersBane","Strike_G","Strike_G","Strike_G","Strike_G","Strike_G","Defend_G","Defend_G","Defend_G","Defend_G","Survivor","Neutralize+1","Leg Sweep+1","Deadly Poison+1","Bane","Dagger Spray+1","Backflip","Malaise+1","Backflip","Wraith Form v2+1","Backstab","Corpse Explosion+1","Decay","Flying Knee+1"],"relics":["Coffee Dripper","Mercury Hourglass","HornCleat","Cursed Key","Eternal Feather","Nilry\u0027s Codex","Question Card","Girya","White Beast Statue"],"acts_visited":["Exordium","TheCity"],"potions_floor_usage":[24,24,25,27,33,33],"damage_taken":[{"damage":7.0,"enemies":"Jaw Worm","floor":1.0,"turns":5.0},{"damage":0.0,"enemies":"Cultist","floor":3.0,"turns":4.0},{"damage":0.0,"enemies":"2 Louse","floor":4.0,"turns":3.0},{"damage":11.0,"enemies":"Large Slime","floor":5.0,"turns":5.0},{"damage":4.0,"enemies":"2 Fungi Beasts","floor":7.0,"turns":4.0},{"damage":9.0,"enemies":"3 Louse","floor":10.0,"turns":3.0},{"damage":5.0,"enemies":"3 Sentries","floor":11.0,"turns":4.0},{"damage":0.0,"enemies":"Looter","floor":13.0,"turns":3.0},{"damage":0.0,"enemies":"The Guardian","floor":16.0,"turns":11.0},{"damage":0.0,"enemies":"Shell Parasite","floor":18.0,"turns":6.0},{"damage":1,"enemies":"Chosen","floor":22,"turns":5},{"damage":18,"enemies":"Shelled Parasite and Fungi","floor":24,"turns":4},{"damage":9,"enemies":"Slavers","floor":25,"turns":7},{"damage":7,"enemies":"Colosseum Slavers","floor":27,"turns":3},{"damage":0,"enemies":"Colosseum Nobs","floor":27,"turns":3},{"damage":1,"enemies":"Snecko","floor":28,"turns":5},{"damage":11,"enemies":"Snake Plant","floor":31,"turns":6},{"damage":33,"enemies":"Champ","floor":33,"turns":10}],"seed_played":"1759609146183963390","potions_obtained":[{"floor":1.0,"key":"Energy Potion"},{"floor":4.0,"key":"CunningPotion"},{"floor":7.0,"key":"AttackPotion"},{"floor":10.0,"key":"EssenceOfSteel"},{"floor":18.0,"key":"EntropicBrew"},{"floor":28,"key":"SneckoOil"},{"floor":31,"key":"SkillPotion"}],"is_trial":false,"path_per_floor":["M","?","M","M","M","R","M","R","T","M","E","R","M","?","R","B",null,"M","$","?","?","M","R","M","E","T","?","M","R","?","M","R","B"],"character_chosen":"THE_SILENT","items_purchased":["Eternal Feather"],"campfire_rested":0,"item_purchase_floors":[19],"current_hp_per_floor":[52,52,52,52,41,41,37,37,37,28,23,23,23,23,23,23,55,55,55,34,34,33,45,27,18,18,11,10,22,22,11,23,0,0],"gold":193,"neow_bonus":"BOSS_RELIC","is_daily":false,"chose_seed":false,"campfire_upgraded":7,"win_rate":0.0,"timestamp":1608172318,"path_taken":["M","?","?","M","M","R","M","R","T","M","E","R","?","?","R","BOSS","M","$","?","?","M","R","M","E","T","?","M","R","?","M","R","BOSS"],"items_purchased_type":["Relic"],"build_version":"2020-12-13","purchased_purges":0,"victory":false,"max_hp_per_floor":[66,66,66,66,66,66,66,66,66,66,66,66,66,66,66,66,66,66,66,66,66,66,66,66,66,66,66,66,66,66,66,66,66,66],"relic_stats":{"counters":[18,89],"Eternal Feather":36,"Cursed Key":0,"Question Card":3,"obtain_stats":[{"Girya":27,"HornCleat":11,"Nilry\u0027s Codex":20,"Eternal Feather":19,"Coffee Dripper":0,"Cursed Key":17,"Question Card":25,"White Beast Statue":27,"Ring of the Snake":0,"Mercury Hourglass":9},{"Girya":15,"HornCleat":7,"Nilry\u0027s Codex":10,"Eternal Feather":10,"Coffee Dripper":0,"Cursed Key":9,"Question Card":13,"White Beast Statue":15,"Ring of the Snake":0,"Mercury Hourglass":5},{"Girya":70,"HornCleat":28,"Nilry\u0027s Codex":48,"Eternal Feather":48,"Coffee Dripper":0,"Cursed Key":42,"Question Card":64,"White Beast Statue":70,"Ring of the Snake":0,"Mercury Hourglass":21}],"Mercury Hourglass":[242]},"card_choices":[{"not_picked":["Dodge and Roll","Choke"],"picked":"Leg Sweep","floor":1.0},{"not_picked":["Slice","Choke"],"picked":"Deadly Poison","floor":3.0},{"not_picked":["Terror","Flying Knee"],"picked":"Bane","floor":4.0},{"not_picked":["Eviscerate","Terror"],"picked":"Dagger Spray","floor":5.0},{"not_picked":["Outmaneuver","Blur"],"picked":"Backflip","floor":7.0},{"not_picked":["Dagger Throw","Dagger Spray"],"picked":"Malaise","floor":10.0},{"not_picked":["Sucker Punch","Storm of Steel","Quick Slash"],"picked":"SKIP","floor":11.0},{"not_picked":["Accuracy","Reflex"],"picked":"Backflip","floor":13.0},{"not_picked":["Storm of Steel","Bullet Time"],"picked":"Wraith Form v2","floor":16.0},{"not_picked":["Deadly Poison","Backflip","Underhanded Strike"],"picked":"SKIP","floor":18.0},{"not_picked":["Slice+1","Deflect","Cloak And Dagger"],"picked":"SKIP","floor":22},{"not_picked":["All Out Attack","Flying Knee"],"picked":"Backstab","floor":24},{"not_picked":["Deflect","Slice"],"picked":"Corpse Explosion","floor":25},{"not_picked":["Expertise","Backflip","Flechettes","Skewer"],"picked":"SKIP","floor":28},{"not_picked":["Tactician","Blur","Underhanded Strike"],"picked":"Flying Knee+1","floor":31}],"player_experience":2776686,"relics_obtained":[{"floor":9.0,"key":"Mercury Hourglass"},{"floor":11.0,"key":"HornCleat"},{"floor":20,"key":"Nilry\u0027s Codex"},{"floor":25,"key":"Question Card"},{"floor":27,"key":"Girya"},{"floor":27,"key":"White Beast Statue"}],"event_choices":[{"cards_removed":["Defend_G"],"damage_healed":0.0,"max_hp_gain":0.0,"max_hp_loss":0.0,"gold_gain":0.0,"event_name":"Purifier","player_choice":"Purged","floor":2.0,"gold_loss":0.0,"damage_taken":0.0},{"damage_healed":0.0,"max_hp_gain":0.0,"max_hp_loss":0.0,"gold_gain":0.0,"event_name":"World of Goop","player_choice":"Left Gold","floor":14.0,"gold_loss":45.0,"damage_taken":0.0},{"damage_healed":0,"gold_gain":0,"player_choice":"Obtained Book","damage_taken":21,"max_hp_gain":0,"max_hp_loss":0,"event_name":"Cursed Tome","floor":20,"gold_loss":0},{"damage_healed":0,"gold_gain":0,"player_choice":"Ignored","damage_taken":0,"max_hp_gain":0,"max_hp_loss":0,"event_name":"The Mausoleum","floor":21,"gold_loss":0},{"damage_healed":0,"gold_gain":0,"player_choice":"Fight","damage_taken":0,"max_hp_gain":0,"max_hp_loss":0,"event_name":"Colosseum","floor":27,"gold_loss":0},{"damage_healed":0,"gold_gain":0,"player_choice":"Fought Nobs","damage_taken":0,"max_hp_gain":0,"max_hp_loss":0,"event_name":"Colosseum","floor":27,"gold_loss":0},{"damage_healed":0,"gold_gain":0,"player_choice":"Smashed Altar","damage_taken":0,"max_hp_gain":0,"max_hp_loss":0,"event_name":"Forgotten Altar","floor":30,"gold_loss":0,"cards_obtained":["Decay"]}],"is_beta":false,"boss_relics":[{"not_picked":["SlaversCollar","Runic Dome"],"picked":"Cursed Key"}],"items_purged_floors":[],"is_endless":false,"potions_floor_spawned":[1,4,7,10,18,27,28,31],"killed_by":"Champ","ascension_level":20}}