{"host":"icrrc9b69c1a6188","time":1608164553,"event":{"mods":["BaseMod","Better Altar","Better Match","Better Note","Better Sensory Stone","Better Skull","Better Third Choice","Colored Map","Colored Powertips","Displayed Cursed Tome","Faster Ascension Climbing","HexUI Lib","Minty Spire (QoL Compilation)","Random Character Mod","Spicy Shops","StSLib","Unceasing Turn Reminder"],"gold_per_floor":[114,7,7,82,93,93,123,138,165,175,175,189,189,189,189,189,189],"floor_reached":16,"playtime":572,"items_purged":[],"score":250,"play_id":"c7c0afda-8f45-4e31-b9af-635a2d47bee3","local_time":"20201216182233","is_ascension_mode":true,"campfire_choices":[{"data":"Turbo","floor":6,"key":"SMITH"},{"data":"Fusion","floor":11,"key":"SMITH"},{"data":"Skim","floor":15,"key":"SMITH"}],"circlet_count":0,"master_deck":["AscendersBane","Strike_B","Strike_B","Strike_B","Strike_B","Defend_B","Defend_B","Defend_B","Defend_B","Zap","Dualcast","Double Energy","Skim+1","Skim+1","Turbo+1","Sweeping Beam","Streamline","Fusion+1","Go for the Eyes","Parasite"],"relics":["Cracked Core","NeowsBlessing","Blood Vial","Bronze Scales","HornCleat"],"acts_visited":["Exordium"],"potions_floor_usage":[16,16],"damage_taken":[{"damage":0,"enemies":"Jaw Worm","floor":1,"turns":1},{"damage":0,"enemies":"2 Louse","floor":5,"turns":1},{"damage":0,"enemies":"Lagavulin","floor":7,"turns":1},{"damage":10,"enemies":"Small Slimes","floor":8,"turns":3},{"damage":14,"enemies":"Red Slaver","floor":10,"turns":3},{"damage":28,"enemies":"Large Slime","floor":12,"turns":4},{"damage":30,"enemies":"Slime Boss","floor":16,"turns":9}],"seed_played":"-1235036678214335250","potions_obtained":[{"floor":1,"key":"Ancient Potion"},{"floor":7,"key":"FocusPotion"},{"floor":12,"key":"Swift Potion"}],"is_trial":false,"path_per_floor":["M","$","?","?","M","R","E","M","T","M","R","M","?","T","R","B"],"character_chosen":"DEFECT","items_purchased":["Skim"],"campfire_rested":0,"item_purchase_floors":[2],"current_hp_per_floor":[64,64,64,53,53,53,53,45,45,33,33,7,24,24,24,0,0],"gold":189,"neow_bonus":"THREE_ENEMY_KILL","is_daily":false,"chose_seed":false,"campfire_upgraded":3,"win_rate":0.0,"timestamp":1608164553,"path_taken":["M","$","?","?","M","R","E","M","T","M","R","M","?","?","R","BOSS"],"items_purchased_type":["Card"],"build_version":"2020-12-13","purchased_purges":0,"victory":false,"max_hp_per_floor":[71,71,71,71,71,71,71,71,71,71,71,71,71,71,71,71,71],"card_choices":[{"not_picked":["Steam Power","Leap"],"picked":"Double Energy","floor":1},{"not_picked":["Leap","Heatsinks"],"picked":"Turbo","floor":5},{"not_picked":["Defragment","Hologram"],"picked":"Sweeping Beam","floor":7},{"not_picked":["Leap","Darkness"],"picked":"Streamline","floor":8},{"not_picked":["Streamline","Scrape"],"picked":"Fusion","floor":10},{"not_picked":["Force Field","Rip and Tear"],"picked":"Go for the Eyes","floor":12}],"player_experience":662529,"relics_obtained":[{"floor":7,"key":"Blood Vial"},{"floor":9,"key":"Bronze Scales"},{"floor":14,"key":"HornCleat"}],"event_choices":[{"damage_healed":0,"gold_gain":1,"player_choice":"4","damage_taken":0,"max_hp_gain":0,"max_hp_loss":0,"event_name":"betterStone:BetterStone","floor":3,"gold_loss":0,"cards_obtained":["Skim"]},{"damage_healed":0,"gold_gain":75,"player_choice":"Gold","damage_taken":11,"max_hp_gain":0,"max_hp_loss":0,"event_name":"betterThird:BetterGoop","floor":4,"gold_loss":0},{"damage_healed":17,"gold_gain":0,"player_choice":"Healed and dodged fight","damage_taken":0,"max_hp_gain":0,"max_hp_loss":0,"event_name":"Mushrooms","floor":13,"gold_loss":0,"cards_obtained":["Parasite"]}],"is_beta":false,"boss_relics":[],"items_purged_floors":[],"is_endless":false,"potions_floor_spawned":[1,7,12],"killed_by":"Slime Boss","ascension_level":20}}