{"host":"e29qre8pq09omr3z","time":1608192125,"event":{"mods":["Aspiration","BaseMod","Bestiary","Card Forge","Colored Map","Conspire","Custom Start","Defuse TimeMaze Blight","Energized Spire","FoggyMod","Highlight Path","Hubris","Infinite Spire","Minty Spire (QoL Compilation)","RNG Fix","Random Character Mod","Replay The Spire","Shop Mod","Spicy Shops","StSLib","SuperFastMode","The Blue Laboratory","Uncapped","vexMod"],"gold_per_floor":[415,415,415,25,25,25,25,100,145,172,4,22,22,22,22,22,22],"floor_reached":16,"playtime":2111,"items_purged":["Languid"],"score":188,"play_id":"fbfdc9f7-90d4-4efc-b70a-825e96896c14","local_time":"20201217170205","is_ascension_mode":true,"campfire_choices":[{"data":"ReplayTheSpireMod:Black Plague","floor":6,"key":"SMITH"},{"floor":15,"key":"REST"}],"circlet_count":0,"master_deck":["ReplayTheSpireMod:Black Plague+1","Replay:Fractal Strike","Vigilance","Defend_P+1","Eruption","Strike_P","Survivor","Defend_G+1","Strike_G","Neutralize+1","Defend_R","Bash","Strike_R","Defend_B","Strike_B+1","Establishment"],"relics":["Ring of the Snake","Hammer of Thor","Seething Fire","Anvil of the Gods","vexMod:RedPlottingStone","conspire:InfiniteJournal","infinitespire:Cubic Diamond","ReplayTheSpireMod:Ring of Challenge","MerchantsRug","Omamori","Dream Catcher","hubris:OldNail","War Paint","Golden Idol"],"acts_visited":["Exordium"],"potions_floor_usage":[],"damage_taken":[{"damage":1,"enemies":"2 Louse","floor":1,"turns":3},{"damage":26,"enemies":"3 Sentries","floor":10,"turns":11},{"damage":0,"enemies":"Cultist","floor":12,"turns":3},{"damage":0,"enemies":"Fading Forest","floor":16,"turns":1}],"seed_played":"1055375222110704092","potions_obtained":[{"floor":10,"key":"Milkshake"},{"floor":12,"key":"AttackPotion"}],"is_trial":true,"path_per_floor":["M","?","?","$","?","R","?","?","T","E","$","M","$","?","R","B"],"character_chosen":"WATCHER","items_purchased":["MerchantsRug","Omamori","War Paint"],"campfire_rested":1,"item_purchase_floors":[4,4,11],"current_hp_per_floor":[60,60,60,60,40,40,40,29,29,3,3,3,3,3,21,21,21],"gold":22,"neow_bonus":"","is_daily":false,"chose_seed":false,"campfire_upgraded":1,"win_rate":0.0,"timestamp":1608192125,"path_taken":["M","?","?","$","?","R","?","?","T","E","$","?","?","?","R","BOSS"],"items_purchased_type":["Relic","Relic","Relic"],"build_version":"2020-12-13","purchased_purges":1,"victory":false,"max_hp_per_floor":[68,68,68,68,68,68,68,68,68,68,68,68,68,62,62,62,62],"card_choices":[{"not_picked":["Sanctity","Weave","Evaluate"],"picked":"SKIP","floor":1},{"not_picked":["JustLucky","Nirvana","Protect"],"picked":"SKIP","floor":10},{"not_picked":["Prostrate","Collect","EmptyFist"],"picked":"SKIP","floor":12},{"not_picked":["Evaluate","FearNoEvil"],"picked":"Establishment","floor":15}],"player_experience":533706,"relics_obtained":[{"floor":3,"key":"ReplayTheSpireMod:Ring of Challenge"},{"floor":9,"key":"Dream Catcher"},{"floor":10,"key":"hubris:OldNail"}],"event_choices":[{"damage_healed":0,"gold_gain":0,"player_choice":"Entered Light","damage_taken":20,"max_hp_gain":0,"max_hp_loss":0,"event_name":"Shining Light","floor":5,"gold_loss":0,"cards_upgraded":["Neutralize","Strike_B"]},{"damage_healed":0,"gold_gain":0,"player_choice":"Ignored","damage_taken":0,"max_hp_gain":0,"max_hp_loss":0,"event_name":"Liars Game","floor":7,"gold_loss":0},{"damage_healed":0,"gold_gain":75,"player_choice":"Gather Gold","damage_taken":11,"max_hp_gain":0,"max_hp_loss":0,"event_name":"World of Goop","floor":8,"gold_loss":0},{"damage_healed":0,"gold_gain":0,"player_choice":"Lose Max HP","damage_taken":0,"relics_obtained":["Golden Idol"],"max_hp_gain":0,"max_hp_loss":6,"event_name":"Golden Idol","floor":14,"gold_loss":0}],"is_beta":false,"boss_relics":[],"items_purged_floors":[4],"is_endless":false,"potions_floor_spawned":[10,12],"killed_by":"Fading Forest","ascension_level":20}}