{"host":"z9grmtg2w0nmz8n1","time":1608222516,"event":{"mods":["Aspiration","Bard","BaseMod","Beaked The Cultist","Better Altar","Better Match","Better Third Choice","BetterRewards","CCEM","Colored Map","Conspire","GifTheSpireLib","Googly Eyes","Highlight Path","Hubris","Jedi Mod","Jorbs\u0027s Wanderer Trilogy","Minty Spire (QoL Compilation)","Permanent Neow","Replay The Spire","Spicy Shops","StSLib","Stuff the Spire","The Bug Knight"],"gold_per_floor":[16,16,16,39,53,96,21,21,21,54,54,74,113,136,136,256,256,225,239,252,252,302,338,338,362,387,412,412,412],"floor_reached":28,"playtime":1723,"items_purged":["Strike_G"],"score":299,"play_id":"e5daa813-d43f-4b4a-99b3-0551ce9d9621","local_time":"20201217142836","is_ascension_mode":true,"campfire_choices":[{"floor":11,"key":"RECALL"},{"floor":15,"key":"REST"},{"floor":24,"key":"REST"}],"circlet_count":0,"master_deck":["Strike_G","Strike_G","Strike_G","Strike_G","Defend_G","Defend_G","Defend_G","Defend_G","Defend_G","Survivor","Neutralize","Blade Dance","Blade Dance+1","StuffTheSpire:DoubleShiv","Dagger Spray+1","Tools of the Trade","CurseOfTheBell","Blade Dance","Cloak And Dagger","StuffTheSpire:Shiver+1"],"relics":["Ring of the Snake","conspire:GiftBox","Golden Idol","Mango","Question Card","StuffTheSpire:MayFlowers","Calling Bell","jedi:cryingmask","Darkstone Periapt","jedi:purplefairy","aspiration:FrozenJewel","ReplayTheSpireMod:TigerMarble"],"acts_visited":["Exordium","TheCity"],"potions_floor_usage":[13,16,18,18,23,27],"damage_taken":[{"damage":0,"enemies":"2 Louse","floor":1,"turns":4},{"damage":1,"enemies":"Cultist","floor":4,"turns":4},{"damage":0,"enemies":"Jaw Worm","floor":5,"turns":4},{"damage":2,"enemies":"HollowMod:MossKnight","floor":6,"turns":6},{"damage":26,"enemies":"Replay:BlueRogue","floor":10,"turns":8},{"damage":2,"enemies":"Looter","floor":12,"turns":2},{"damage":36,"enemies":"Lagavulin","floor":13,"turns":4},{"damage":0,"enemies":"Blue Slaver","floor":14,"turns":3},{"damage":22,"enemies":"Slime Boss","floor":16,"turns":9},{"damage":13,"enemies":"2 Thieves","floor":18,"turns":5},{"damage":14,"enemies":"Shell Parasite","floor":19,"turns":5},{"damage":38,"enemies":"Shelled Parasite and Fungi","floor":20,"turns":7},{"damage":0,"enemies":"conspire:Head Lice","floor":23,"turns":10},{"damage":24,"enemies":"3 Cultists","floor":25,"turns":6},{"damage":27,"enemies":"Snake Plant","floor":27,"turns":6},{"damage":9,"enemies":"HollowMod:Nosk","floor":28,"turns":3}],"seed_played":"6292435334821616899","potions_obtained":[{"floor":4,"key":"FearPotion"},{"floor":13,"key":"jedi:StrikingPotion"},{"floor":14,"key":"Energy Potion"},{"floor":16,"key":"Fire Potion"},{"floor":20,"key":"Swift Potion"},{"floor":25,"key":"GhostInAJar"}],"is_trial":false,"path_per_floor":["M","?","?","M","M","E","$","?","T","E","R","M","E","M","R","B",null,"M","M","M","?","?","E","R","M","T","M","E"],"character_chosen":"THE_SILENT","items_purchased":[],"campfire_rested":2,"item_purchase_floors":[],"current_hp_per_floor":[70,65,65,64,64,76,76,76,76,50,50,48,12,12,35,19,79,69,55,22,22,22,28,51,30,30,6,0,0],"gold":412,"neow_bonus":"ONE_RARE_RELIC","is_daily":false,"chose_seed":false,"campfire_upgraded":0,"win_rate":0.0,"timestamp":1608222516,"path_taken":["M","?","?","?","M","E","$","?","T","E","R","?","E","?","R","BOSS","M","?","M","?","?","E","R","M","T","?","E"],"items_purchased_type":[],"build_version":"2020-12-13","purchased_purges":1,"victory":false,"max_hp_per_floor":[70,65,65,65,65,79,79,79,79,79,79,79,79,79,79,79,79,79,79,79,79,79,79,79,79,79,79,79,79],"card_choices":[{"not_picked":["Prepared","Tactician"],"picked":"Blade Dance","floor":1},{"not_picked":["Dodge and Roll","Flechettes","PiercingWail"],"picked":"SKIP","floor":4},{"not_picked":["Calculated Gamble","Underhanded Strike"],"picked":"Blade Dance","floor":5},{"not_picked":["Sucker Punch","Storm of Steel"],"picked":"StuffTheSpire:DoubleShiv","floor":6},{"not_picked":["StuffTheSpire:ClusterCrunch","hubris:Counter","Prepared"],"picked":"SKIP","floor":10},{"not_picked":["Blur","Outmaneuver","StuffTheSpire:Python","PiercingWail"],"picked":"SKIP","floor":12},{"not_picked":["Heel Hook","Deadly Poison","Flying Knee"],"picked":"Dagger Spray","floor":13},{"not_picked":["Dodge and Roll","Dagger Throw","Deflect","Masterful Stab"],"picked":"SKIP","floor":14},{"not_picked":["ReplayTheSpireMod:From All Sides","jedi:studypoison","Doppelganger"],"picked":"Tools of the Trade","floor":16},{"not_picked":["jedi:poisonivy","Deflect+1","Distraction"],"picked":"Blade Dance","floor":18},{"not_picked":["ReplayTheSpireMod:Exploit Weakness","Sneak Up","Outmaneuver","Poisoned Stab"],"picked":"SKIP","floor":19},{"not_picked":["Flying Knee","Underhanded Strike","Predator","StuffTheSpire:Injection+1"],"picked":"SKIP","floor":20},{"not_picked":["StuffTheSpire:ClusterCrunch","jedi:studypoison","conspire:PoisonWeapons","Heel Hook"],"picked":"SKIP","floor":23},{"not_picked":["Bane","Flechettes+1","Blade Dance"],"picked":"Cloak And Dagger","floor":25},{"not_picked":["Slice","Predator","Prepared"],"picked":"StuffTheSpire:Shiver+1","floor":27}],"player_experience":575645,"relics_obtained":[{"floor":6,"key":"Mango"},{"floor":10,"key":"Question Card"},{"floor":13,"key":"StuffTheSpire:MayFlowers"},{"floor":17,"key":"jedi:cryingmask"},{"floor":17,"key":"Darkstone Periapt"},{"floor":17,"key":"jedi:purplefairy"},{"floor":23,"key":"aspiration:FrozenJewel"},{"floor":26,"key":"ReplayTheSpireMod:TigerMarble"}],"event_choices":[{"damage_healed":0,"gold_gain":0,"player_choice":"Lose Max HP","damage_taken":0,"relics_obtained":["Golden Idol"],"max_hp_gain":0,"max_hp_loss":5,"event_name":"Golden Idol","floor":2,"gold_loss":0},{"damage_healed":0,"gold_gain":0,"player_choice":"Ignored","damage_taken":0,"max_hp_gain":0,"max_hp_loss":0,"event_name":"NoteForYourself","floor":3,"gold_loss":0},{"damage_healed":0,"gold_gain":0,"player_choice":"Forge","damage_taken":0,"max_hp_gain":0,"max_hp_loss":0,"event_name":"Accursed Blacksmith","floor":8,"gold_loss":0,"cards_upgraded":["Blade Dance"]},{"damage_healed":0,"gold_gain":100,"player_choice":"Bet on Murderer","damage_taken":0,"max_hp_gain":0,"max_hp_loss":0,"event_name":"The Joust","floor":22,"gold_loss":50}],"is_beta":false,"boss_relics":[{"not_picked":["Cursed Key","SacredBark"],"picked":"Calling Bell"}],"items_purged_floors":[7],"is_endless":false,"potions_floor_spawned":[4,13,14,16,20,25],"killed_by":"HollowMod:Nosk","ascension_level":1}}