{"host":"dntw6kil9p09eemm","time":1608172783,"event":{"mods":["BaseMod","Become a monster €›?Œ÷","BetterRewards","Colored Powertips","Hermit","Keyboard Shortcuts","Minty Spire (QoL Compilation)","Permanent Neow","Practice Mode","Shop Mod","Spicy Shops","StSLib","The Runesmith","Waifu the Spire","vexMod"],"gold_per_floor":[349,363,382,457,474,271,304,304,304,304,321,176,176,193,220,220,323,323,336,336,336,294,314,314,327,240,289,299,299,299],"floor_reached":29,"playtime":1413,"items_purged":["Strike_B","Defend_B"],"score":283,"play_id":"1f7e8f05-9ab7-4cc1-a604-17352cb6550e","local_time":"20201217113943","is_ascension_mode":false,"campfire_choices":[{"floor":8,"key":"REST"},{"floor":16,"key":"REST"},{"data":"Hologram","floor":24,"key":"SMITH"}],"circlet_count":0,"master_deck":["Strike_B","Strike_B","Defend_B","Defend_B","Defend_B","Zap","Dualcast","Redo","Ball Lightning","Hologram+1","Self Repair","Hyperbeam","Turbo","Echo Form","Iron Wave","Turbo","FTL","Seek","Beam Cell+1","Ghostly+1","Ghostly","Ghostly","Ghostly+1","Ghostly","Decay","Static Discharge","Hologram+1","Lockon","Redo"],"relics":["Cracked Core","MerchantsRug","vexMod:BarristanHead","MealTicket","Bag of Marbles","SlaversCollar","War Paint"],"acts_visited":["Exordium","TheCity"],"potions_floor_usage":[15,19],"damage_taken":[{"damage":0,"enemies":"3 Shapes","floor":2,"turns":1},{"damage":8,"enemies":"Jaw Worm","floor":3,"turns":3},{"damage":0,"enemies":"2 Louse","floor":5,"turns":1},{"damage":44,"enemies":"Lagavulin","floor":7,"turns":6},{"damage":0,"enemies":"Exordium Thugs","floor":11,"turns":4},{"damage":5,"enemies":"Looter","floor":14,"turns":3},{"damage":18,"enemies":"3 Sentries","floor":15,"turns":5},{"damage":48,"enemies":"Hexaghost","floor":17,"turns":9},{"damage":15,"enemies":"2 Thieves","floor":19,"turns":3},{"damage":0,"enemies":"Spheric Guardian","floor":23,"turns":5},{"damage":10,"enemies":"Centurion and Healer","floor":25,"turns":8},{"damage":9,"enemies":"Shelled Parasite and Fungi","floor":28,"turns":5},{"damage":40,"enemies":"Chosen and Byrds","floor":29,"turns":8}],"seed_played":"-6706749491880653687","potions_obtained":[{"floor":3,"key":"Regen Potion"},{"floor":5,"key":"BlessingOfTheForge"},{"floor":14,"key":"DistilledChaos"},{"floor":17,"key":"AttackPotion"},{"floor":19,"key":"Regen Potion"},{"floor":23,"key":"DuplicationPotion"}],"is_trial":false,"path_per_floor":["M","M","M","?","M","$","E","R","?","T","M","$","?","M","E","R","B",null,"M","?","?","$","M","R","M","$","T","M","M"],"character_chosen":"DEFECT","items_purchased":["Self Repair","MerchantsRug","Echo Form","Static Discharge","Lockon"],"campfire_rested":2,"item_purchase_floors":[6,6,12,22,26],"current_hp_per_floor":[68,68,60,49,49,49,12,32,7,7,14,29,29,31,34,54,6,68,60,34,34,34,34,34,34,34,34,32,0,0],"gold":299,"neow_bonus":"TWO_FIFTY_GOLD","is_daily":false,"chose_seed":false,"campfire_upgraded":1,"win_rate":0.0,"timestamp":1608172783,"path_taken":["M","M","?","M","$","E","R","?","T","M","$","?","?","E","R","BOSS","M","?","?","$","?","R","M","?","T","M","M"],"items_purchased_type":["Card","Relic","Card","Card","Card"],"build_version":"2020-12-13","purchased_purges":2,"victory":false,"max_hp_per_floor":[68,68,68,68,68,68,68,68,68,68,68,68,68,68,68,68,68,68,68,34,34,34,34,34,34,34,34,34,34,34],"card_choices":[{"not_picked":["Rebound","Loop"],"picked":"Redo","floor":2},{"not_picked":["Conserve Battery","Double Energy"],"picked":"Ball Lightning","floor":3},{"not_picked":["Tempest","Hello World"],"picked":"Hologram","floor":5},{"not_picked":["Aggregate","Darkness"],"picked":"Hyperbeam","floor":7},{"not_picked":["Streamline","Stack"],"picked":"Turbo","floor":11},{"not_picked":["Rebound","Self Repair"],"picked":"Turbo","floor":14},{"not_picked":["Rebound","Coolheaded"],"picked":"FTL","floor":15},{"not_picked":["Echo Form","Rainbow"],"picked":"Seek","floor":17},{"not_picked":["Consume","Barrage+1"],"picked":"Beam Cell+1","floor":19},{"not_picked":["Hello World","Doom and Gloom"],"picked":"Hologram+1","floor":23},{"not_picked":["Hello World","Undo","Chaos"],"picked":"SKIP","floor":25},{"not_picked":["Turbo+1","Coolheaded"],"picked":"Redo","floor":28}],"player_experience":176406,"relics_obtained":[{"floor":7,"key":"vexMod:BarristanHead"},{"floor":10,"key":"MealTicket"},{"floor":15,"key":"Bag of Marbles"},{"floor":27,"key":"War Paint"}],"event_choices":[{"damage_healed":0,"gold_gain":75,"player_choice":"Gather Gold","damage_taken":11,"max_hp_gain":0,"max_hp_loss":0,"event_name":"World of Goop","floor":4,"gold_loss":0},{"damage_healed":0,"gold_gain":0,"player_choice":"Success","damage_taken":25,"relics_obtained":["Potion Belt"],"max_hp_gain":0,"max_hp_loss":0,"event_name":"Scrap Ooze","floor":9,"gold_loss":0},{"cards_removed":["Strike_B"],"damage_healed":0,"gold_gain":0,"player_choice":"Took Card","damage_taken":0,"max_hp_gain":0,"max_hp_loss":0,"event_name":"NoteForYourself","floor":13,"gold_loss":0,"cards_obtained":["Iron Wave"]},{"damage_healed":0,"gold_gain":0,"player_choice":"Became a Ghost","damage_taken":0,"max_hp_gain":0,"max_hp_loss":34,"event_name":"Ghosts","floor":20,"gold_loss":0,"cards_obtained":["Ghostly","Ghostly","Ghostly","Ghostly","Ghostly"]},{"damage_healed":0,"gold_gain":0,"player_choice":"Cursed","damage_taken":0,"max_hp_gain":0,"max_hp_loss":0,"event_name":"Wheel of Change","floor":21,"gold_loss":0,"cards_obtained":["Decay"]}],"is_beta":false,"boss_relics":[{"not_picked":["Snecko Eye","Ectoplasm"],"picked":"SlaversCollar"}],"items_purged_floors":[12,26],"is_endless":false,"potions_floor_spawned":[3,5,14,17,19,23],"killed_by":"Chosen and Byrds","ascension_level":0}}