{"host":"n7cu66tz98nxrk0y","time":1608247455,"event":{"mods":["BaseMod","Colored Map","Colored Powertips","Highlight Path","Minty Spire (QoL Compilation)","StSLib"],"gold_per_floor":[110,110,110,126,138,169,169,6,6,26,26,26,46,60,60,161,161,176,195,208,115,115,115],"floor_reached":22,"playtime":800,"items_purged":[],"score":188,"play_id":"b7ecef21-a84e-42ba-b472-9b652ed668ee","local_time":"20201218002415","is_ascension_mode":false,"campfire_choices":[{"floor":7,"key":"REST"},{"data":"Creative AI","floor":12,"key":"SMITH"},{"floor":15,"key":"REST"}],"circlet_count":0,"master_deck":["Strike_B","Strike_B","Strike_B","Strike_B","Defend_B","Defend_B","Defend_B","Defend_B","Zap","Dualcast","Static Discharge","Conserve Battery","Creative AI+1","Ball Lightning","BootSequence","Thunder Strike","Ball Lightning","Loop","Ball Lightning"],"relics":["Cracked Core","NeowsBlessing","Bag of Marbles","Kunai","Boot","Art of War","Sozu"],"acts_visited":["Exordium","TheCity"],"potions_floor_usage":[],"damage_taken":[{"damage":0,"enemies":"Jaw Worm","floor":1,"turns":1},{"damage":0,"enemies":"Cultist","floor":4,"turns":1},{"damage":0,"enemies":"Small Slimes","floor":5,"turns":1},{"damage":36,"enemies":"Gremlin Nob","floor":6,"turns":4},{"damage":6,"enemies":"3 Louse","floor":10,"turns":4},{"damage":4,"enemies":"Exordium Wildlife","floor":13,"turns":4},{"damage":9,"enemies":"Blue Slaver","floor":14,"turns":3},{"damage":38,"enemies":"The Guardian","floor":16,"turns":9},{"damage":17,"enemies":"Spheric Guardian","floor":18,"turns":4},{"damage":16,"enemies":"Shell Parasite","floor":19,"turns":5},{"damage":29,"enemies":"3 Cultists","floor":20,"turns":4},{"damage":18,"enemies":"Snake Plant","floor":22,"turns":2}],"seed_played":"-1499920781468052968","potions_obtained":[{"floor":1,"key":"DistilledChaos"},{"floor":5,"key":"FocusPotion"},{"floor":13,"key":"Regen Potion"}],"is_trial":false,"path_per_floor":["M","?","T","M","M","E","R","$","T","M","?","R","M","M","R","B",null,"M","M","M","$","M"],"character_chosen":"DEFECT","items_purchased":["Creative AI","Loop","Ball Lightning"],"campfire_rested":2,"item_purchase_floors":[8,21,21],"current_hp_per_floor":[75,63,63,63,63,27,49,49,49,43,48,48,44,35,59,21,80,63,47,18,18,0,0],"gold":115,"neow_bonus":"THREE_ENEMY_KILL","is_daily":false,"chose_seed":false,"campfire_upgraded":1,"win_rate":0.0,"timestamp":1608247455,"path_taken":["M","?","?","M","?","E","R","?","T","M","?","R","M","M","R","BOSS","M","M","M","$","M"],"items_purchased_type":["Card","Card","Card"],"build_version":"2020-12-13","purchased_purges":0,"victory":false,"max_hp_per_floor":[75,75,75,75,75,75,75,75,75,75,80,80,80,80,80,80,80,80,80,80,80,80,80],"card_choices":[{"not_picked":["Redo","Recycle"],"picked":"Static Discharge","floor":1},{"not_picked":["Redo","Turbo","Stack"],"picked":"SKIP","floor":4},{"not_picked":["Coolheaded","Barrage","Stack"],"picked":"SKIP","floor":5},{"not_picked":["Turbo","Compile Driver"],"picked":"Conserve Battery","floor":6},{"not_picked":["Chaos","Steam","Rebound"],"picked":"SKIP","floor":10},{"not_picked":["Rebound","Scrape"],"picked":"Ball Lightning","floor":13},{"not_picked":["Glacier","Gash"],"picked":"BootSequence","floor":14},{"not_picked":["Creative AI","Meteor Strike"],"picked":"Thunder Strike","floor":16},{"not_picked":["Stack","Leap","Beam Cell"],"picked":"SKIP","floor":18},{"not_picked":["Sweeping Beam+1","Steam"],"picked":"Ball Lightning","floor":19},{"not_picked":["Compile Driver","Rebound","Lockon"],"picked":"SKIP","floor":20}],"player_experience":373873,"relics_obtained":[{"floor":3,"key":"Kunai"},{"floor":6,"key":"Boot"},{"floor":9,"key":"Art of War"}],"event_choices":[{"damage_healed":0,"gold_gain":0,"player_choice":"Success","damage_taken":12,"relics_obtained":["Bag of Marbles"],"max_hp_gain":0,"max_hp_loss":0,"event_name":"Scrap Ooze","floor":2,"gold_loss":0},{"damage_healed":0,"gold_gain":0,"player_choice":"Donut","damage_taken":0,"max_hp_gain":5,"max_hp_loss":0,"event_name":"Big Fish","floor":11,"gold_loss":0}],"is_beta":false,"boss_relics":[{"not_picked":["Velvet Choker","FrozenCore"],"picked":"Sozu"}],"items_purged_floors":[],"is_endless":false,"potions_floor_spawned":[1,5,13,19],"killed_by":"Snake Plant","ascension_level":0}}