{"host":"z6c1sol8rulx2ubz","time":1608221716,"event":{"mods":["AchievementEnabler","Act Like it!","BaseMod","Better Note","Better Third Choice","Downfall","Elementarium","Gold Saver","Hallownest","Hermit","Hubris","Infinite Spire","Jorbs\u0027s Wanderer Trilogy","Minty Spire (QoL Compilation)","Potionbrewer","Quick Restart","Rare Cards Sparkle","Reorder Act Four","StSLib","The Animator","The Bug Knight","The Cursed","The Necromancer","Wandering Minibosses"],"gold_per_floor":[338,366,366,291,291,51,51,62,95,95,107,121,138,157,176,280,280,280,280,309,325,325,340,409,435,435,360,370,370,383,396,413,517,517,517,535,535,535,563,630,630,680,713,638,658,670,670,670,683,683],"floor_reached":51,"playtime":3654,"items_purged":[],"score":1007,"play_id":"338b02f6-98af-4731-b078-8e1f446bcd83","local_time":"20201217161516","is_ascension_mode":true,"campfire_choices":[{"floor":1.0,"key":"RECALL"},{"floor":4.0,"key":"REST"},{"data":"infinitespire:Oblivion","floor":10.0,"key":"SMITH"},{"data":"Guardian:DecasProtection","floor":18,"key":"SMITH"},{"data":"Guardian:PrismaticBarrier","floor":22,"key":"SMITH"},{"floor":27,"key":"REST"},{"data":"wanderingMiniBosses:FinaleOfPromise","floor":35,"key":"SMITH"},{"data":"Guardian:ExploitGems","floor":38,"key":"SMITH"},{"floor":44,"key":"REST"}],"circlet_count":0,"master_deck":["Guardian:Strike_Guardian","Guardian:Strike_Guardian","Guardian:Strike_Guardian","Guardian:Strike_Guardian","Guardian:Defend_Guardian","Guardian:Defend_Guardian","Guardian:Defend_Guardian","Guardian:Defend_Guardian","Guardian:CurlUp","Guardian:TwinSlam","Guardian:PrismaticBarrier+1","infinitespire:Oblivion+1","Guardian:DecasProtection+1","Guardian:BronzeArmor","Guardian:ArmoredProtocol","Guardian:RevengeProtocol","Guardian:FierceBash","Guardian:TemporalStrike","Guardian:CrystalBeam","Guardian:TemporalShield+1","infinitespire:Oblivion+1","Guardian:BronzeArmor+1","wanderingMiniBosses:FinaleOfPromise+1","Guardian:WalkerClaw","Guardian:ExploitGems+1","CurseOfTheBell","expansioncontent:ManipulateTime","expansioncontent:DonusPower","expansioncontent:LastStand","Guardian:DecasProtection+1","Guardian:ChargeUp","Guardian:FastForward","Guardian:TemporalShield+1"],"relics":["infinitespire:Cupcake","Centennial Puzzle","hubris:Icosahedron","downfall:HeartBlessingRed","HollowMod:StagPassRelic","infinitespire:BottledMercury","hubris:Stopwatch","HollowMod:PaleOreRelic","hubris:Backtick","hubris:64BitClover","potionbrewer:SlideRule","Oddly Smooth Stone","downfall:HeartBlessingBlue","wanderingMiniBosses:Blackblade","infinitespire:Bottled Soul","Calling Bell","Nunchaku","hubris:MobiusCoin","Smiling Mask","hubris:BottledRain","CaptainsWheel","Lantern","downfall:HeartBlessingGreen"],"acts_visited":["Exordium","TheCity","TheBeyond"],"potions_floor_usage":[23,30,33,39,49,50],"damage_taken":[{"damage":55.0,"enemies":"HollowMod:MossKnight","floor":2.0,"turns":12.0},{"damage":11.0,"enemies":"downfall:FleeingMerchant","floor":6.0,"turns":7.0},{"damage":0.0,"enemies":"Small Slimes","floor":8.0,"turns":3.0},{"damage":0.0,"enemies":"Lagavulin","floor":9.0,"turns":6.0},{"damage":0.0,"enemies":"2 Louse","floor":11.0,"turns":2.0},{"damage":10.0,"enemies":"Jaw Worm","floor":12.0,"turns":2.0},{"damage":2.0,"enemies":"Exordium Wildlife","floor":13.0,"turns":8.0},{"damage":0.0,"enemies":"Blue Slaver","floor":14.0,"turns":4.0},{"damage":8.0,"enemies":"Gremlin Gang","floor":15.0,"turns":6.0},{"damage":0.0,"enemies":"downfall:Watcher","floor":16.0,"turns":8.0},{"damage":8,"enemies":"Book of Stabbing","floor":20,"turns":5},{"damage":0,"enemies":"Spheric Guardian","floor":21,"turns":4},{"damage":0,"enemies":"Chosen","floor":23,"turns":4},{"damage":42,"enemies":"Gremlin Leader","floor":25,"turns":5},{"damage":2,"enemies":"Snake Plant","floor":28,"turns":3},{"damage":0,"enemies":"Shelled Parasite and Fungi","floor":30,"turns":4},{"damage":0,"enemies":"Chosen and Byrds","floor":31,"turns":4},{"damage":15,"enemies":"Cultist and Chosen","floor":32,"turns":8},{"damage":0,"enemies":"downfall:Silent","floor":33,"turns":4},{"damage":0,"enemies":"3 Shapes","floor":36,"turns":4},{"damage":21,"enemies":"Nemesis","floor":39,"turns":5},{"damage":6,"enemies":"3 Darklings","floor":40,"turns":4},{"damage":5,"enemies":"Mind Bloom Boss Battle","floor":42,"turns":6},{"damage":0,"enemies":"HollowMod:StalkingDevout","floor":43,"turns":4},{"damage":8,"enemies":"Maw","floor":45,"turns":5},{"damage":22,"enemies":"Spire Growth","floor":46,"turns":4},{"damage":6,"enemies":"Writhing Mass","floor":49,"turns":4},{"damage":0,"enemies":"downfall:Defect","floor":50,"turns":6}],"seed_played":"-1490382298828821878","potions_obtained":[{"floor":2.0,"key":"Dexterity Potion"},{"floor":12.0,"key":"ColorlessPotion"},{"floor":14.0,"key":"PowerPotion"},{"floor":15.0,"key":"Weak Potion"},{"floor":16.0,"key":"Dexterity Potion"},{"floor":20,"key":"Block Potion"},{"floor":25,"key":"Block Potion"},{"floor":28,"key":"Guardian:DefensiveModePotion"},{"floor":39,"key":"SpeedPotion"},{"floor":40,"key":"BlessingOfTheForge"},{"floor":45,"key":"EssenceOfSteel"}],"is_trial":false,"path_per_floor":["R","E","?","R","?","$","T","M","E","R","M","M","M","M","M","B",null,"R","AVR","E","M","R","M","T","E","?","R","M","?","M","M","M","B",null,"R","M","?","R","E","M","T","?","E","R","M","M","?","?","M","B",null],"character_chosen":"GUARDIAN","items_purchased":["Guardian:DefensiveModeMoreBlock","Guardian:BronzeArmor"],"campfire_rested":3,"item_purchase_floors":[6,6],"current_hp_per_floor":[80,25,25,49,29,18,18,18,80,80,80,70,68,68,60,60,80,80,80,72,72,72,72,72,30,30,67,65,38,38,38,23,23,90,90,90,80,80,59,53,53,48,48,75,67,45,45,45,39,39],"gold":683,"neow_bonus":"BOSS_RELIC","is_daily":false,"chose_seed":false,"campfire_upgraded":5,"win_rate":0.0,"timestamp":1608221716,"path_taken":["R","E","?","R","?","?","T","M","E","R","?","M","M","M","M","BOSS","R","AVR","E","M","R","M","T","E","?","R","M","?","?","?","M","BOSS","R","M","?","R","E","M","T","?","E","R","M","M","?","?","M","BOSS"],"items_purchased_type":["Relic","Card"],"build_version":"2020-12-13","purchased_purges":0,"victory":true,"max_hp_per_floor":[80,80,80,80,80,80,80,80,80,80,80,80,80,80,80,80,80,80,80,80,80,80,80,80,80,80,90,90,90,90,90,90,90,90,90,90,90,90,90,90,90,90,90,90,90,90,90,90,90,90],"card_choices":[{"not_picked":["Guardian:SentryBeam","Guardian:ArmoredProtocol"],"picked":"Guardian:PrismaticBarrier","floor":2.0},{"not_picked":["infinitespire:Punishment","hubris:Fate"],"picked":"infinitespire:Oblivion","floor":5.0},{"not_picked":["Guardian:VentSteam","Guardian:WalkerClaw"],"picked":"Guardian:DecasProtection","floor":6.0},{"not_picked":["Guardian:Reroute","Guardian:PiercingHide"],"picked":"Guardian:Gem_Cyan","floor":8.0},{"not_picked":["Guardian:Gem_Lightblue","Guardian:PiercingHide"],"picked":"Guardian:Gem_Yellow","floor":9.0},{"not_picked":["Guardian:RollAttack","Guardian:TemporalStrike"],"picked":"Guardian:ArmoredProtocol","floor":11.0},{"not_picked":["Guardian:TimeBomb","Guardian:Gem_Yellow"],"picked":"Guardian:Gem_Purple","floor":12.0},{"not_picked":["Guardian:Gem_Red","Guardian:PrimingBeam"],"picked":"Guardian:Gem_Green","floor":13.0},{"not_picked":["Guardian:PrimingBeam","Guardian:Suspension"],"picked":"Guardian:Gem_Crimson","floor":14.0},{"not_picked":["Guardian:Gem_Red","Guardian:Gem_Blue"],"picked":"Guardian:RevengeProtocol","floor":15.0},{"not_picked":["Guardian:StasisStrike","Guardian:Gem_Orange"],"picked":"Guardian:FierceBash","floor":16.0},{"not_picked":["Guardian:Planning","Guardian:Gem_Cyan"],"picked":"Guardian:TemporalStrike","floor":20},{"not_picked":["Guardian:Gem_Crimson","Guardian:GuardianWhirl+1","Guardian:ShieldCharger+1"],"picked":"SKIP","floor":21},{"not_picked":["Guardian:ShieldCharger","Guardian:Planning+1"],"picked":"Guardian:CrystalBeam","floor":23},{"not_picked":["Guardian:Harden","Guardian:Planning+1"],"picked":"Guardian:TemporalShield+1","floor":25},{"not_picked":["Guardian:PiercingHide","Guardian:MultiBeam"],"picked":"Guardian:RevengeProtocol","floor":28},{"not_picked":["Guardian:Incinerate","Guardian:Reroute"],"picked":"Guardian:Gem_Red","floor":30},{"not_picked":["Guardian:SentryBeam","Guardian:Gem_White"],"picked":"Guardian:BronzeArmor+1","floor":31},{"not_picked":[],"picked":"wanderingMiniBosses:FinaleOfPromise","floor":32},{"not_picked":["Guardian:CrystalBeam","Guardian:PolyBeam"],"picked":"Guardian:WalkerClaw","floor":32},{"not_picked":["Guardian:ConstructionForm","Guardian:HyperBeam_Guardian"],"picked":"Guardian:ExploitGems","floor":33},{"not_picked":["Guardian:PrimingBeam+1","Guardian:ShieldCharger+1"],"picked":"Guardian:Gem_Green","floor":36},{"not_picked":["expansioncontent:SlimeTackle","expansioncontent:Flail"],"picked":"expansioncontent:ManipulateTime","floor":37},{"not_picked":["expansioncontent:TimeRipple","expansioncontent:Chronoboost"],"picked":"expansioncontent:DonusPower","floor":37},{"not_picked":["expansioncontent:DarkVoid","expansioncontent:FaceSlap"],"picked":"expansioncontent:LastStand","floor":37},{"not_picked":["Guardian:ChargeCore","Guardian:TemporalStrike"],"picked":"Guardian:DecasProtection+1","floor":39},{"not_picked":["Guardian:Gem_Lightblue","Guardian:TemporalShield+1"],"picked":"Guardian:Gem_White","floor":40},{"not_picked":["Guardian:Gem_Crimson","Guardian:GuardianWhirl"],"picked":"Guardian:ChargeUp","floor":43},{"not_picked":["Guardian:SentryBeam","Guardian:ChargeCore","Guardian:Planning+1"],"picked":"SKIP","floor":45},{"not_picked":["Guardian:Gem_Cyan","Guardian:Gem_Purple"],"picked":"Guardian:Gem_Green","floor":46},{"not_picked":["Guardian:VentSteam+1","Guardian:TimeBomb+1"],"picked":"Guardian:TemporalShield+1","floor":49}],"player_experience":251382,"relics_obtained":[{"floor":2.0,"key":"Centennial Puzzle"},{"floor":7.0,"key":"HollowMod:StagPassRelic"},{"floor":9.0,"key":"infinitespire:BottledMercury"},{"floor":20,"key":"potionbrewer:SlideRule"},{"floor":25,"key":"Oddly Smooth Stone"},{"floor":32,"key":"wanderingMiniBosses:Blackblade"},{"floor":33,"key":"infinitespire:Bottled Soul"},{"floor":34,"key":"Nunchaku"},{"floor":34,"key":"hubris:MobiusCoin"},{"floor":39,"key":"Smiling Mask"},{"floor":41,"key":"hubris:BottledRain"},{"floor":42,"key":"CaptainsWheel"},{"floor":43,"key":"Lantern"}],"event_choices":[{"damage_healed":0,"gold_gain":0,"player_choice":"Copied","damage_taken":0,"max_hp_gain":0,"max_hp_loss":0,"event_name":"Duplicator","floor":26,"gold_loss":0,"cards_obtained":["infinitespire:Oblivion"]}],"is_beta":false,"boss_relics":[{"not_picked":["Ectoplasm","hubris:TerracottaHorce"],"picked":"hubris:Stopwatch"},{"not_picked":["Empty Cage","Fusion Hammer"],"picked":"Calling Bell"}],"items_purged_floors":[],"is_endless":false,"potions_floor_spawned":[2,12,14,15,16,20,25,28,39,40,45],"ascension_level":1}}