{"host":"f0gpob8hq9vgebej","time":1608221329,"event":{"mods":["AchievementEnabler","BaseMod","Googly Eyes","Minty Spire (QoL Compilation)","Quick Restart","SuperFastMode"],"gold_per_floor":[115,134,150,75,94,94,113,113,113,113,129,149,168,188,188,290,290,303,80,96,108,118,118,118,118,118,133,147,164,16,33,33,128,128,144,144,144,157,507,507,201,201,225,240,240,257,271,5,5,5],"floor_reached":51,"playtime":1845,"items_purged":["Strike_G","Defend_G","Strike_G","Defend_G"],"score":978,"play_id":"760aaf83-c99d-4031-adb3-b5623f523485","local_time":"20201218010849","is_ascension_mode":true,"campfire_choices":[{"data":"Cloak And Dagger","floor":6,"key":"SMITH"},{"data":"Phantasmal Killer","floor":8,"key":"SMITH"},{"floor":10,"key":"REST"},{"data":"Neutralize","floor":15,"key":"SMITH"},{"data":"After Image","floor":23,"key":"SMITH"},{"data":"Accuracy","floor":32,"key":"SMITH"},{"data":"Envenom","floor":40,"key":"SMITH"},{"data":"Accuracy","floor":42,"key":"SMITH"},{"floor":49,"key":"REST"}],"circlet_count":0,"master_deck":["AscendersBane","Strike_G","Strike_G","Defend_G","Defend_G","Survivor","Reflex","Acrobatics","Cloak And Dagger+1","Phantasmal Killer+1","Leg Sweep+1","Blade Dance+1","After Image+1","Acrobatics+1","Concentrate+1","Backflip+1","Accuracy+1","Accuracy+1","PiercingWail+1","Calculated Gamble+1","Envenom+1","Prepared+1","Prepared+1","Cloak And Dagger+1","Outmaneuver+1","Backflip+1","Violence+1","Terror+1","Reflex+1","Blade Dance+1"],"relics":["Ring of the Snake","Toxic Egg 2","Black Star","Letter Opener","Membership Card","Philosopher\u0027s Stone","Old Coin","Blood Vial","OrangePellets","Bag of Marbles","Bottled Lightning"],"acts_visited":["Exordium","TheCity","TheBeyond"],"potions_floor_usage":[13,16,21,39,44,50],"damage_taken":[{"damage":1,"enemies":"Jaw Worm","floor":1,"turns":5},{"damage":0,"enemies":"Small Slimes","floor":2,"turns":3},{"damage":0,"enemies":"2 Louse","floor":3,"turns":4},{"damage":27,"enemies":"Large Slime","floor":5,"turns":11},{"damage":0,"enemies":"2 Fungi Beasts","floor":7,"turns":5},{"damage":7,"enemies":"Looter","floor":11,"turns":4},{"damage":0,"enemies":"Large Slime","floor":12,"turns":9},{"damage":0,"enemies":"Gremlin Gang","floor":13,"turns":3},{"damage":0,"enemies":"Exordium Wildlife","floor":14,"turns":2},{"damage":30,"enemies":"The Guardian","floor":16,"turns":18},{"damage":0,"enemies":"Shell Parasite","floor":18,"turns":6},{"damage":0,"enemies":"Spheric Guardian","floor":20,"turns":3},{"damage":10,"enemies":"3 Cultists","floor":21,"turns":7},{"damage":4,"enemies":"Sentry and Sphere","floor":22,"turns":5},{"damage":10,"enemies":"Centurion and Healer","floor":27,"turns":6},{"damage":2,"enemies":"Cultist and Chosen","floor":28,"turns":5},{"damage":5,"enemies":"Sentry and Sphere","floor":29,"turns":5},{"damage":0,"enemies":"Shelled Parasite and Fungi","floor":31,"turns":3},{"damage":33,"enemies":"Collector","floor":33,"turns":7},{"damage":14,"enemies":"3 Shapes","floor":35,"turns":4},{"damage":6,"enemies":"3 Darklings","floor":38,"turns":4},{"damage":7,"enemies":"Mind Bloom Boss Battle","floor":39,"turns":3},{"damage":2,"enemies":"Transient","floor":44,"turns":5},{"damage":0,"enemies":"Spire Growth","floor":46,"turns":4},{"damage":3,"enemies":"Writhing Mass","floor":47,"turns":4},{"damage":15,"enemies":"Donu and Deca","floor":50,"turns":4}],"seed_played":"4641028110232526551","potions_obtained":[{"floor":1,"key":"Ancient Potion"},{"floor":7,"key":"Explosive Potion"},{"floor":14,"key":"Poison Potion"},{"floor":16,"key":"BlessingOfTheForge"},{"floor":20,"key":"Energy Potion"},{"floor":21,"key":"SteroidPotion"},{"floor":33,"key":"DistilledChaos"}],"is_trial":false,"path_per_floor":["M","M","M","$","M","R","M","R","T","R","M","M","M","M","R","B",null,"M","$","M","M","M","R","?","?","T","M","M","M","$","M","R","B",null,"M","?","?","M","?","R","$","R","T","M","?","M","M","$","R","B",null],"character_chosen":"THE_SILENT","items_purchased":["Concentrate+1","Backflip+1","Membership Card","Blood Vial","OrangePellets","Cloak And Dagger+1","DistilledChaos","Outmaneuver+1","Reflex+1","Blade Dance+1","Bottled Lightning"],"campfire_rested":2,"item_purchase_floors":[19,19,30,41,41,41,41,41,48,48,48],"current_hp_per_floor":[44,44,44,44,17,17,17,17,17,38,31,31,31,31,31,1,53,53,53,53,43,39,39,39,62,62,52,50,45,45,45,45,12,56,42,42,42,36,29,29,29,29,29,29,29,31,30,30,49,36],"gold":5,"neow_bonus":"REMOVE_TWO","is_daily":false,"chose_seed":false,"campfire_upgraded":7,"win_rate":0.0,"timestamp":1608221329,"path_taken":["M","M","M","$","M","R","M","R","T","R","M","M","M","M","R","BOSS","M","$","M","M","M","R","?","?","T","?","M","M","$","M","R","BOSS","M","?","?","M","?","R","$","R","T","M","?","M","M","?","R","BOSS"],"items_purchased_type":["Card","Card","Relic","Relic","Relic","Card","Potion","Card","Card","Card","Relic"],"build_version":"2020-12-13","purchased_purges":4,"victory":true,"max_hp_per_floor":[70,70,70,70,70,70,70,70,70,70,70,70,70,70,70,70,70,70,70,70,70,70,70,70,70,70,70,70,70,70,70,70,70,70,70,66,66,66,66,66,66,66,66,66,66,66,66,66,66,66],"card_choices":[{"not_picked":["Prepared","Flying Knee"],"picked":"Reflex","floor":1},{"not_picked":["Sucker Punch","Skewer"],"picked":"Acrobatics","floor":2},{"not_picked":["Deflect","Flying Knee","Outmaneuver"],"picked":"SKIP","floor":3},{"not_picked":["PiercingWail","Acrobatics"],"picked":"Cloak And Dagger","floor":5},{"not_picked":["Calculated Gamble","Flechettes"],"picked":"Phantasmal Killer","floor":7},{"not_picked":["Poisoned Stab","Quick Slash"],"picked":"Leg Sweep+1","floor":11},{"not_picked":["Underhanded Strike","Flying Knee","All Out Attack"],"picked":"SKIP","floor":12},{"not_picked":["Infinite Blades","Deflect+1"],"picked":"Blade Dance+1","floor":13},{"not_picked":["Flechettes","Quick Slash","Phantasmal Killer+1"],"picked":"SKIP","floor":14},{"not_picked":["Tools of the Trade","Burst+1"],"picked":"After Image","floor":16},{"not_picked":["Dagger Throw","Underhanded Strike"],"picked":"Acrobatics+1","floor":18},{"not_picked":["Deflect+1","Leg Sweep+1","Bouncing Flask+1"],"picked":"SKIP","floor":20},{"not_picked":["Flying Knee","Poisoned Stab"],"picked":"Accuracy","floor":21},{"not_picked":["Dagger Spray+1","Deadly Poison+1"],"picked":"Accuracy","floor":22},{"not_picked":["Slice","Bouncing Flask+1"],"picked":"PiercingWail+1","floor":27},{"not_picked":["Acrobatics+1","Slice","Poisoned Stab+1"],"picked":"SKIP","floor":28},{"not_picked":["Infinite Blades","Dagger Throw"],"picked":"Calculated Gamble+1","floor":29},{"not_picked":["Finisher","Acrobatics+1","Deflect+1"],"picked":"SKIP","floor":31},{"not_picked":["Tools of the Trade","Die Die Die"],"picked":"Envenom","floor":33},{"not_picked":["Outmaneuver+1","Quick Slash"],"picked":"Prepared+1","floor":35},{"not_picked":["Leg Sweep+1","Deadly Poison+1"],"picked":"Prepared+1","floor":38},{"not_picked":["Outmaneuver+1","Sucker Punch+1"],"picked":"Backflip+1","floor":44},{"not_picked":["Mind Blast","Dramatic Entrance"],"picked":"Violence+1","floor":45},{"not_picked":["Deadly Poison+1","Backflip+1","Deflect+1"],"picked":"SKIP","floor":46},{"not_picked":["Underhanded Strike","Sucker Punch+1"],"picked":"Terror+1","floor":47}],"player_experience":172836,"relics_obtained":[{"floor":9,"key":"Toxic Egg 2"},{"floor":26,"key":"Letter Opener"},{"floor":39,"key":"Old Coin"},{"floor":43,"key":"Bag of Marbles"}],"event_choices":[{"damage_healed":0,"gold_gain":0,"player_choice":"Ignored","damage_taken":0,"max_hp_gain":0,"max_hp_loss":0,"event_name":"Vampires","floor":24,"gold_loss":0},{"damage_healed":23,"gold_gain":0,"player_choice":"Heal","damage_taken":0,"max_hp_gain":0,"max_hp_loss":0,"event_name":"The Library","floor":25,"gold_loss":0},{"damage_healed":0,"gold_gain":0,"player_choice":"Max HP","damage_taken":0,"max_hp_gain":0,"max_hp_loss":4,"event_name":"Winding Halls","floor":36,"gold_loss":0},{"cards_removed":["Neutralize"],"damage_healed":0,"gold_gain":0,"player_choice":"Removed Attack","damage_taken":0,"max_hp_gain":0,"max_hp_loss":0,"event_name":"Falling","floor":37,"gold_loss":0},{"damage_healed":0,"gold_gain":0,"player_choice":"Fight","damage_taken":0,"max_hp_gain":0,"max_hp_loss":0,"event_name":"MindBloom","floor":39,"gold_loss":0},{"damage_healed":0,"gold_gain":0,"player_choice":"Memory 1","damage_taken":0,"max_hp_gain":0,"max_hp_loss":0,"event_name":"SensoryStone","floor":45,"gold_loss":0}],"is_beta":false,"boss_relics":[{"not_picked":["Busted Crown","Sozu"],"picked":"Black Star"},{"not_picked":["Velvet Choker","Snecko Eye"],"picked":"Philosopher\u0027s Stone"}],"items_purged_floors":[4,19,41,48],"is_endless":false,"potions_floor_spawned":[1,7,11,12,14,16,18,20,21,33,35,38],"ascension_level":11}}