{"host":"z9grmtg2w0nmz8n1","time":1608187150,"event":{"mods":["Aspiration","Bard","BaseMod","Beaked The Cultist","Better Altar","Better Match","Better Third Choice","BetterRewards","CCEM","Colored Map","Conspire","GifTheSpireLib","Googly Eyes","Highlight Path","Hubris","Infinite Spire","Jedi Mod","Jorbs\u0027s Wanderer Trilogy","Minty Spire (QoL Compilation)","Permanent Neow","Replay The Spire","Spicy Shops","StSLib","Stuff the Spire","The Bug Knight"],"gold_per_floor":[114,39,54,54,54,83,83,114,114,126,146,46,75,95,95,193,193,209,209,209,220,220,251,251,284,284,284,19,31,62,62,62,164,164,180,180,180,180,196,196,227,227,250,269,269,269],"floor_reached":45,"playtime":2088,"items_purged":["Stack","Regret","Crystallizer"],"score":607,"play_id":"403235a7-795e-4bc3-a69f-8903817d6f35","local_time":"20201217043910","daily_mods":["Draft"],"is_ascension_mode":false,"campfire_choices":[{"data":"ReplayGash","floor":7,"key":"SMITH"},{"data":"Gash","floor":15,"key":"SMITH"},{"data":"Genetic Algorithm","floor":24,"key":"SMITH"},{"data":"Streamline","floor":27,"key":"SMITH"},{"floor":32,"key":"REST"},{"data":"StuffTheSpire:BrainWave","floor":40,"key":"SMITH"},{"floor":42,"key":"REST"}],"circlet_count":0,"master_deck":["Steam","Ball Lightning","Steam","Ball Lightning","StuffTheSpire:Plugnplay","ReplayGash+1","Undo","White Noise+1","jedi:blockon","Gash+1","Streamline+1","BootSequence","Genetic Algorithm+1","Ball Lightning","Gash+1","Gash+1","Panache","Madness","Madness","StuffTheSpire:BrainWave+1"],"relics":["Cracked Core","Happy Flower","Kunai","Replay:Rubber Ducky","CCEMRelics:DissonantTune","Odd Mushroom","Busted Crown","Anchor","Empty Cage","Question Card","Ornamental Fan","Counterbalance","Pen Nib","CCEMRelics:PorcelainBowl","jedi:hotpepper","Replay:Wax Seal","PreservedInsect"],"acts_visited":["Exordium","TheCity","TheBeyond"],"potions_floor_usage":[16,23,41,41,44],"damage_taken":[{"damage":0,"enemies":"Cultist","floor":1,"turns":3},{"damage":0,"enemies":"2 Louse","floor":3,"turns":3},{"damage":2,"enemies":"Lagavulin","floor":6,"turns":5},{"damage":5,"enemies":"Gremlin Nob","floor":8,"turns":3},{"damage":0,"enemies":"Jaw Worm","floor":10,"turns":2},{"damage":0,"enemies":"Exordium Wildlife","floor":11,"turns":2},{"damage":9,"enemies":"The Mushroom Lair","floor":13,"turns":3},{"damage":0,"enemies":"3 Louse","floor":14,"turns":3},{"damage":3,"enemies":"The Guardian","floor":16,"turns":8},{"damage":0,"enemies":"Chosen","floor":18,"turns":3},{"damage":6,"enemies":"2 Thieves","floor":21,"turns":4},{"damage":9,"enemies":"Slavers","floor":23,"turns":5},{"damage":0,"enemies":"Gremlin Leader","floor":25,"turns":5},{"damage":0,"enemies":"Shelled Parasite and Fungi","floor":29,"turns":3},{"damage":26,"enemies":"Nightmare","floor":30,"turns":5},{"damage":0,"enemies":"Collector","floor":33,"turns":7},{"damage":0,"enemies":"3 Shapes","floor":35,"turns":4},{"damage":0,"enemies":"3 Darklings","floor":39,"turns":3},{"damage":13,"enemies":"Nemesis","floor":41,"turns":5},{"damage":31,"enemies":"Spire Growth","floor":44,"turns":4},{"damage":20,"enemies":"Maw","floor":45,"turns":2}],"seed_played":"8013610453052679603","potions_obtained":[{"floor":1,"key":"SpeedPotion"},{"floor":8,"key":"jedi:coolantleak"},{"floor":10,"key":"GamblersBrew"},{"floor":13,"key":"BlessingOfTheForge"},{"floor":25,"key":"AttackPotion"},{"floor":30,"key":"jedi:tentaclejuice"},{"floor":39,"key":"ColorlessPotion"},{"floor":41,"key":"jedi:coolantleak"}],"is_trial":true,"path_per_floor":["M","$","M","?","?","E","R","E","T","M","M","$","?","M","R","B",null,"M","?","AVR","M","T","E","R","E","T","R","$","M","NM","$","R","B",null,"M","?","?","?","M","R","E","R","T","M","M"],"character_chosen":"DEFECT","items_purchased":["Panache"],"campfire_rested":2,"item_purchase_floors":[28],"current_hp_per_floor":[75,75,75,75,75,73,73,68,68,68,68,68,59,59,59,56,75,75,75,75,69,69,60,60,60,60,60,60,60,34,34,56,56,56,56,56,49,49,49,49,36,51,51,20,0,0],"gold":269,"neow_bonus":"","is_daily":false,"chose_seed":false,"campfire_upgraded":5,"win_rate":0.0,"timestamp":1608187150,"path_taken":["M","$","?","?","?","E","R","E","T","M","M","?","?","M","R","BOSS","M","?","AVR","?","?","E","R","E","T","R","$","?","NM","?","R","BOSS","M","?","?","?","?","R","E","R","T","M","M"],"items_purchased_type":["Card"],"build_version":"2020-12-13","purchased_purges":3,"victory":false,"max_hp_per_floor":[75,75,75,75,75,75,75,75,75,75,75,75,75,75,75,75,75,75,75,75,75,75,75,75,75,75,75,75,75,75,75,75,75,56,56,56,56,51,51,51,51,51,51,51,51,51],"card_choices":[{"not_picked":["Sweeping Beam","Compile Driver"],"picked":"Steam","floor":0},{"not_picked":["Panic Button","Turbo"],"picked":"Crystallizer","floor":0},{"not_picked":["Go for the Eyes","jedi:BurstFrost"],"picked":"Ball Lightning","floor":0},{"not_picked":["Coolheaded","Conserve Battery"],"picked":"Steam","floor":0},{"not_picked":["Compile Driver","StuffTheSpire:LoadUp"],"picked":"Steam","floor":0},{"not_picked":["Undo","Leap"],"picked":"Ball Lightning","floor":0},{"not_picked":["Panic Button","jedi:hex"],"picked":"Stack","floor":0},{"not_picked":["Panic Button","Leap"],"picked":"StuffTheSpire:Plugnplay","floor":0},{"not_picked":["StuffTheSpire:Coldhearted","Stack"],"picked":"ReplayGash","floor":0},{"not_picked":["Beam Cell","jedi:BurstFrost"],"picked":"StuffTheSpire:Plugnplay","floor":0},{"not_picked":["BasicCrystalCard","Consume"],"picked":"Undo","floor":0},{"not_picked":["jedi:BurstFrost","Compile Driver"],"picked":"White Noise","floor":0},{"not_picked":["Doom and Gloom","ReplayTheSpireMod:System Scan"],"picked":"jedi:blockon","floor":0},{"not_picked":["Redo","Steam"],"picked":"Gash","floor":0},{"not_picked":["hubris:Ukulele","Blizzard"],"picked":"Streamline","floor":0},{"not_picked":["Sweeping Beam","StuffTheSpire:Plugnplay"],"picked":"BootSequence","floor":1},{"not_picked":["Panic Button","Conserve Battery","Barrage"],"picked":"SKIP","floor":3},{"not_picked":["jedi:reiji","Buffer","Beam Cell"],"picked":"SKIP","floor":6},{"not_picked":["Beam Cell","jedi:BurstLightning"],"picked":"Genetic Algorithm","floor":8},{"not_picked":["Coolheaded","Beam Cell"],"picked":"Ball Lightning","floor":10},{"not_picked":["jedi:blockon","Beam Cell","jedi:BurstDark"],"picked":"SKIP","floor":11},{"not_picked":["BasicCrystalCard","StuffTheSpire:Coldhearted","StuffTheSpire:LoadUp"],"picked":"SKIP","floor":14},{"not_picked":["Turbo"],"picked":"SKIP","floor":18},{"not_picked":["StuffTheSpire:SnapShoot"],"picked":"SKIP","floor":21},{"not_picked":["Time Bomb","Compile Driver"],"picked":"SKIP","floor":23},{"not_picked":["Streamline+1"],"picked":"Gash+1","floor":25},{"not_picked":["Glacier","ReplayTheSpireMod:Reroute Power"],"picked":"SKIP","floor":29},{"not_picked":["jedi:gatheringstorm","Redo"],"picked":"SKIP","floor":30},{"not_picked":["Cold Snap","Conserve Battery"],"picked":"SKIP","floor":35},{"not_picked":["jedi:BurstFrost+1","Conserve Battery"],"picked":"SKIP","floor":39},{"not_picked":["Doom and Gloom+1","Skim"],"picked":"SKIP","floor":41},{"not_picked":["Scrape","Hologram+1"],"picked":"SKIP","floor":44}],"player_experience":573557,"relics_obtained":[{"floor":6,"key":"Kunai"},{"floor":8,"key":"Replay:Rubber Ducky"},{"floor":9,"key":"CCEMRelics:DissonantTune"},{"floor":13,"key":"Odd Mushroom"},{"floor":22,"key":"Question Card"},{"floor":23,"key":"Ornamental Fan"},{"floor":25,"key":"Counterbalance"},{"floor":26,"key":"Pen Nib"},{"floor":30,"key":"CCEMRelics:PorcelainBowl"},{"floor":41,"key":"Replay:Wax Seal"},{"floor":43,"key":"PreservedInsect"}],"event_choices":[{"damage_healed":0,"gold_gain":0,"player_choice":"Box","damage_taken":0,"relics_obtained":["Happy Flower"],"max_hp_gain":0,"max_hp_loss":0,"event_name":"Big Fish","floor":5,"gold_loss":0,"cards_obtained":["Regret"]},{"damage_healed":0,"gold_gain":0,"player_choice":"Fought Mushrooms","damage_taken":0,"max_hp_gain":0,"max_hp_loss":0,"event_name":"Mushrooms","floor":13,"gold_loss":0},{"damage_healed":0,"gold_gain":0,"player_choice":"Copied","damage_taken":0,"max_hp_gain":0,"max_hp_loss":0,"event_name":"Duplicator","floor":19,"gold_loss":0,"cards_obtained":["Gash"]},{"damage_healed":0,"gold_gain":0,"player_choice":"Ignored","damage_taken":0,"max_hp_gain":0,"max_hp_loss":0,"event_name":"Tomb of Lord Red Mask","floor":36,"gold_loss":0},{"damage_healed":0,"gold_gain":0,"player_choice":"Embrace Madness","damage_taken":7,"max_hp_gain":0,"max_hp_loss":0,"event_name":"Winding Halls","floor":37,"gold_loss":0,"cards_obtained":["Madness","Madness"]}],"is_beta":false,"boss_relics":[{"not_picked":["aspiration:PoetsPen_weak","conspire:SlowCooker"],"picked":"Busted Crown"},{"not_picked":["Fusion Hammer","hubris:Stopwatch"],"picked":"jedi:hotpepper"}],"items_purged_floors":[2,12,20],"is_endless":false,"potions_floor_spawned":[1,8,10,13,14,25,30,33,39,41],"killed_by":"Maw","ascension_level":0}}