{"host":"mi0eibewekhugwl1","time":1608222559,"event":{"mods":["AchievementEnabler","BaseMod","Colored Map","Colored Powertips","DeckTracker","Keyboard Shortcuts","Minty Spire (QoL Compilation)","Quick Restart","Rare Cards Sparkle","Relic Stats","StSLib","SuperFastMode","everything is the same but u backflip on backflip"],"gold_per_floor":[118,118,118,118,118,151,151,183,183,183,183,202,218,229,229,229,229],"floor_reached":16,"playtime":152,"items_purged":[],"score":316,"play_id":"585f27da-a2ca-4583-8660-925e499d9959","local_time":"20201218012919","is_ascension_mode":true,"campfire_choices":[{"data":"Chaos","floor":7.0,"key":"SMITH"},{"data":"Dualcast","floor":10.0,"key":"SMITH"},{"data":"Conserve Battery","floor":15,"key":"SMITH"}],"circlet_count":0,"master_deck":["AscendersBane","Strike_B","Strike_B","Strike_B","Defend_B","Defend_B","Defend_B","Defend_B","Zap+1","Dualcast+1","Chaos+1","Sweeping Beam","Tempest","Conserve Battery+1"],"relics":["Cracked Core","NeowsBlessing","Anchor","InkBottle","Frozen Egg 2","Kunai"],"acts_visited":["Exordium"],"potions_floor_usage":[16],"damage_taken":[{"damage":0.0,"enemies":"Jaw Worm","floor":1.0,"turns":1.0},{"damage":0.0,"enemies":"Gremlin Nob","floor":6.0,"turns":1.0},{"damage":0.0,"enemies":"3 Sentries","floor":8.0,"turns":1.0},{"damage":0,"enemies":"2 Louse","floor":12,"turns":2},{"damage":2,"enemies":"Small Slimes","floor":13,"turns":2},{"damage":11,"enemies":"2 Fungi Beasts","floor":14,"turns":3},{"damage":23,"enemies":"Hexaghost","floor":16,"turns":9}],"seed_played":"-7192272902808042114","potions_obtained":[{"floor":1.0,"key":"Ancient Potion"},{"floor":14,"key":"Swift Potion"}],"is_trial":false,"path_per_floor":["M","?","?","?","?","E","R","E","T","R","?","M","M","M","R","B"],"character_chosen":"DEFECT","items_purchased":[],"campfire_rested":0,"item_purchase_floors":[],"current_hp_per_floor":[64,38,38,31,31,31,31,31,31,31,31,31,29,18,18,0,0],"gold":229,"neow_bonus":"THREE_ENEMY_KILL","is_daily":false,"chose_seed":false,"campfire_upgraded":3,"win_rate":0.0,"timestamp":1608222559,"path_taken":["M","?","?","?","?","E","R","E","T","R","?","M","M","M","R","BOSS"],"items_purchased_type":[],"build_version":"2020-12-13","purchased_purges":0,"victory":false,"max_hp_per_floor":[71,71,71,71,71,71,71,71,71,71,71,71,71,71,71,71,71],"relic_stats":{"counters":[7,19],"Kunai":[1],"obtain_stats":[{"Anchor":2,"NeowsBlessing":0,"Kunai":9,"Frozen Egg 2":8,"Cracked Core":0,"InkBottle":6},{"Anchor":1,"NeowsBlessing":0,"Kunai":3,"Frozen Egg 2":3,"Cracked Core":0,"InkBottle":2},{"Anchor":1,"NeowsBlessing":0,"Kunai":3,"Frozen Egg 2":3,"Cracked Core":0,"InkBottle":2}],"InkBottle":[5]},"card_choices":[{"not_picked":["Steam Power","Barrage","Steam"],"picked":"SKIP","floor":1.0},{"not_picked":["Recycle","Amplify"],"picked":"Chaos","floor":6.0},{"not_picked":["Turbo","Aggregate","Rainbow"],"picked":"SKIP","floor":8.0},{"not_picked":["Consume","Leap"],"picked":"Sweeping Beam","floor":12},{"not_picked":["Heatsinks+1","Steam"],"picked":"Tempest","floor":13},{"not_picked":["Ball Lightning","Steam Power"],"picked":"Conserve Battery","floor":14}],"player_experience":1687688,"relics_obtained":[{"floor":6.0,"key":"InkBottle"},{"floor":8.0,"key":"Frozen Egg 2"},{"floor":9.0,"key":"Kunai"}],"event_choices":[{"damage_healed":0.0,"max_hp_gain":0.0,"max_hp_loss":0.0,"gold_gain":0.0,"event_name":"Scrap Ooze","player_choice":"Success","floor":2.0,"gold_loss":0.0,"damage_taken":26.0,"relics_obtained":["Anchor"]},{"damage_healed":0.0,"max_hp_gain":0.0,"max_hp_loss":0.0,"gold_gain":0.0,"event_name":"Shining Light","player_choice":"Ignored","floor":3.0,"gold_loss":0.0,"damage_taken":0.0},{"cards_removed":["Strike_B"],"damage_healed":0.0,"max_hp_gain":0.0,"max_hp_loss":0.0,"gold_gain":0.0,"event_name":"Golden Wing","player_choice":"Card Removal","floor":4.0,"gold_loss":0.0,"damage_taken":7.0},{"damage_healed":0.0,"max_hp_gain":0.0,"max_hp_loss":0.0,"gold_gain":0.0,"event_name":"Living Wall","player_choice":"Grow","floor":5.0,"gold_loss":0.0,"damage_taken":0.0,"cards_upgraded":["Zap"]},{"damage_healed":0,"gold_gain":0,"player_choice":"Searched \u00270\u0027 times","damage_taken":0,"max_hp_gain":0,"max_hp_loss":0,"event_name":"Dead Adventurer","floor":11,"gold_loss":0}],"is_beta":false,"boss_relics":[],"items_purged_floors":[],"is_endless":false,"potions_floor_spawned":[1,14],"killed_by":"Hexaghost","ascension_level":20}}