{"host":"yecadp3kwkksam5a","time":1608202489,"event":{"mods":["BaseMod","Minty Spire (QoL Compilation)","StSLib","The Gatherer"],"gold_per_floor":[113,124,139,154,170,198,273,306,306,323,273,273,128,128,128,230,230,253,233,35,49,49,49,49,49],"floor_reached":23,"playtime":1707,"items_purged":["Gatherer:Strike_Gatherer","Gatherer:Defend_Gatherer"],"score":228,"play_id":"07ed84c4-c891-4b21-8bbb-f2b694645fd4","local_time":"20201217195449","is_ascension_mode":false,"metric_token":285,"campfire_choices":[{"data":"Gatherer:Liquidism","floor":12.0,"key":"SMITH"},{"data":"Gatherer:AlchemyTrial","floor":15.0,"key":"SMITH"}],"circlet_count":0,"master_deck":["Gatherer:Strike_Gatherer","Gatherer:Strike_Gatherer","Gatherer:Strike_Gatherer","Gatherer:Defend_Gatherer","Gatherer:Defend_Gatherer","Gatherer:Defend_Gatherer","Gatherer:Defend_Gatherer","Gatherer:Centralize","Gatherer:FlowerWhip","Gatherer:Duality","Gatherer:WitheringStrike","Gatherer:VenomBarrier","Gatherer:PotentialSlash","Gatherer:Uplift","Gatherer:Liquidism+1","Gatherer:FlowerBeam","Gatherer:AlchemyTrial+1","Gatherer:BlackTea","CurseOfTheBell","Gatherer:Snatch","Gatherer:FruitForce","Gatherer:EnergyBasket"],"relics":["Gatherer:AlchemyBag","Gatherer:FlyingFruit","PreservedInsect","Pantograph","Ornamental Fan","Calling Bell","CeramicFish","Pear","Girya"],"acts_visited":["Exordium","TheCity"],"potions_floor_usage":[],"damage_taken":[{"damage":2.0,"enemies":"2 Louse","floor":1.0,"turns":3.0},{"damage":0.0,"enemies":"Jaw Worm","floor":2.0,"turns":3.0},{"damage":0.0,"enemies":"Cultist","floor":3.0,"turns":3.0},{"damage":4.0,"enemies":"Exordium Thugs","floor":4.0,"turns":9.0},{"damage":0.0,"enemies":"Looter","floor":5.0,"turns":4.0},{"damage":20.0,"enemies":"3 Sentries","floor":6.0,"turns":11.0},{"damage":4.0,"enemies":"Lagavulin","floor":8.0,"turns":6.0},{"damage":8.0,"enemies":"3 Louse","floor":10.0,"turns":4.0},{"damage":24.0,"enemies":"Hexaghost","floor":16.0,"turns":10.0},{"damage":41,"enemies":"3 Byrds","floor":18,"turns":4},{"damage":22,"enemies":"2 Thieves","floor":19,"turns":4},{"damage":10,"enemies":"Cultist and Chosen","floor":21,"turns":5},{"damage":0,"enemies":"Gremlin Leader","floor":23,"turns":1}],"seed_played":"139652023012866436","potions_obtained":[{"floor":1.0,"key":"ColorlessPotion"},{"floor":3.0,"key":"Regen Potion"},{"floor":8.0,"key":"SkillPotion"},{"floor":10.0,"key":"Regen Potion"},{"floor":19,"key":"Ancient Potion"}],"is_trial":false,"path_per_floor":["M","M","M","M","M","E","?","E","T","M","?","R","$","?","R","B",null,"M","M","$","M","$","E"],"character_chosen":"THE_GATHERER","items_purchased":["Gatherer:AlchemyTrial","Gatherer:FruitForce","Gatherer:EnergyBasket"],"campfire_rested":0,"item_purchase_floors":[13,20,20],"current_hp_per_floor":[77,77,77,73,73,53,42,38,38,30,30,30,30,30,30,31,89,48,26,30,24,24,24,24,24],"gold":49,"neow_bonus":"TEN_PERCENT_HP_BONUS","is_daily":false,"chose_seed":false,"campfire_upgraded":2,"win_rate":0.0,"timestamp":1608202489,"path_taken":["M","M","M","M","M","E","?","E","T","M","?","R","$","?","R","BOSS","M","M","$","M","?","E"],"items_purchased_type":["Card","Card","Card"],"build_version":"2020-12-13","purchased_purges":2,"victory":false,"max_hp_per_floor":[79,79,79,79,79,79,79,79,79,79,79,79,79,79,79,79,89,89,89,93,97,97,97,97,97],"card_choices":[{"not_picked":["Gatherer:Polymorphism","Gatherer:FeelingFine"],"picked":"Gatherer:Duality","floor":1.0},{"not_picked":["Gatherer:CarefulStrike","Gatherer:TacticalStrike"],"picked":"Gatherer:WitheringStrike","floor":2.0},{"not_picked":["Gatherer:AcidicSpray","Gatherer:Uplift"],"picked":"Gatherer:VenomBarrier","floor":3.0},{"not_picked":["Gatherer:FragileHammer","Gatherer:EnergyBasket"],"picked":"Gatherer:PotentialSlash","floor":4.0},{"not_picked":["Gatherer:AlchemyTrial","Gatherer:CarefulStrike","Gatherer:EnergyBasket"],"picked":"SKIP","floor":5.0},{"not_picked":["Gatherer:UpgradeBag","Gatherer:Transmute"],"picked":"Gatherer:Uplift","floor":6.0},{"not_picked":["Gatherer:FinishingStrike","Gatherer:VenomBarrier"],"picked":"Gatherer:Liquidism","floor":8.0},{"not_picked":["Gatherer:EchoOfNature","Gatherer:SmartManeuver"],"picked":"Gatherer:FlowerBeam","floor":10.0},{"not_picked":["Gatherer:HeartToFruit","Gatherer:Examine"],"picked":"Gatherer:BlackTea","floor":16.0},{"not_picked":["Gatherer:BambuSword+1","Gatherer:Duality"],"picked":"Gatherer:Snatch","floor":18},{"not_picked":["Gatherer:SmartManeuver","Gatherer:SaveValuables+1","Gatherer:BambuSword+1"],"picked":"SKIP","floor":19},{"not_picked":["Gatherer:TacticalStrike","Gatherer:SaveValuables","Gatherer:Nutrients+1"],"picked":"SKIP","floor":21}],"player_experience":214463,"relics_obtained":[{"floor":6.0,"key":"Gatherer:FlyingFruit"},{"floor":8.0,"key":"PreservedInsect"},{"floor":9.0,"key":"Pantograph"},{"floor":17.0,"key":"CeramicFish"},{"floor":17.0,"key":"Pear"},{"floor":17.0,"key":"Girya"}],"event_choices":[{"damage_healed":0.0,"max_hp_gain":0.0,"max_hp_loss":0.0,"gold_gain":75.0,"event_name":"World of Goop","player_choice":"Gather Gold","floor":7.0,"gold_loss":0.0,"damage_taken":11.0},{"cards_removed":["Gatherer:Strike_Gatherer"],"damage_healed":0.0,"max_hp_gain":0.0,"max_hp_loss":0.0,"gold_gain":0.0,"event_name":"The Cleric","player_choice":"Card Removal","floor":11.0,"gold_loss":50.0,"damage_taken":0.0},{"damage_healed":0.0,"max_hp_gain":0.0,"max_hp_loss":0.0,"gold_gain":0.0,"event_name":"WeMeetAgain","player_choice":"Gave Potion","floor":14.0,"gold_loss":0.0,"damage_taken":0.0,"relics_obtained":["Ornamental Fan"]}],"is_beta":false,"boss_relics":[{"not_picked":["Ectoplasm","Fusion Hammer"],"picked":"Calling Bell"}],"items_purged_floors":[13,20],"is_endless":false,"potions_floor_spawned":[1,3,8,10,19],"killed_by":"Gremlin Leader","ascension_level":0}}