{"host":"keq0h3zgiuz4rmh9","time":1608184142,"event":{"mods":["AchievementEnabler","BaseMod","BetterRewards","Downfall","Duelist Mod","GifTheSpireLib","Hermit","Minty Spire (QoL Compilation)","Replay The Spire","StSLib","The Cursed","The Necromancer"],"gold_per_floor":[141,141,158,171,18,18,52,52,98,98,63,63,63,83,83,83,83],"floor_reached":16,"playtime":1346,"items_purged":["Overencumbered"],"score":165,"play_id":"3ad7dd6d-dc0b-48bd-8b0a-fae017485c6f","local_time":"20201217004902","is_ascension_mode":true,"campfire_choices":[{"floor":6,"key":"REST"},{"floor":8,"key":"REST"},{"data":"theDuelist:ShallowGrave","floor":10,"key":"SMITH"},{"data":"theDuelist:ShiranuiSpectralswordShade","floor":12,"key":"SMITH"}],"circlet_count":0,"master_deck":["theDuelist:ZombieCorpse","theDuelist:ArmoredZombie+1","theDuelist:ArmoredZombie+1","theDuelist:ArmoredZombie","theDuelist:ClownZombie","theDuelist:ClownZombie","theDuelist:PatricianDarkness","theDuelist:ShallowGrave+1","theDuelist:SkullConductor","theDuelist:TutanMask","theDuelist:GhostrickMary+1","theDuelist:ShiranuiSpectralswordShade+1","theDuelist:ShiranuiSamuraisaga"],"relics":["theDuelist:MillenniumPuzzle","theDuelist:CardPoolRelic","theDuelist:CardPoolBasicRelic","theDuelist:BoosterPackPoolRelic","theDuelist:CardPoolAddRelic","theDuelist:CardPoolMinusRelic","theDuelist:CardPoolSaveRelic","theDuelist:CardPoolOptionsRelic","theDuelist:MerchantPendant","PreservedInsect","Guide Book","theDuelist:ElectricBurst","Membership Card","Replay:Mystery Machine","Juzu Bracelet","ReplayTheSpireMod:Ring of Addiction","ReplayTheSpireMod:Ring of Exchange","Toy Ornithopter","SacredBark"],"acts_visited":["Exordium"],"potions_floor_usage":[7,11,16,16,16],"damage_taken":[{"damage":0,"enemies":"Cultist","floor":1,"turns":5},{"damage":0,"enemies":"2 Louse","floor":3,"turns":3},{"damage":0,"enemies":"Small Slimes","floor":4,"turns":2},{"damage":18,"enemies":"Gremlin Nob","floor":7,"turns":5},{"damage":4,"enemies":"Exordium Thugs","floor":11,"turns":5},{"damage":3,"enemies":"Looter","floor":14,"turns":4},{"damage":86,"enemies":"Hexaghost","floor":16,"turns":18}],"seed_played":"-6055698934235380742","potions_obtained":[{"floor":1,"key":"Cursed Concoction"},{"floor":3,"key":"theDuelist:VampirePotion"},{"floor":7,"key":"AttackPotion"},{"floor":13,"key":"theDuelist:WhiteBottle"},{"floor":13,"key":"ColorlessPotion"},{"floor":13,"key":"Strength Potion"}],"is_trial":false,"path_per_floor":["M","$","M","M","$","R","E","R","T","R","M","R","?","M","R","B"],"character_chosen":"THE_DUELIST","items_purchased":["theDuelist:GhostrickMary","theDuelist:MerchantPendant","PreservedInsect","Guide Book","theDuelist:ShiranuiSpectralswordShade","theDuelist:ShiranuiSamuraisaga","Membership Card"],"campfire_rested":2,"item_purchase_floors":[0,0,0,0,0,0,5],"current_hp_per_floor":[49,49,49,49,49,73,55,79,79,79,75,75,75,72,80,0,0],"gold":83,"neow_bonus":"","is_daily":false,"chose_seed":false,"campfire_upgraded":2,"win_rate":0.0,"timestamp":1608184142,"path_taken":["M","$","M","?","$","R","E","R","T","R","M","R","?","M","R","BOSS"],"items_purchased_type":["Card","Relic","Relic","Relic","Card","Card","Relic"],"build_version":"2020-12-13","purchased_purges":1,"victory":false,"max_hp_per_floor":[80,80,80,80,80,80,80,80,80,80,80,80,80,80,80,80,80],"card_choices":[{"not_picked":["theDuelist:BadReaction","theDuelist:IcyCrevasse","theDuelist:AltarTribute","theDuelist:DarkHorizon","theDuelist:WhiteHowling"],"picked":"SKIP","floor":1},{"not_picked":["theDuelist:FossilDragon","theDuelist:Skullgios","theDuelist:PMCaptor","theDuelist:ForbiddenLance","theDuelist:GlowUpBloom"],"picked":"SKIP","floor":3},{"not_picked":["theDuelist:ShiranuiSpectralsword","theDuelist:Skullgios","theDuelist:DarkAssailant","theDuelist:ShiranuiSmith"],"picked":"theDuelist:BeastPharaoh","floor":4},{"not_picked":["theDuelist:SangaThunder","theDuelist:MysticalElf","theDuelist:AncientElf","theDuelist:ExodiaRL","theDuelist:Relinquished"],"picked":"SKIP","floor":7},{"not_picked":["theDuelist:MagicalBlast","theDuelist:WhiteMagicalHat","theDuelist:BlizzardPrincess","theDuelist:Graverobber","theDuelist:MagiciansRobe"],"picked":"SKIP","floor":11},{"not_picked":["theDuelist:DarkMagician","theDuelist:WhiteMagicalHat","theDuelist:MysticalElf","theDuelist:OnslaughtFireKings","theDuelist:ThousandEyesIdol"],"picked":"SKIP","floor":14}],"player_experience":154945,"relics_obtained":[{"floor":7,"key":"Replay:Mystery Machine"},{"floor":9,"key":"Juzu Bracelet"},{"floor":13,"key":"ReplayTheSpireMod:Ring of Addiction"},{"floor":13,"key":"ReplayTheSpireMod:Ring of Exchange"},{"floor":13,"key":"Toy Ornithopter"},{"floor":13,"key":"SacredBark"}],"event_choices":[],"is_beta":false,"boss_relics":[],"items_purged_floors":[0],"is_endless":false,"potions_floor_spawned":[1,3,7],"killed_by":"Hexaghost","ascension_level":2}}