{"host":"uy3xxt3jvdg1h0wo","time":1608241655,"event":{"mods":["Act Like it!","Aspiration","Astrologer","BaseMod","Better Sensory Stone","Better Vampires","CatGirl Mod","ChefMod","Colored Powertips","Conspire","Displayed Cursed Tome","Dota2Spire","GifTheSpireLib","Gremlin Skip","Grow up Mod","Halation","Hallownest","Hermit","Hubris","JesterMod","Jorbs\u0027s Wanderer Trilogy","Kratos Character Expansion","Melee Mod","Menagerie","Minty Spire (QoL Compilation)","RatMod","Remove Card Discount Mod","Replay The Spire","Retaliation","Robot Space Explorer","SCP261 Mod","Shade Mod","Shop Mod","Spicy Shops","Spikes Relics","Spire Birthday Party","StSLib","Stuff the Spire","The Cursed","The Factory","The Forsaken","The Hayseed","The Judge","The Jungle","The Kombatant","The Necromancer","The Problem Sleuth","TheVacant","TheWitcher","Transform Curses","Virulent Crown","[IsaacMod]????","thorton","vexMod","????"],"gold_per_floor":[114,119,134,84,9,9,24,24,24,39,39,54,54,84,84,184,850,856,876,891,520,550,18,47,77,77,92,107,107,122,31,31,145,145,169,184,206,206],"floor_reached":37,"playtime":4187,"items_purged":[],"score":547,"play_id":"0f598f8b-9aed-4c8b-8dbb-85f43d6c6b89","local_time":"20201217154735","daily_mods":["Specialized","Uncertain Future","Lethality"],"is_ascension_mode":false,"campfire_choices":[{"floor":6,"key":"REST"},{"floor":8,"key":"REST"},{"floor":15,"key":"REST"},{"floor":29,"key":"REST"},{"floor":32,"key":"REST"}],"circlet_count":0,"master_deck":["hubris:Hubris","TheCursedMod:Strike_TheCursed","TheCursedMod:Strike_TheCursed","TheCursedMod:Strike_TheCursed+1","TheCursedMod:Strike_TheCursed","TheCursedMod:Defend_TheCursed","TheCursedMod:Defend_TheCursed","TheCursedMod:Defend_TheCursed","TheCursedMod:Defend_TheCursed","TheCursedMod:CursedWand","TheCursedMod:CleanUpWorkshop","TheCursedMod:Dregs","TheCursedMod:AshesToAshes","TheCursedMod:AshesToAshes","TheCursedMod:AshesToAshes","TheCursedMod:AshesToAshes","TheCursedMod:AshesToAshes","TheCursedMod:Torture","TheCursedMod:CursedBlade+1","TheCursedMod:Torture","conspire:SpireCoStock","SnafuTest:CursePact","TheCursedMod:CursedStaff","TheCursedMod:Obscuration","TheCursedMod:Torture","TheCursedMod:FleshFromBone","TheCursedMod:DemonSword","TheCursedMod:SpitefulStrike","TheCursedMod:Stigma","TheCursedMod:Torture","TheCursedMod:VitalStrike","Replay:Bootleg Shield Generator","TheCursedMod:SpitefulStrike","TheCursedMod:CursedShiv","TheCursedMod:CursedShiv","TheCursedMod:SpreadPlague","TheCursedMod:CursedShiv","TheCursedMod:Obscuration+1","TheCursedMod:CursedAmulet","TheCursedMod:AbyssShockwave+1","TheCursedMod:WearCloak","TheCursedMod:BloodBarrier+1","TheCursedMod:SpreadPlague","TheCursedMod:SaltUponWound+1","TheCursedMod:CursedMace","TheCursedMod:SmokeScreen","TheCursedMod:ForbiddenAlchemy","TheCursedMod:CircleOfCorruption","TheCursedMod:SpreadPlague"],"relics":["TheCursedMod:BlackMagic101","HushsDoor","GuppysTail","ReplayTheSpireMod:CursedCoin","MerchantsRug","Pantograph","hubris:Towel","Anchor","vexMod:Spyglass","Regal Pillow","aspiration:Stabinomicon","Orrery"],"acts_visited":["Exordium","TheCity","TheCity"],"potions_floor_usage":[14,16,18,20,24,24,25,27,30,33,33],"damage_taken":[{"damage":6,"enemies":"Cultist","floor":1,"turns":3},{"damage":2,"enemies":"Small Slimes","floor":2,"turns":3},{"damage":4,"enemies":"Jaw Worm","floor":3,"turns":2},{"damage":12,"enemies":"2 Fungi Beasts","floor":7,"turns":3},{"damage":14,"enemies":"3 Louse","floor":10,"turns":3},{"damage":20,"enemies":"Looter","floor":12,"turns":3},{"damage":35,"enemies":"3 Sentries","floor":14,"turns":5},{"damage":82,"enemies":"Fading Forest","floor":16,"turns":11},{"damage":21,"enemies":"2 Thieves","floor":18,"turns":4},{"damage":44,"enemies":"Shell Parasite","floor":19,"turns":6},{"damage":38,"enemies":"Centurion and Healer","floor":20,"turns":7},{"damage":0,"enemies":"Sentry and Sphere","floor":22,"turns":2},{"damage":41,"enemies":"conspire:HollyBat","floor":24,"turns":9},{"damage":75,"enemies":"Book of Stabbing","floor":25,"turns":5},{"damage":1,"enemies":"Centurion and Healer","floor":27,"turns":4},{"damage":20,"enemies":"Snake Plant","floor":28,"turns":2},{"damage":30,"enemies":"Shelled Parasite and Fungi","floor":30,"turns":3},{"damage":172,"enemies":"Automaton","floor":33,"turns":11},{"damage":57,"enemies":"theFactory:4_Mini-Bots","floor":35,"turns":3},{"damage":114,"enemies":"theFactory:2_Experiment_Personnel","floor":36,"turns":9},{"damage":274,"enemies":"theFactory:Sentry and Guards","floor":37,"turns":10}],"seed_played":"-4230686447748436371","potions_obtained":[{"floor":3,"key":"Swift Potion"},{"floor":7,"key":"SCP261:SweetSwarmPotion"},{"floor":16,"key":"Swift Potion"},{"floor":18,"key":"DuplicationPotion"},{"floor":25,"key":"EssenceOfSteel"},{"floor":28,"key":"Dexterity Potion"},{"floor":30,"key":"BlessingOfTheForge"},{"floor":33,"key":"SteroidPotion"},{"floor":35,"key":"Elixir"}],"is_trial":false,"path_per_floor":["M","M","M","?","$","R","M","R","T","M","?","M","?","E","R","B",null,"M","M","M","$","M","R","M","E","T","M","M","R","M","$","R","B",null,"M","M","M"],"character_chosen":"THE_CURSED","items_purchased":["ReplayTheSpireMod:CursedCoin","MerchantsRug","Dota2Spire:ArmletOfMordiggian","vexMod:Spyglass","TheCursedMod:DregsPotion","Doom Potion","Adrenaline Potion","TheCursedMod:VitalStrike","Replay:Bootleg Shield Generator","Regal Pillow","Whetstone","TheCursedMod:PinkPellets","TheCursedMod:CursedShiv","TheCursedMod:SpreadPlague","Orrery","AttackPotion"],"campfire_rested":5,"item_purchase_floors":[5,5,5,21,21,21,21,21,21,23,23,23,23,23,31,31],"current_hp_per_floor":[89,97,103,113,123,145,143,165,175,171,181,171,181,156,233,181,255,244,210,182,192,202,212,181,116,126,135,125,259,239,249,392,243,425,378,274,0,0],"gold":206,"neow_bonus":"","is_daily":true,"chose_seed":false,"campfire_upgraded":0,"win_rate":0.0,"timestamp":1608241655,"path_taken":["M","M","M","?","$","R","M","R","T","M","?","M","?","E","R","BOSS","M","M","M","?","?","R","M","E","T","?","M","R","M","$","R","BOSS","M","M","?"],"items_purchased_type":["Relic","Relic","Relic","Relic","Potion","Potion","Potion","Card","Card","Relic","Relic","Relic","Card","Card","Relic","Potion"],"build_version":"2020-12-13","purchased_purges":0,"victory":false,"max_hp_per_floor":[95,105,115,125,135,145,155,165,175,185,195,205,215,225,235,245,255,265,275,285,295,305,315,325,335,345,355,365,375,385,395,405,415,425,435,445,445,445],"card_choices":[{"not_picked":["TheCursedMod:SurpriseAttack","TheCursedMod:Wield"],"picked":"TheCursedMod:Torture","floor":1},{"not_picked":["TheCursedMod:RapidMovement","TheCursedMod:FleshFromBone"],"picked":"TheCursedMod:CursedBlade","floor":2},{"not_picked":["TheCursedMod:CircleOfBlood","TheCursedMod:HellfireBreathing"],"picked":"TheCursedMod:Torture","floor":3},{"not_picked":["TheCursedMod:CursedAmulet","TheCursedMod:HellfireBreathing"],"picked":"TheCursedMod:CursedStaff","floor":7},{"not_picked":["TheCursedMod:FleshFromBone","TheCursedMod:CircleOfFlame"],"picked":"TheCursedMod:Obscuration","floor":10},{"not_picked":["TheCursedMod:CircleOfFlame","TheCursedMod:CursedBlade"],"picked":"TheCursedMod:Torture","floor":12},{"not_picked":["TheCursedMod:WearCloak","TheCursedMod:AshesToAshes"],"picked":"TheCursedMod:FleshFromBone","floor":14},{"not_picked":["TheCursedMod:AntiAging","TheCursedMod:DemonicPact"],"picked":"TheCursedMod:DemonSword","floor":16},{"not_picked":["TheCursedMod:RapidMovement","TheCursedMod:CursedShiv"],"picked":"TheCursedMod:SpitefulStrike","floor":18},{"not_picked":["TheCursedMod:AshesToAshes","TheCursedMod:SpitefulPlan+1"],"picked":"TheCursedMod:Stigma","floor":19},{"not_picked":["TheCursedMod:UltimatePain","TheCursedMod:WearCloak+1"],"picked":"TheCursedMod:Torture","floor":20},{"not_picked":["TheCursedMod:CursedBlade","TheCursedMod:WearCloak"],"picked":"TheCursedMod:SpitefulStrike","floor":22},{"not_picked":["TheCursedMod:EmpowerCircles","TheCursedMod:SoulReap"],"picked":"TheCursedMod:CursedShiv","floor":24},{"not_picked":["TheCursedMod:CircleOfCorruption+1","TheCursedMod:CursedMace"],"picked":"TheCursedMod:Obscuration+1","floor":25},{"not_picked":["TheCursedMod:Obscuration","TheCursedMod:SurpriseAttack"],"picked":"TheCursedMod:CursedAmulet","floor":27},{"not_picked":["TheCursedMod:Obscuration+1","TheCursedMod:SpitefulStrike"],"picked":"TheCursedMod:AbyssShockwave+1","floor":28},{"not_picked":["TheCursedMod:Wield","TheCursedMod:CircleOfFocus"],"picked":"TheCursedMod:WearCloak","floor":30},{"not_picked":["TheCursedMod:CursedMace","TheCursedMod:CursedBlade"],"picked":"TheCursedMod:BloodBarrier+1","floor":31},{"not_picked":["TheCursedMod:CircleOfCorruption","TheCursedMod:CircleOfWindfury"],"picked":"TheCursedMod:SpreadPlague","floor":31},{"not_picked":["TheCursedMod:SoulReap+1","TheCursedMod:SpitefulPlan"],"picked":"TheCursedMod:SaltUponWound+1","floor":31},{"not_picked":["TheCursedMod:RavingStaff","TheCursedMod:CircleOfFlame"],"picked":"TheCursedMod:CursedMace","floor":31},{"not_picked":["TheCursedMod:VitalStrike","TheCursedMod:WearCloak"],"picked":"TheCursedMod:SmokeScreen","floor":31},{"not_picked":["TheCursedMod:VoidForm","TheCursedMod:NeowsMight"],"picked":"TheCursedMod:ForbiddenAlchemy","floor":33},{"not_picked":["TheCursedMod:PrepareRite","TheCursedMod:CircleOfBlood+1"],"picked":"TheCursedMod:CircleOfCorruption","floor":35},{"not_picked":["TheCursedMod:CircleOfWindfury+1","TheCursedMod:EmpowerCircles+1"],"picked":"TheCursedMod:SpreadPlague","floor":36}],"player_experience":4814799,"relics_obtained":[{"floor":9,"key":"Pantograph"},{"floor":14,"key":"Anchor"},{"floor":25,"key":"aspiration:Stabinomicon"},{"floor":26,"key":"conspire:DecoderRing"}],"event_choices":[{"damage_healed":0,"gold_gain":0,"player_choice":"Invest 1","damage_taken":0,"max_hp_gain":0,"max_hp_loss":0,"event_name":"conspire:Investor","floor":4,"gold_loss":0},{"damage_healed":0,"gold_gain":0,"player_choice":"Ignored","damage_taken":0,"max_hp_gain":0,"max_hp_loss":0,"event_name":"Shining Light","floor":13,"gold_loss":0}],"is_beta":false,"boss_relics":[{"not_picked":["vexMod:EndlessSickness","Ring of Chaos"],"picked":"vexMod:RockOfEvil"},{"not_picked":[]},{"not_picked":["Replay:Bronze Core","halation:Risk","aspiration:RunicSpoon"]}],"items_purged_floors":[],"is_endless":false,"potions_floor_spawned":[3,7,16,18,25,28,30,33,35],"killed_by":"theFactory:Sentry and Guards","ascension_level":0}}