{"host":"hfvpa4llnnjpeawn","time":1608219879,"event":{"mods":["2.2 Compatiblity","AchievementEnabler","Act Like it!","Aspiration","Bard","BaseMod","Beaked The Cultist","Better Skull","Better Third Choice","BetterRewards","CapriCore","Conspire","Downfall","Elementarium","Energized Spire","Hermit","Hubris","Jorbs\u0027s Wanderer Trilogy","Koishi","Lobotomy","Minty Spire (QoL Compilation)","Replay The Spire","Shade Mod","Spicy Shops","StSLib","The Bladedancer","The Factory","The Gatherer","The Jungle","Waifu the Spire","Wandering Minibosses"],"gold_per_floor":[115,115,130,130,141,468,4,15,15,15,34,34,34,34,34,138,138,152,152,152,152,168,168,198,198,198,231,244,257,107,107,107,206,206,225,225,245,265,75,104,104,104,104,104,18,63,97,112,112,12],"floor_reached":51,"playtime":4399,"items_purged":["Injury","Slimebound:Icky"],"score":943,"play_id":"0da3c5e0-9eda-43a5-a6ac-32fbfa67777f","local_time":"20201217104439","is_ascension_mode":false,"campfire_choices":[{"floor":12,"key":"REST"},{"floor":15,"key":"REST"},{"floor":23,"key":"REST"},{"data":"Envenom","floor":25,"key":"SMITH"},{"floor":32,"key":"REST"},{"floor":42,"key":"RECALL"},{"floor":49,"key":"REST"}],"circlet_count":0,"master_deck":["blademaster:Strike+1","blademaster:Strike+1","blademaster:Strike+1","blademaster:Strike+1","blademaster:Defend","blademaster:Defend","blademaster:Defend+1","blademaster:RagingBlow","expansioncontent:QuickStudy","blademaster:BloodyBlow","blademaster:LightningCrash+1","blademaster:LeechingStrike+1","Envenom+1","Distraction+1","Crippling Poison","Swivel","blademaster:EnchantedCuirass","blademaster:ParryingStrike+1","Slimebound:GoopSpray","blademaster:FuriousStrike+1","blademaster:Bloodbath","blademaster:ThunderSlash+1","blademaster:ColdBlood+1","blademaster:ColdBlood","ReplayTheSpireMod:Faulty Equipment","stsjorbsmod:Withering","blademaster:BladeCross+1","blademaster:SharpBlades+1","blademaster:DancingEdge+1","ReplayTheSpireMod:IOU","expansioncontent:FaceSlap+1","blademaster:Sharpen","blademaster:Flurry","blademaster:LeechingStrike+1","Doubt","blademaster:CullingStrike+1","ReplayTheSpireMod:IOU","ReplayTheSpireMod:IOU","ReplayTheSpireMod:IOU","blademaster:Gust","blademaster:EyeOfTheStorm+1","blademaster:KiBarrier"],"relics":["blademaster:DancersAmulet","hubris:Towel","Molten Egg 2","Old Coin","Replay:Ringing Soul","Toy Ornithopter","ReplayTheSpireMod:Ninjato","Replay:Bottled Eggs","Ancient Tea Set","Velvet Choker","War Paint","Pear","Gremlin Horn","PreservedInsect","Replay:Ancient Bell","Replay:Wax Seal","Chameleon Ring","Durian","BargainBundle","hubris:GlazedTorus","Dream Catcher","Ice Cream","aspiration:KaomsHeart"],"acts_visited":["Exordium","TheCity","TheBeyond"],"potions_floor_usage":[33,35,40,40,40,45,45,50,50],"damage_taken":[{"damage":7,"enemies":"2 Louse","floor":1,"turns":2},{"damage":11,"enemies":"Jaw Worm","floor":3,"turns":4},{"damage":0,"enemies":"Small Slimes","floor":5,"turns":1},{"damage":28,"enemies":"Gremlin Nob","floor":6,"turns":6},{"damage":8,"enemies":"conspire:2 RoseBushes","floor":8,"turns":4},{"damage":0,"enemies":"Exordium Wildlife","floor":11,"turns":3},{"damage":23,"enemies":"Fading Forest","floor":16,"turns":11},{"damage":25,"enemies":"3 Byrds","floor":18,"turns":4},{"damage":28,"enemies":"Shell Parasite","floor":22,"turns":4},{"damage":10,"enemies":"conspire:SneckoGhost","floor":24,"turns":5},{"damage":5,"enemies":"Book of Stabbing","floor":27,"turns":5},{"damage":21,"enemies":"Snake Plant","floor":28,"turns":4},{"damage":8,"enemies":"Centurion and Healer","floor":29,"turns":3},{"damage":82,"enemies":"hubris:MusketHawk","floor":33,"turns":7},{"damage":27,"enemies":"Orb Walker","floor":35,"turns":3},{"damage":18,"enemies":"3 Shapes","floor":37,"turns":5},{"damage":23,"enemies":"Maw","floor":38,"turns":8},{"damage":29,"enemies":"Reptomancer","floor":40,"turns":4},{"damage":24,"enemies":"4 Shapes","floor":45,"turns":4},{"damage":9,"enemies":"Nemesis","floor":47,"turns":5},{"damage":55,"enemies":"Transient","floor":48,"turns":5},{"damage":128,"enemies":"conspire:OrnateMirror","floor":50,"turns":7}],"seed_played":"-8975981818027134446","potions_obtained":[{"floor":27,"key":"Reflective Coating"},{"floor":28,"key":"FearPotion"},{"floor":33,"key":"SkillPotion"},{"floor":37,"key":"Elixir"},{"floor":40,"key":"BlessingOfTheForge"},{"floor":44,"key":"SkillPotion"},{"floor":44,"key":"Venom Potion"},{"floor":45,"key":"LiquidBronze"}],"is_trial":false,"path_per_floor":["M","?","M","?","M","E","$","M","T","T","M","R","?","?","R","B",null,"M","?","?","?","M","R","E","R","T","E","M","M","$","?","R","B",null,"M","?","M","M","$","E","?","R","T","R","M","$","E","M","R","B",null],"character_chosen":"THE_BLADEMASTER","items_purchased":["Replay:Ringing Soul","Toy Ornithopter","PreservedInsect","BargainBundle","hubris:GlazedTorus","expansioncontent:FaceSlap+1","blademaster:Sharpen","blademaster:Flurry","blademaster:LeechingStrike+1","Fire Potion","SkillPotion","aspiration:KaomsHeart"],"campfire_rested":5,"item_purchase_floors":[7,7,30,39,39,39,39,39,39,39,39,46],"current_hp_per_floor":[61,61,58,58,58,30,30,22,22,22,25,46,49,47,70,60,80,63,63,63,66,41,67,57,57,67,70,52,49,49,52,84,10,119,95,95,90,75,78,64,134,134,134,134,118,221,220,168,244,132],"gold":12,"neow_bonus":"RANDOM_COLORLESS_2","is_daily":false,"chose_seed":false,"campfire_upgraded":1,"win_rate":0.0,"timestamp":1608219879,"path_taken":["M","?","M","?","M","E","$","M","T","?","M","R","?","?","R","BOSS","M","?","?","?","?","R","E","R","T","E","M","M","$","?","R","BOSS","M","?","?","?","$","E","?","R","T","R","M","?","E","M","R","BOSS"],"items_purchased_type":["Relic","Relic","Relic","Relic","Relic","Card","Card","Card","Card","Potion","Potion","Relic"],"build_version":"2020-12-13","purchased_purges":2,"victory":true,"max_hp_per_floor":[68,68,68,68,68,68,68,68,68,68,71,71,74,77,77,80,80,83,83,83,86,89,89,89,89,99,102,105,105,105,108,108,111,119,122,122,125,128,131,131,134,134,134,134,137,240,243,246,249,249],"card_choices":[{"not_picked":["Mayhem","Sadistic Nature"],"picked":"expansioncontent:QuickStudy","floor":0},{"not_picked":["blademaster:AncestralHealing","blademaster:AspectOfLightning"],"picked":"blademaster:BloodyBlow","floor":1},{"not_picked":["blademaster:CombatPrep","blademaster:WindSlash","blademaster:Thrust"],"picked":"SKIP","floor":3},{"not_picked":["blademaster:RagingBlow+1","blademaster:Flurry"],"picked":"blademaster:Meditate","floor":5},{"not_picked":["blademaster:Frenzy+1","blademaster:Sharpen"],"picked":"blademaster:LightningCrash+1","floor":6},{"not_picked":["blademaster:SlyStabs","blademaster:AirSlash+1","blademaster:DragonStrike+1"],"picked":"SKIP","floor":8},{"not_picked":["blademaster:SharpBlades","blademaster:Quickness"],"picked":"blademaster:LeechingStrike+1","floor":11},{"not_picked":["blademaster:LightningDraw+1","blademaster:HighVoltage"],"picked":"blademaster:EnchantedCuirass","floor":16},{"not_picked":["blademaster:Stability+1","blademaster:SlyStabs"],"picked":"blademaster:ParryingStrike+1","floor":18},{"not_picked":["blademaster:DaggerAndCloak","blademaster:Reversal+1"],"picked":"blademaster:FuriousStrike+1","floor":22},{"not_picked":["blademaster:WindSlash+1","blademaster:LightningCrash+1","blademaster:TraverseCut+1"],"picked":"SKIP","floor":24},{"not_picked":["blademaster:BladeCross+1","blademaster:ThunderSlash+1"],"picked":"blademaster:Bloodbath","floor":27},{"not_picked":["blademaster:Cut+1","blademaster:LightningDraw+1"],"picked":"blademaster:ThunderSlash+1","floor":28},{"not_picked":["blademaster:BloodyBlow+1","blademaster:LightningCrash+1","blademaster:IcyWind+1"],"picked":"SKIP","floor":29},{"not_picked":["blademaster:HighVoltage","blademaster:RollingTyphoon+1"],"picked":"blademaster:ColdBlood","floor":33},{"not_picked":["hexamod:Haunted","ReplayTheSpireMod:Restless Dread"],"picked":"ReplayTheSpireMod:Faulty Equipment","floor":34},{"not_picked":["hubris:Gluttony","ReplayTheSpireMod:Splinters"],"picked":"Slimebound:Icky","floor":34},{"not_picked":["ReplayTheSpireMod:Doomed","Looming Evil"],"picked":"stsjorbsmod:Withering","floor":34},{"not_picked":["blademaster:LightningCrash+1","blademaster:DragonStrike+1"],"picked":"blademaster:BladeCross+1","floor":35},{"not_picked":["blademaster:Stability+1","blademaster:Quickstep+1"],"picked":"blademaster:SharpBlades+1","floor":37},{"not_picked":["blademaster:ColdBlood","blademaster:Hailwind+1"],"picked":"blademaster:DancingEdge+1","floor":38},{"not_picked":["blademaster:DaggerAndCloak","blademaster:BrainBloom","blademaster:StanceMastery"],"picked":"SKIP","floor":40},{"not_picked":["blademaster:Stability","blademaster:IcyWind+1"],"picked":"blademaster:CullingStrike+1","floor":45},{"not_picked":["blademaster:LightningCrash+1","blademaster:Discharge"],"picked":"blademaster:Gust","floor":47},{"not_picked":["blademaster:Sunder+1","blademaster:Cut+1"],"picked":"blademaster:EyeOfTheStorm+1","floor":48},{"not_picked":["blademaster:Quickness+1","blademaster:BrainBloom+1"],"picked":"blademaster:KiBarrier","floor":49}],"player_experience":251772,"relics_obtained":[{"floor":6,"key":"Old Coin"},{"floor":6,"key":"blademaster:FuryEveryTurnPerk"},{"floor":9,"key":"ReplayTheSpireMod:Ninjato"},{"floor":10,"key":"Replay:Bottled Eggs"},{"floor":24,"key":"War Paint"},{"floor":24,"key":"blademaster:RandomBladePerk"},{"floor":26,"key":"Pear"},{"floor":27,"key":"blademaster:StrongPerk"},{"floor":27,"key":"Gremlin Horn"},{"floor":40,"key":"Dream Catcher"},{"floor":40,"key":"blademaster:FinisherDrawCardPerk"},{"floor":43,"key":"Ice Cream"}],"event_choices":[{"damage_healed":0,"gold_gain":0,"player_choice":"Leave","damage_taken":0,"max_hp_gain":0,"max_hp_loss":0,"event_name":"conspire:Investor","floor":19,"gold_loss":0},{"damage_healed":0,"gold_gain":0,"player_choice":"Read","damage_taken":0,"max_hp_gain":0,"max_hp_loss":0,"event_name":"The Library","floor":21,"gold_loss":0,"cards_obtained":["Slimebound:GoopSpray"]},{"damage_healed":0,"gold_gain":0,"player_choice":"Forge","damage_taken":0,"max_hp_gain":0,"max_hp_loss":0,"event_name":"Accursed Blacksmith","floor":36,"gold_loss":0,"cards_upgraded":["blademaster:ColdBlood"]},{"damage_healed":67,"gold_gain":0,"player_choice":"Heal","damage_taken":0,"max_hp_gain":0,"max_hp_loss":0,"event_name":"MindBloom","floor":41,"gold_loss":0,"cards_obtained":["Doubt"]}],"is_beta":false,"boss_relics":[{"not_picked":["aspiration:RunicSpoon","Runic Dome"],"picked":"Velvet Choker"},{"not_picked":["Ring of Chaos","ReplayTheSpireMod:DimensionalGlitch"],"picked":"Replay:Ancient Bell"},{"not_picked":["Potion Belt","Happy Flower"],"picked":"Replay:Wax Seal"},{"not_picked":["hubris:MysteriousPyramids","White Beast Statue"],"picked":"Chameleon Ring"},{"not_picked":["hubris:Spice","Bird Faced Urn"],"picked":"Durian"}],"items_purged_floors":[7,39],"is_endless":false,"potions_floor_spawned":[1,27,28,33,37,40,45],"ascension_level":0}}