{"host":"fwes8e3a36usabj9","time":1608180788,"event":{"mods":["BaseMod","Colored Map","Colored Powertips","Minty Spire (QoL Compilation)"],"gold_per_floor":[118,132,132,153,174,174,205,223,223,200,200,200,243,261,261,392,392,383,383,45,63,84,84,13,13,36,83,107,132,156,156,156],"floor_reached":31,"playtime":11588,"items_purged":[],"score":353,"play_id":"3cc171d7-6b60-48cc-b60e-4f570fe05aa0","local_time":"20201216205308","is_ascension_mode":true,"campfire_choices":[{"data":"Zap","floor":6.0,"key":"SMITH"},{"floor":12.0,"key":"REST"},{"floor":15.0,"key":"REST"},{"floor":23.0,"key":"REST"},{"data":"Stack","floor":25.0,"key":"SMITH"}],"circlet_count":0,"master_deck":["Strike_B","Strike_B","Defend_B","Defend_B","Defend_B","Zap+1","Dualcast+1","Steam+1","Thunder Strike+1","Defragment+1","Rip and Tear","Cold Snap","Glacier","Seek+1","Stack+1","Loop","Ball Lightning","Machine Learning","Sweeping Beam","Echo Form+1","Coolheaded","Auto Shields+1","White Noise","Loop+1","Machine Learning+1","BootSequence","White Noise"],"relics":["Astrolabe","Golden Idol","Peace Pipe","White Beast Statue","Smiling Mask","Black Star","Mummified Hand","Membership Card","Frozen Egg 2","CeramicFish","War Paint","Letter Opener"],"acts_visited":["TheCity"],"potions_floor_usage":[30],"damage_taken":[{"damage":4.0,"enemies":"Jaw Worm","floor":1.0,"turns":4.0},{"damage":3.0,"enemies":"Small Slimes","floor":2.0,"turns":4.0},{"damage":0.0,"enemies":"Cultist","floor":4.0,"turns":3.0},{"damage":1.0,"enemies":"Red Slaver","floor":5.0,"turns":4.0},{"damage":0.0,"enemies":"Gremlin Nob","floor":7.0,"turns":5.0},{"damage":0.0,"enemies":"Looter","floor":8.0,"turns":3.0},{"damage":5.0,"enemies":"3 Sentries","floor":13.0,"turns":9.0},{"damage":18.0,"enemies":"Gremlin Gang","floor":14.0,"turns":6.0},{"damage":24.0,"enemies":"The Guardian","floor":16.0,"turns":13.0},{"damage":18.0,"enemies":"2 Thieves","floor":18.0,"turns":4.0},{"damage":19.0,"enemies":"3 Byrds","floor":21.0,"turns":5.0},{"damage":20.0,"enemies":"Snake Plant","floor":22.0,"turns":5.0},{"damage":13.0,"enemies":"Gremlin Leader","floor":27.0,"turns":6.0},{"damage":0,"enemies":"Snecko","floor":28,"turns":6},{"damage":3,"enemies":"Centurion and Healer","floor":29,"turns":8},{"damage":7,"enemies":"Cultist and Chosen","floor":30,"turns":5},{"damage":27,"enemies":"Snecko","floor":31,"turns":4}],"seed_played":"-791519590467401772","potions_obtained":[{"floor":1.0,"key":"Dexterity Potion"},{"floor":2.0,"key":"Ancient Potion"},{"floor":13.0,"key":"SteroidPotion"},{"floor":14.0,"key":"FearPotion"},{"floor":16.0,"key":"AttackPotion"},{"floor":18.0,"key":"Weak Potion"},{"floor":21.0,"key":"EntropicBrew"},{"floor":22.0,"key":"Swift Potion"},{"floor":27.0,"key":"SpeedPotion"},{"floor":28,"key":"AttackPotion"},{"floor":30,"key":"Strength Potion"}],"is_trial":false,"path_per_floor":["M","M","?","M","M","R","E","M","T","?","?","R","E","M","R","B",null,"M","?","$","M","M","R","$","R","T","E","M","M","M","M"],"character_chosen":"DEFECT","items_purchased":["Membership Card","Frozen Egg 2","Echo Form+1","White Noise","Loop+1"],"campfire_rested":3,"item_purchase_floors":[20,20,20,24,24],"current_hp_per_floor":[71,68,50,50,49,49,49,49,49,49,31,53,48,30,52,28,75,57,57,57,38,18,40,40,40,40,27,27,24,17,0,0],"gold":156,"neow_bonus":"BOSS_RELIC","is_daily":false,"chose_seed":false,"campfire_upgraded":2,"win_rate":0.0,"timestamp":1608180788,"path_taken":["M","M","?","M","M","R","E","M","T","?","?","R","E","M","R","BOSS","M","?","$","?","M","R","?","R","T","E","M","M","M","M"],"items_purchased_type":["Relic","Relic","Card","Card","Card"],"build_version":"2020-12-13","purchased_purges":0,"victory":false,"max_hp_per_floor":[75,75,75,75,75,75,75,75,75,75,75,75,75,75,75,75,75,75,75,75,75,75,75,75,75,75,75,75,75,75,75,75],"card_choices":[{"not_picked":["Streamline","Compile Driver"],"picked":"Rip and Tear","floor":1.0},{"not_picked":["Redo","Recycle"],"picked":"Cold Snap","floor":2.0},{"not_picked":["Beam Cell","Leap"],"picked":"Glacier","floor":4.0},{"not_picked":["Sweeping Beam","Compile Driver","Steam"],"picked":"SKIP","floor":5.0},{"not_picked":["Stack","Defragment"],"picked":"Seek","floor":7.0},{"not_picked":["Streamline","Gash"],"picked":"Stack","floor":8.0},{"not_picked":["Conserve Battery","Steam"],"picked":"Loop","floor":13.0},{"not_picked":["Lockon","Steam"],"picked":"Ball Lightning","floor":14.0},{"not_picked":["Core Surge","Seek"],"picked":"Machine Learning","floor":16.0},{"not_picked":["Streamline+1","Rebound+1"],"picked":"Sweeping Beam","floor":18.0},{"not_picked":["Streamline","Ball Lightning"],"picked":"Coolheaded","floor":21.0},{"not_picked":["Barrage","Turbo+1"],"picked":"Auto Shields+1","floor":22.0},{"not_picked":["Gash","Ball Lightning"],"picked":"Machine Learning+1","floor":27.0},{"not_picked":["Coolheaded","Darkness"],"picked":"BootSequence","floor":28},{"not_picked":["Sweeping Beam","Barrage","Ball Lightning"],"picked":"SKIP","floor":29},{"not_picked":["Double Energy","Hologram"],"picked":"White Noise","floor":30}],"player_experience":626666,"relics_obtained":[{"floor":7.0,"key":"Peace Pipe"},{"floor":9.0,"key":"White Beast Statue"},{"floor":13.0,"key":"Smiling Mask"},{"floor":26.0,"key":"CeramicFish"},{"floor":27.0,"key":"War Paint"},{"floor":27.0,"key":"Letter Opener"}],"event_choices":[{"damage_healed":0.0,"max_hp_gain":0.0,"max_hp_loss":0.0,"gold_gain":0.0,"event_name":"Golden Idol","player_choice":"Take Damage","floor":3.0,"gold_loss":0.0,"damage_taken":18.0,"relics_obtained":["Golden Idol"]},{"damage_healed":0.0,"max_hp_gain":0.0,"max_hp_loss":0.0,"gold_gain":0.0,"event_name":"World of Goop","player_choice":"Left Gold","floor":10.0,"gold_loss":23.0,"damage_taken":0.0},{"damage_healed":0.0,"max_hp_gain":0.0,"max_hp_loss":0.0,"gold_gain":0.0,"event_name":"Scrap Ooze","player_choice":"Fled","floor":11.0,"gold_loss":0.0,"damage_taken":18.0},{"damage_healed":0.0,"max_hp_gain":0.0,"max_hp_loss":0.0,"gold_gain":0.0,"event_name":"WeMeetAgain","player_choice":"Gave Potion","floor":19.0,"gold_loss":0.0,"damage_taken":0.0,"relics_obtained":["Mummified Hand"]}],"is_beta":false,"boss_relics":[{"not_picked":["Ectoplasm","SlaversCollar"],"picked":"Black Star"}],"items_purged_floors":[],"is_endless":false,"potions_floor_spawned":[1,2,13,14,16,18,21,22,27,28,29,30],"killed_by":"Snecko","ascension_level":4}}