{"host":"63yhhrjweyj22b0v","time":1608182269,"event":{"mods":["BaseMod","Minty Spire (QoL Compilation)","Quick Restart"],"gold_per_floor":[114,15,15,115,130,164,164,190,259,259,290,300,300,9,9,114,114,128,128,142,153,168,168,496,496,496],"floor_reached":25,"playtime":743,"items_purged":[],"score":290,"play_id":"4c50b883-1f37-4feb-991d-ac502f345c14","local_time":"20201216231749","is_ascension_mode":true,"campfire_choices":[{"data":"Lockon","floor":7,"key":"SMITH"},{"floor":10,"key":"REST"},{"data":"Zap","floor":13,"key":"SMITH"},{"floor":15,"key":"REST"},{"floor":23,"key":"REST"}],"circlet_count":0,"master_deck":["Strike_B","Strike_B","Strike_B","Strike_B","Defend_B","Defend_B","Defend_B","Defend_B","Zap+1","Dualcast","Beam Cell","Capacitor+1","Cold Snap","Lockon+1","Gash","Electrodynamics","Gash","Conserve Battery","Ball Lightning","Barrage","Creative AI","Compile Driver","Consume","Self Repair","Cold Snap+1","Glacier+1","Static Discharge"],"relics":["Cracked Core","NeowsBlessing","Pen Nib","Dream Catcher","Question Card","Unceasing Top","Mummified Hand","Nuclear Battery","Old Coin"],"acts_visited":["Exordium","TheCity"],"potions_floor_usage":[11,21,25],"damage_taken":[{"damage":0,"enemies":"2 Louse","floor":1,"turns":1},{"damage":0,"enemies":"Cultist","floor":5,"turns":1},{"damage":0,"enemies":"Lagavulin","floor":6,"turns":1},{"damage":32,"enemies":"3 Sentries","floor":8,"turns":6},{"damage":11,"enemies":"Gremlin Nob","floor":11,"turns":3},{"damage":10,"enemies":"Jaw Worm","floor":12,"turns":2},{"damage":29,"enemies":"The Guardian","floor":16,"turns":8},{"damage":2,"enemies":"Chosen","floor":18,"turns":3},{"damage":19,"enemies":"Shell Parasite","floor":20,"turns":4},{"damage":0,"enemies":"3 Cultists","floor":21,"turns":3},{"damage":34,"enemies":"Snake Plant","floor":22,"turns":4},{"damage":47,"enemies":"Gremlin Leader","floor":24,"turns":6},{"damage":11,"enemies":"Sentry and Sphere","floor":25,"turns":2}],"seed_played":"-5043182806880213395","potions_obtained":[{"floor":6,"key":"DistilledChaos"},{"floor":11,"key":"Strength Potion"},{"floor":12,"key":"EssenceOfSteel"},{"floor":19,"key":"CultistPotion"},{"floor":19,"key":"Explosive Potion"},{"floor":24,"key":"Fire Potion"}],"is_trial":false,"path_per_floor":["M","$","?","?","M","E","R","E","T","R","E","M","R","$","R","B",null,"M","?","M","M","M","R","E","M"],"character_chosen":"DEFECT","items_purchased":["Capacitor","Cold Snap","Mummified Hand","Ball Lightning"],"campfire_rested":3,"item_purchase_floors":[2,2,14,14],"current_hp_per_floor":[75,75,75,75,75,75,75,43,43,65,54,44,44,44,66,37,75,73,73,54,54,27,49,9,0,0],"gold":496,"neow_bonus":"THREE_ENEMY_KILL","is_daily":false,"chose_seed":false,"campfire_upgraded":2,"win_rate":0.0,"timestamp":1608182269,"path_taken":["M","$","?","?","M","E","R","E","T","R","E","?","R","?","R","BOSS","M","?","M","M","M","R","E","?"],"items_purchased_type":["Card","Card","Relic","Card"],"build_version":"2020-12-13","purchased_purges":0,"victory":false,"max_hp_per_floor":[75,75,75,75,75,75,75,75,75,75,75,75,75,75,75,75,75,75,75,75,75,75,75,75,75,75],"card_choices":[{"not_picked":["Go for the Eyes","Conserve Battery"],"picked":"Beam Cell","floor":1},{"not_picked":["Redo","Darkness"],"picked":"Lockon","floor":5},{"not_picked":["Streamline","Hologram"],"picked":"Gash","floor":6},{"not_picked":["Stack","Chaos"],"picked":"Electrodynamics","floor":8},{"not_picked":["Self Repair","Compile Driver","Sweeping Beam"],"picked":"Gash","floor":11},{"not_picked":["Ball Lightning","FTL","Reboot"],"picked":"Conserve Battery","floor":12},{"not_picked":["Coolheaded","Genetic Algorithm","Scrape"],"picked":"Barrage","floor":15},{"not_picked":["Amplify","Buffer","Electrodynamics"],"picked":"Creative AI","floor":16},{"not_picked":["Ball Lightning","Steam","Hello World"],"picked":"Compile Driver","floor":18},{"not_picked":["Streamline+1","Redo","Compile Driver+1"],"picked":"Consume","floor":20},{"not_picked":["Aggregate","Heatsinks+1","Leap"],"picked":"Self Repair","floor":21},{"not_picked":["Leap","Compile Driver","Blizzard+1"],"picked":"Cold Snap+1","floor":22},{"not_picked":["Streamline","Rebound","Barrage"],"picked":"Glacier+1","floor":23},{"not_picked":["Genetic Algorithm+1","FTL","Leap"],"picked":"Static Discharge","floor":24}],"player_experience":616353,"relics_obtained":[{"floor":6,"key":"Pen Nib"},{"floor":8,"key":"Dream Catcher"},{"floor":9,"key":"Question Card"},{"floor":11,"key":"Unceasing Top"},{"floor":24,"key":"Old Coin"}],"event_choices":[{"damage_healed":0,"gold_gain":0,"player_choice":"Grow","damage_taken":0,"max_hp_gain":0,"max_hp_loss":0,"event_name":"Living Wall","floor":3,"gold_loss":0,"cards_upgraded":["Capacitor"]},{"damage_healed":0,"gold_gain":100,"player_choice":"Pray","damage_taken":0,"max_hp_gain":0,"max_hp_loss":0,"event_name":"Golden Shrine","floor":4,"gold_loss":0},{"damage_healed":0,"gold_gain":0,"player_choice":"Got Potions","damage_taken":0,"max_hp_gain":0,"max_hp_loss":0,"event_name":"Lab","floor":19,"gold_loss":0}],"is_beta":false,"boss_relics":[{"not_picked":["Coffee Dripper","Sozu"],"picked":"Nuclear Battery"}],"items_purged_floors":[],"is_endless":false,"potions_floor_spawned":[6,11,12,20,24],"killed_by":"Sentry and Sphere","ascension_level":2}}