{"host":"i9wanet4r0ff4t9y","time":1608210308,"event":{"mods":["2.2 Compatiblity","Act Like it!","BaseMod","Bestiary","Better Altar","Better Match","Better Note","Better Sensory Stone","Better Skull","Better Third Choice","Better Vampires","BetterRewards","CapriCore","Curses Come First","Downfall","Minty Spire (QoL Compilation)","Quick Restart","READ ME - Guardian Mod","READ ME - Snecko Mod","Relic Stats","Replay The Spire","Say the Spire","Spicy Shops","StSLib","The Disciple","Waifu the Spire"],"gold_per_floor":[117,117,129,145,159,184,201,201,254,286,299,344,370,385,385,485,485,499,499,35,48,76,112,112,112,194,218,218,280,280,308,308,435,435,476,476,476,521,71,111,111,111,111,150,150,188,224,224,254,34,34,46],"floor_reached":53,"playtime":1815,"items_purged":[],"score":1183,"play_id":"a08442b9-2682-4a97-bc54-d3aa3492a8b2","local_time":"20201217140508","is_ascension_mode":true,"campfire_choices":[{"data":"ReplayTheSpireMod:LeadingStrike","floor":8.0,"key":"SMITH"},{"data":"ReplayTheSpireMod:LeadingStrike","floor":8.0,"key":"SMITH"},{"floor":15.0,"key":"REST"},{"floor":24.0,"key":"REST"},{"floor":28.0,"key":"REST"},{"floor":32.0,"key":"REST"},{"floor":41.0,"key":"REST"},{"data":"Seeing Red","floor":51.0,"key":"SMITH"},{"data":"expansioncontent:Corrupt","floor":51.0,"key":"SMITH"}],"circlet_count":0,"master_deck":["Strike_R","Strike_R","Strike_R","Strike_R","Strike_R+1","Defend_R","Defend_R","Defend_R","Defend_R+1","Bash","ReplayTheSpireMod:LeadingStrike+1","Metallicize","Armaments","Spot Weakness","Seeing Red+1","ReplayTheSpireMod:LeadingStrike+1","Combust","Spot Weakness","Run Through","Berserk","ReplayReversal","Rupture","Feed","Thunderclap+1","The Bomb","Entrench+1","Immolate","Pummel+1","Havoc+1","Amnesia","Thunderclap+1","Metallicize","Shrug It Off","Flame Barrier","Eclipse","Disarm+1","Seeing Red","Parasite","Power Through","ReplayTheSpireMod:Limb From Limb","Thunderclap","Fire Breathing","expansioncontent:Corrupt+1","expansioncontent:Torchfire","Heavy Blade+1","Thunderclap+1","Run Through+1","sneckomod:Bewildered","Life Link+1","Inflame","Writhe","Corruption"],"relics":["Black Blood","Snack Pack","Divine Protection","Replay:Arrowhead","Dream Catcher","Gremlin Horn","White Beast Statue","Art of War","Philosopher\u0027s Stone","FaceOfCleric","Strawberry","Replay:Bandana","Simple Rune","ReplayTheSpireMod:TigerMarble","Paper Frog","Replay:Wax Seal","Blood Vial","Replay:Grab Bag","Ooze Armor","Cursed Key","Runic Pyramid","BargainBundle","Ginger","Blood Vial","Mirror","ReplayFunnel","Turnip"],"acts_visited":["Exordium","TheCity","TheBeyond"],"potions_floor_usage":[52],"damage_taken":[{"damage":9.0,"enemies":"2 Louse","floor":1.0,"turns":3.0},{"damage":8.0,"enemies":"Cultist","floor":3.0,"turns":4.0},{"damage":0.0,"enemies":"Jaw Worm","floor":4.0,"turns":4.0},{"damage":3.0,"enemies":"Looter","floor":5.0,"turns":4.0},{"damage":16.0,"enemies":"Gremlin Nob","floor":6.0,"turns":5.0},{"damage":10.0,"enemies":"Exordium Wildlife","floor":7.0,"turns":5.0},{"damage":13.0,"enemies":"3 Sentries","floor":10.0,"turns":7.0},{"damage":0.0,"enemies":"Blue Slaver","floor":11.0,"turns":2.0},{"damage":18.0,"enemies":"Red Slaver","floor":14.0,"turns":5.0},{"damage":57.0,"enemies":"The Guardian","floor":16.0,"turns":10.0},{"damage":12.0,"enemies":"Spheric Guardian","floor":18.0,"turns":4.0},{"damage":47.0,"enemies":"3 Byrds","floor":21.0,"turns":4.0},{"damage":26.0,"enemies":"Sentry and Sphere","floor":22.0,"turns":4.0},{"damage":72.0,"enemies":"Slavers","floor":23.0,"turns":4.0},{"damage":29.0,"enemies":"Snake Plant","floor":27.0,"turns":4.0},{"damage":4.0,"enemies":"Gremlin Leader","floor":29.0,"turns":4.0},{"damage":1.0,"enemies":"Snecko","floor":31.0,"turns":3.0},{"damage":81.0,"enemies":"Collector","floor":33.0,"turns":8.0},{"damage":35.0,"enemies":"3 Shapes","floor":35.0,"turns":6.0},{"damage":0.0,"enemies":"3 Darklings","floor":38.0,"turns":2.0},{"damage":54.0,"enemies":"Giant Head","floor":40.0,"turns":7.0},{"damage":39.0,"enemies":"Sphere and 2 Shapes","floor":44.0,"turns":4.0},{"damage":23.0,"enemies":"Transient","floor":46.0,"turns":5.0},{"damage":13.0,"enemies":"4 Shapes","floor":47.0,"turns":3.0},{"damage":12.0,"enemies":"3 Darklings","floor":49.0,"turns":3.0},{"damage":106,"enemies":"Replay:Hell Engine","floor":52,"turns":8}],"seed_played":"1512924621593294672","potions_obtained":[{"floor":1.0,"key":"FairyPotion"},{"floor":2.0,"key":"GamblersBrew"},{"floor":2.0,"key":"FairyPotion"},{"floor":2.0,"key":"Adrenaline Potion"},{"floor":5.0,"key":"Block Potion"},{"floor":7.0,"key":"Strength Potion"},{"floor":10.0,"key":"Weak Potion"},{"floor":14.0,"key":"BloodPotion"},{"floor":16.0,"key":"Swift Potion"},{"floor":18.0,"key":"SpeedPotion"},{"floor":21.0,"key":"GamblersBrew"},{"floor":22.0,"key":"SpeedPotion"},{"floor":23.0,"key":"ElixirPotion"},{"floor":27.0,"key":"LiquidMemories"},{"floor":29.0,"key":"Swift Potion"},{"floor":31.0,"key":"Energy Potion"},{"floor":33.0,"key":"Languid Potion"},{"floor":35.0,"key":"Slimebound:ThreeZeroPotion"},{"floor":38.0,"key":"champ:CounterPotion"},{"floor":40.0,"key":"EssenceOfSteel"},{"floor":44.0,"key":"ElixirPotion"},{"floor":46.0,"key":"BlessingOfTheForge"},{"floor":47.0,"key":"LiquidBronze"},{"floor":49.0,"key":"Explosive Potion"}],"is_trial":false,"path_per_floor":["M","?","M","M","M","E","M","R","T","E","M","?","T","M","R","B",null,"M","?","$","M","M","E","R","?","T","M","R","E","?","M","R","B",null,"M","?","?","M","$","E","R","PTL","PTL","M","T","M","M","?","M","$","R","B",null],"character_chosen":"IRONCLAD","items_purchased":["Snack Pack","Divine Protection","The Bomb","Strawberry","Replay:Bandana","BargainBundle","Ginger","Power Through","ReplayTheSpireMod:Limb From Limb","Thunderclap","Fire Breathing","expansioncontent:Corrupt","expansioncontent:Torchfire","DuplicationPotion","ReplayFunnel","Turnip"],"campfire_rested":5,"item_purchase_floors":[0,0,20,20,20,39,39,39,39,39,39,39,39,39,50,50],"current_hp_per_floor":[49,49,53,63,68,64,62,62,62,57,65,33,33,39,63,18,65,61,61,68,28,14,22,49,49,49,27,55,64,39,50,79,17,79,66,66,66,85,85,56,87,87,87,74,74,74,80,108,113,113,113,26],"gold":46,"neow_bonus":"","is_daily":false,"chose_seed":false,"campfire_upgraded":4,"win_rate":0.0,"timestamp":1608210308,"path_taken":["M","?","?","M","M","E","M","R","T","E","M","?","?","M","R","BOSS","M","?","$","?","M","E","R","?","T","M","R","E","?","?","R","BOSS","M","?","?","M","$","E","R","PTL","PTL","M","T","M","M","?","M","$","R","BOSS"],"items_purchased_type":["Relic","Relic","Card","Relic","Relic","Relic","Relic","Card","Card","Card","Card","Card","Card","Potion","Relic","Relic"],"build_version":"2020-12-13","purchased_purges":0,"victory":true,"max_hp_per_floor":[80,80,80,80,80,80,80,80,80,80,80,80,80,80,80,80,80,80,80,87,88,92,93,93,93,93,94,94,95,95,99,99,100,100,104,104,104,105,105,106,106,106,106,110,110,111,112,112,113,113,113,114],"relic_stats":{"Blood Vial":26,"Dream Catcher":5,"Gremlin Horn":[19,21],"FaceOfCleric":15,"counters":[269,1247],"Black Blood":1452,"Turnip":[0],"Art of War":[8],"Ginger":[4],"Cursed Key":2,"obtain_stats":[{"Golden Egg":34,"Replay:Accelerometer":0,"Ginger":17,"Bottled Tornado":10,"Sling":47,"Old Coin":24,"Blood Vial":22,"Replay:Ringing Soul":47,"Sundial":17,"MealTicket":26,"Replay:Bottled Flurry":49,"HandDrill":31,"Kunai":10,"Replay:Wax Seal":0,"Electric Blood":17,"betterAltar:BloodRelic":27,"ReplayTheSpireMod:Ring of Addiction":36,"Blue Candle":7,"Replay:Ancient Bell":34,"Akabeko":31,"Ooze Armor":34,"Bird Faced Urn":9,"ReplayTheSpireMod:Ring of Collecting":5,"Mark of Pain":17,"Regal Pillow":24,"Lantern":34,"Torii":47,"Singing Bowl":0,"Magic Flower":0,"StoneCalendar":0,"Blue Doll":43,"King of Hearts":47,"Replay:Multitool":25,"Bag of Preparation":54,"Cursed Key":34,"Burning Blood":0,"Pet Ghost":44,"Replay:Rubber Ducky":34,"Shovel":34,"Ring of Peace":5,"Toolbox":0,"Chemical X":21,"InkBottle":34,"Paper Frog":23,"Potion Belt":36,"Lee\u0027s Waffle":44,"Golden Idol":3,"Thread and Needle":20,"PreservedInsect":22,"Omamori":42,"Ring of Greed":10,"Frozen Egg 2":0,"MawBank":27,"Replay:Arrowhead":48,"Busted Crown":17,"Ornamental Fan":37,"Bloody Idol":22,"Ring of Misfortune":36,"betterThird:SlimedRelic":3,"Turnip":23,"Art of War":40,"Garlic":12,"Durian":0,"ReplayTheSpireMod:Lightbulb":27,"Toy Ornithopter":28,"Ice Cream":6,"Divine Protection":0,"Calipers":6,"Gremlin Horn":10,"Nilry\u0027s Codex":22,"CeramicFish":24,"Vajra":8,"Lizard Tail":42,"Centennial Puzzle":2,"HornCleat":52,"FaceOfCleric":13,"DollysMirror":44,"Strawberry":10,"Prayer Wheel":40,"Philosopher\u0027s Stone":17,"Iron Hammer":9,"Toxic Egg 2":36,"Girya":23,"Happy Flower":14,"ReplayTheSpireMod:CursedCoin":19,"Dead Branch":17,"Replay:Grab Bag":34,"Oddly Smooth Stone":41,"Charon\u0027s Ashes":0,"Letter Opener":9,"Replay:Kaleidoscope":37,"War Paint":6,"WarpedTongs":29,"Bottled Flame":26,"Replay:Baseball":38,"ReplayTheSpireMod:Spearhead":31,"ReplayTheSpireMod:Shallot":27,"Shuriken":34,"Bronze Scales":45,"Molten Egg 2":43,"Onion Ring":54,"Simple Rune":27,"ReplayTheSpireMod:TigerMarble":23,"Grinning Jar":6,"Mirror":45,"Pocketwatch":10,"ReplayFunnel":14,"ReplayTheSpireMod:Ring of Exchange":26,"Replay:PocketPolymizer":34,"Black Blood":34,"Mango":40,"Juzu Bracelet":19,"Incense Burner":0,"Replay:Mystery Machine":26,"Empty Cage":34,"ClockworkSouvenir":44,"Frozen Eye":0,"Nunchaku":45,"Dream Catcher":9,"Replay:Bandana":20,"Chameleon Ring":49,"Mummified Hand":9,"Pantograph":0,"Red Mask":41,"Red Skull":17,"Runic Pyramid":34,"Gremlin Food":37,"BargainBundle":19,"ReplayTheSpireMod:Ninjato":48,"Quantum Egg":42,"Replay:WaspNest":3,"Odd Mushroom":12,"Orichalcum":43,"White Beast Statue":36,"Mercury Hourglass":43,"Calling Bell":17,"Peace Pipe":0,"Strange Spoon":44,"CaptainsWheel":0,"Anchor":38,"Pondfish Scales":0,"ChewingGum":17,"Another Sword":47,"Snack Pack":28,"Bag of Marbles":0,"Coffee Dripper":0,"Membership Card":24,"FossilizedHelix":12,"TungstenRod":7,"ReplayTheSpireMod:ShopPack":20},{"Golden Egg":146,"Replay:Accelerometer":210,"Ginger":226,"Bottled Tornado":235,"Sling":102,"Old Coin":92,"Blood Vial":39,"Replay:Ringing Soul":102,"Sundial":11,"MealTicket":14,"Replay:Bottled Flurry":153,"HandDrill":200,"Kunai":33,"Replay:Wax Seal":28,"Electric Blood":62,"betterAltar:BloodRelic":171,"ReplayTheSpireMod:Ring of Addiction":47,"Blue Candle":234,"Replay:Ancient Bell":46,"Akabeko":94,"Ooze Armor":175,"Bird Faced Urn":7,"ReplayTheSpireMod:Ring of Collecting":186,"Mark of Pain":37,"Regal Pillow":14,"Lantern":46,"Torii":77,"Singing Bowl":104,"Magic Flower":28,"StoneCalendar":55,"Blue Doll":180,"King of Hearts":102,"Replay:Multitool":117,"Bag of Preparation":155,"Cursed Key":19,"Burning Blood":0,"Pet Ghost":75,"Replay:Rubber Ducky":122,"Shovel":46,"Ring of Peace":186,"Toolbox":28,"Chemical X":13,"InkBottle":122,"Paper Frog":40,"Potion Belt":47,"Lee\u0027s Waffle":75,"Golden Idol":186,"Thread and Needle":167,"PreservedInsect":140,"Omamori":100,"Ring of Greed":134,"Frozen Egg 2":156,"MawBank":92,"Replay:Arrowhead":183,"Busted Crown":112,"Ornamental Fan":177,"Bloody Idol":39,"Ring of Misfortune":47,"betterThird:SlimedRelic":105,"Turnip":141,"Art of War":49,"Garlic":136,"Durian":156,"ReplayTheSpireMod:Lightbulb":92,"Toy Ornithopter":92,"Ice Cream":83,"Divine Protection":243,"Calipers":32,"Gremlin Horn":250,"Nilry\u0027s Codex":13,"CeramicFish":66,"Vajra":7,"Lizard Tail":24,"Centennial Puzzle":105,"HornCleat":54,"FaceOfCleric":9,"DollysMirror":151,"Strawberry":85,"Prayer Wheel":23,"Philosopher\u0027s Stone":253,"Iron Hammer":33,"Toxic Egg 2":20,"Girya":115,"Happy Flower":36,"ReplayTheSpireMod:CursedCoin":113,"Dead Branch":11,"Replay:Grab Bag":261,"Oddly Smooth Stone":75,"Charon\u0027s Ashes":184,"Letter Opener":60,"Replay:Kaleidoscope":73,"War Paint":160,"WarpedTongs":67,"Bottled Flame":41,"Replay:Baseball":97,"ReplayTheSpireMod:Spearhead":200,"ReplayTheSpireMod:Shallot":67,"Shuriken":46,"Bronze Scales":127,"Molten Egg 2":24,"Onion Ring":55,"Simple Rune":118,"ReplayTheSpireMod:TigerMarble":66,"Grinning Jar":106,"Mirror":265,"Pocketwatch":217,"ReplayFunnel":137,"ReplayTheSpireMod:Ring of Exchange":197,"Replay:PocketPolymizer":122,"Black Blood":261,"Mango":99,"Juzu Bracelet":113,"Incense Burner":156,"Replay:Mystery Machine":66,"Empty Cage":201,"ClockworkSouvenir":75,"Frozen Eye":184,"Nunchaku":51,"Dream Catcher":249,"Replay:Bandana":254,"Chameleon Ring":53,"Mummified Hand":216,"Pantograph":55,"Red Mask":23,"Red Skull":11,"Runic Pyramid":261,"Gremlin Food":47,"BargainBundle":89,"ReplayTheSpireMod:Ninjato":129,"Quantum Egg":50,"Replay:WaspNest":29,"Odd Mushroom":9,"Orichalcum":100,"White Beast Statue":47,"Mercury Hourglass":75,"Calling Bell":11,"Peace Pipe":156,"Strange Spoon":151,"CaptainsWheel":0,"Anchor":123,"Pondfish Scales":130,"ChewingGum":138,"Another Sword":102,"Snack Pack":92,"Bag of Marbles":104,"Coffee Dripper":130,"Membership Card":66,"FossilizedHelix":34,"TungstenRod":59,"ReplayTheSpireMod:ShopPack":194},{"Golden Egg":696,"Replay:Accelerometer":982,"Ginger":1054,"Bottled Tornado":1090,"Sling":464,"Old Coin":431,"Blood Vial":183,"Replay:Ringing Soul":464,"Sundial":38,"MealTicket":52,"Replay:Bottled Flurry":727,"HandDrill":928,"Kunai":146,"Replay:Wax Seal":125,"Electric Blood":319,"betterAltar:BloodRelic":802,"ReplayTheSpireMod:Ring of Addiction":228,"Blue Candle":1086,"Replay:Ancient Bell":224,"Akabeko":436,"Ooze Armor":825,"Bird Faced Urn":28,"ReplayTheSpireMod:Ring of Collecting":865,"Mark of Pain":174,"Regal Pillow":52,"Lantern":224,"Torii":381,"Singing Bowl":473,"Magic Flower":125,"StoneCalendar":286,"Blue Doll":845,"King of Hearts":464,"Replay:Multitool":528,"Bag of Preparation":741,"Cursed Key":81,"Burning Blood":0,"Pet Ghost":375,"Replay:Rubber Ducky":565,"Shovel":224,"Ring of Peace":865,"Toolbox":125,"Chemical X":46,"InkBottle":565,"Paper Frog":188,"Potion Belt":228,"Lee\u0027s Waffle":375,"Golden Idol":865,"Thread and Needle":782,"PreservedInsect":668,"Omamori":460,"Ring of Greed":637,"Frozen Egg 2":749,"MawBank":431,"Replay:Arrowhead":853,"Busted Crown":501,"Ornamental Fan":833,"Bloody Idol":183,"Ring of Misfortune":228,"betterThird:SlimedRelic":475,"Turnip":671,"Art of War":239,"Garlic":644,"Durian":749,"ReplayTheSpireMod:Lightbulb":431,"Toy Ornithopter":431,"Ice Cream":404,"Divine Protection":1125,"Calipers":142,"Gremlin Horn":1157,"Nilry\u0027s Codex":46,"CeramicFish":335,"Vajra":28,"Lizard Tail":102,"Centennial Puzzle":475,"HornCleat":280,"FaceOfCleric":32,"DollysMirror":718,"Strawberry":409,"Prayer Wheel":101,"Philosopher\u0027s Stone":1174,"Iron Hammer":146,"Toxic Egg 2":85,"Girya":519,"Happy Flower":161,"ReplayTheSpireMod:CursedCoin":506,"Dead Branch":38,"Replay:Grab Bag":1209,"Oddly Smooth Stone":375,"Charon\u0027s Ashes":860,"Letter Opener":306,"Replay:Kaleidoscope":363,"War Paint":759,"WarpedTongs":338,"Bottled Flame":193,"Replay:Baseball":448,"ReplayTheSpireMod:Spearhead":928,"ReplayTheSpireMod:Shallot":338,"Shuriken":224,"Bronze Scales":593,"Molten Egg 2":102,"Onion Ring":286,"Simple Rune":534,"ReplayTheSpireMod:TigerMarble":335,"Grinning Jar":479,"Mirror":1228,"Pocketwatch":1017,"ReplayFunnel":648,"ReplayTheSpireMod:Ring of Exchange":916,"Replay:PocketPolymizer":565,"Black Blood":1209,"Mango":458,"Juzu Bracelet":506,"Incense Burner":749,"Replay:Mystery Machine":335,"Empty Cage":935,"ClockworkSouvenir":375,"Frozen Eye":860,"Nunchaku":256,"Dream Catcher":1150,"Replay:Bandana":1178,"Chameleon Ring":267,"Mummified Hand":1010,"Pantograph":286,"Red Mask":101,"Red Skull":38,"Runic Pyramid":1209,"Gremlin Food":228,"BargainBundle":422,"ReplayTheSpireMod:Ninjato":608,"Quantum Egg":245,"Replay:WaspNest":129,"Odd Mushroom":32,"Orichalcum":460,"White Beast Statue":228,"Mercury Hourglass":375,"Calling Bell":38,"Peace Pipe":749,"Strange Spoon":718,"CaptainsWheel":0,"Anchor":570,"Pondfish Scales":625,"ChewingGum":659,"Another Sword":464,"Snack Pack":431,"Bag of Marbles":473,"Coffee Dripper":625,"Membership Card":335,"FossilizedHelix":150,"TungstenRod":303,"ReplayTheSpireMod:ShopPack":898}]},"card_choices":[{"not_picked":["Blood for Blood","Pommel Strike"],"picked":"ReplayTheSpireMod:LeadingStrike","floor":1.0},{"not_picked":["Pommel Strike","Twin Strike"],"picked":"Metallicize","floor":3.0},{"not_picked":["Body Slam","Replay:Undeath\u0027s Touch"],"picked":"Armaments","floor":4.0},{"not_picked":["Iron Wave","Anger"],"picked":"Spot Weakness","floor":5.0},{"not_picked":["Heavy Blade","Body Slam"],"picked":"Seeing Red","floor":6.0},{"not_picked":["Clash","Heavy Blade"],"picked":"ReplayTheSpireMod:LeadingStrike","floor":7.0},{"not_picked":["Blood for Blood","Thunderclap"],"picked":"Combust","floor":10.0},{"not_picked":["Twin Strike","Anger"],"picked":"Spot Weakness","floor":11.0},{"not_picked":["Flex","Warcry"],"picked":"Run Through","floor":12.0},{"not_picked":["Bloodletting","Run Through"],"picked":"Berserk","floor":12.0},{"not_picked":["Searing Blow","Havoc"],"picked":"ReplayReversal","floor":14.0},{"not_picked":["True Grit","Whirlwind"],"picked":"Rupture","floor":15.0},{"not_picked":["Double Tap","Fiend Fire"],"picked":"Feed","floor":16.0},{"not_picked":["Carnage","True Grit+1"],"picked":"Thunderclap+1","floor":18.0},{"not_picked":["Sentinel","Warcry"],"picked":"Entrench+1","floor":21.0},{"not_picked":["Iron Wave","Battle Trance"],"picked":"Immolate","floor":22.0},{"not_picked":["Cleave","Power Through"],"picked":"Pummel+1","floor":23.0},{"not_picked":["Body Slam","Reckless Charge"],"picked":"Havoc+1","floor":24.0},{"not_picked":["Twin Strike","Iron Wave"],"picked":"Sword Boomerang+1","floor":27.0},{"not_picked":["ReplayTheSpireMod:Strike From Hell","Reckless Charge"],"picked":"Thunderclap+1","floor":28.0},{"not_picked":["Corruption","Feel No Pain"],"picked":"Metallicize","floor":29.0},{"not_picked":["Wild Strike+1","Havoc"],"picked":"Shrug It Off","floor":31.0},{"not_picked":["Body Slam","Cleave"],"picked":"Flame Barrier","floor":32.0},{"not_picked":["Bludgeon","Corruption"],"picked":"Eclipse","floor":33.0},{"not_picked":["Sentinel","True Grit+1"],"picked":"Disarm+1","floor":35.0},{"not_picked":["Headbutt","True Grit"],"picked":"Seeing Red","floor":38.0},{"not_picked":["Replay:Undeath\u0027s Touch","Exhume"],"picked":"Heavy Blade+1","floor":40.0},{"not_picked":["Warcry","Replay:Undeath\u0027s Touch"],"picked":"Thunderclap+1","floor":41.0},{"not_picked":["Clothesline","Armaments+1"],"picked":"Run Through+1","floor":44.0},{"not_picked":["Massacre+1","Warcry+1"],"picked":"Life Link+1","floor":46.0},{"not_picked":["Warcry+1","Iron Wave+1"],"picked":"Inflame","floor":47.0},{"not_picked":["Body Slam","Heavy Blade+1"],"picked":"Corruption","floor":49.0}],"player_experience":364184,"relics_obtained":[{"floor":6.0,"key":"Replay:Arrowhead"},{"floor":9.0,"key":"Dream Catcher"},{"floor":10.0,"key":"Gremlin Horn"},{"floor":12.0,"key":"White Beast Statue"},{"floor":13.0,"key":"Art of War"},{"floor":23.0,"key":"Simple Rune"},{"floor":26.0,"key":"Paper Frog"},{"floor":29.0,"key":"Replay:Wax Seal"},{"floor":40.0,"key":"Blood Vial"},{"floor":45.0,"key":"Mirror"}],"event_choices":[{"damage_healed":0.0,"max_hp_gain":0.0,"max_hp_loss":0.0,"gold_gain":0.0,"event_name":"Lab","player_choice":"Got Potions","floor":2.0,"gold_loss":0.0,"damage_taken":0.0},{"damage_healed":0.0,"max_hp_gain":0.0,"max_hp_loss":0.0,"gold_gain":0.0,"event_name":"FaceTrader","player_choice":"Trade","floor":19.0,"gold_loss":0.0,"damage_taken":0.0,"relics_obtained":["FaceOfCleric"]},{"damage_healed":0.0,"max_hp_gain":64.0,"max_hp_loss":39.0,"gold_gain":0.0,"event_name":"betterAltar:BetterAltar","player_choice":" Vial ","floor":30.0,"potions_obtained":[],"relics_lost":[],"gold_loss":0.0,"damage_taken":25.0,"relics_obtained":["Blood Vial"]},{"cards_removed":["Sword Boomerang"],"damage_healed":0.0,"max_hp_gain":0.0,"max_hp_loss":0.0,"gold_gain":0.0,"event_name":"Falling","player_choice":"Removed Attack","floor":36.0,"gold_loss":0.0,"damage_taken":0.0},{"damage_healed":0.0,"max_hp_gain":0.0,"max_hp_loss":0.0,"gold_gain":0.0,"event_name":"Tomb of Lord Red Mask","player_choice":"Ignored","floor":37.0,"gold_loss":0.0,"damage_taken":0.0},{"damage_healed":28.0,"max_hp_gain":0.0,"max_hp_loss":0.0,"gold_gain":0.0,"event_name":"Winding Halls","player_choice":"Writhe","floor":48.0,"gold_loss":0.0,"damage_taken":0.0,"cards_obtained":["Writhe"]}],"is_beta":false,"boss_relics":[{"not_picked":["SlaversCollar","ChewingGum"],"picked":"Philosopher\u0027s Stone"},{"not_picked":["Fusion Hammer","Electric Blood"],"picked":"Replay:Grab Bag"},{"not_picked":["Mark of Pain","Velvet Choker"],"picked":"Ooze Armor"},{"not_picked":["ReplayTheSpireMod:DimensionalGlitch","Busted Crown"],"picked":"Cursed Key"},{"not_picked":["Pandora\u0027s Box","Ring of Chaos"],"picked":"Black Blood"},{"not_picked":["Empty Cage","Replay:Drink Me"],"picked":"Runic Pyramid"}],"items_purged_floors":[],"is_endless":false,"potions_floor_spawned":[1,5,7,10,14,16,18,21,22,23,27,29,31,33,35,38,40,44,46,47,49],"ascension_level":7}}