{"host":"4a6fro0of1ie0h2w","time":1608240361,"event":{"mods":["Aspiration","BaseMod","CCEM","Colored Map","Conspire","Downfall","GifTheSpireLib","Halation","Highlight Path","Hubris","Infinite Spire","Marisa????????","Minty Spire (QoL Compilation)","Permanent Neow","Replay The Spire","StSLib","Stuff the Spire","The Servant 0.9.4"],"gold_per_floor":[99,16,16,36,49,77,77,77,102,102,113,132,132,147,159,264,264,264,295,308,27,38,38,38,38,38,38,38,63,78,78,91,91,102,197,197,122,132,74,74,74,74,74,104,104,138,84,97,29,41,55,55],"floor_reached":53,"playtime":2039,"items_purged":["Guardian:Strike_Guardian"],"score":801,"play_id":"59b719f0-add0-4610-9208-df628c6917a6","local_time":"20201217232601","is_ascension_mode":true,"campfire_choices":[{"data":"Guardian:TwinSlam","floor":1,"key":"SMITH"},{"floor":8,"key":"REST"},{"data":"Guardian:PolyBeam","floor":10,"key":"SMITH"},{"data":"Guardian:BaubleBeam","floor":18,"key":"SMITH"},{"data":"Guardian:Orbwalk","floor":23,"key":"SMITH"},{"floor":28,"key":"RECALL"},{"data":"hubris:DuctTapeCard","floor":45,"key":"SMITH"}],"circlet_count":0,"master_deck":["Guardian:Strike_Guardian","Guardian:Strike_Guardian","Guardian:Strike_Guardian","Guardian:Defend_Guardian","Guardian:Defend_Guardian","Guardian:Defend_Guardian","Guardian:CurlUp","Guardian:TwinSlam+1","Guardian:Orbwalk+1","Guardian:FuturePlans","Guardian:BaubleBeam+1","Guardian:CrystalBeam","Guardian:Reroute","Guardian:ExploitGems+1","Guardian:Repulse","Guardian:Emergency+1","Guardian:BronzeOrb+1","Guardian:SpikerProtocol","Guardian:Incinerate+1","Guardian:Planning+1","Guardian:FloatingOrbs","Reprogram+1","Replay:Dark Deal","Guardian:RefractedBeam","hubris:DuctTapeCard+2","infinitespire:Gouge","Guardian:Gem_Lightblue","Guardian:PrimingBeam","Guardian:RefractedBeam","Guardian:Gem_Fragmented"],"relics":["Guardian:ModeShifter","halation:QuantumPhysicsTextbook","Ice Cream","StuffTheSpire:DarkSteelAnvil","infinitespire:Joker Card","halation:PinkAlligatorPlush","Oddly Smooth Stone","CCEMRelics:WhiteRose","PrismaticShard","halation:MonkeysPaw","downfall:HeartBlessingRed","aspiration:StickyExplosives_weak","hubris:DuctTape","hubris:TenFootPole","Strawberry"],"acts_visited":["Exordium","TheCity","TheBeyond"],"potions_floor_usage":[9,16,16,19,30,35,44,50,52,52],"damage_taken":[{"damage":0,"enemies":"downfall:FleeingMerchant","floor":2,"turns":4},{"damage":0,"enemies":"Jaw Worm","floor":4,"turns":3},{"damage":0,"enemies":"Cultist","floor":5,"turns":3},{"damage":34,"enemies":"Gremlin Nob","floor":6,"turns":4},{"damage":13,"enemies":"3 Sentries","floor":9,"turns":8},{"damage":0,"enemies":"Small Slimes","floor":11,"turns":2},{"damage":0,"enemies":"Exordium Thugs","floor":12,"turns":3},{"damage":2,"enemies":"Exordium Wildlife","floor":14,"turns":2},{"damage":5,"enemies":"Red Slaver","floor":15,"turns":3},{"damage":13,"enemies":"downfall:Silent","floor":16,"turns":5},{"damage":22,"enemies":"Slavers","floor":19,"turns":4},{"damage":19,"enemies":"3 Byrds","floor":20,"turns":4},{"damage":11,"enemies":"downfall:FleeingMerchant","floor":21,"turns":4},{"damage":4,"enemies":"Chosen","floor":22,"turns":2},{"damage":17,"enemies":"conspire:SneckoGhost","floor":29,"turns":4},{"damage":6,"enemies":"3 Cultists","floor":30,"turns":3},{"damage":6,"enemies":"Sentry and Sphere","floor":32,"turns":3},{"damage":15,"enemies":"Cultist and Chosen","floor":34,"turns":5},{"damage":13,"enemies":"downfall:Defect","floor":35,"turns":4},{"damage":0,"enemies":"3 Darklings","floor":38,"turns":2},{"damage":10,"enemies":"downfall:FleeingMerchant","floor":39,"turns":3},{"damage":10,"enemies":"Nightmare","floor":44,"turns":4},{"damage":14,"enemies":"Nemesis","floor":46,"turns":3},{"damage":4,"enemies":"Orb Walker","floor":48,"turns":3},{"damage":30,"enemies":"Transient","floor":50,"turns":5},{"damage":12,"enemies":"4 Shapes","floor":51,"turns":3},{"damage":21,"enemies":"downfall:Ironclad","floor":52,"turns":5}],"seed_played":"-5136028809541825095","potions_obtained":[{"floor":4,"key":"Block Potion"},{"floor":6,"key":"FearPotion"},{"floor":9,"key":"Fruit Juice"},{"floor":12,"key":"Explosive Potion"},{"floor":14,"key":"SkillPotion"},{"floor":22,"key":"Explosive Potion"},{"floor":29,"key":"AttackPotion"},{"floor":31,"key":"CultistPotion"},{"floor":31,"key":"FearPotion"},{"floor":48,"key":"Explosive Potion"},{"floor":50,"key":"BlessingOfTheForge"},{"floor":51,"key":"AttackPotion"}],"is_trial":false,"path_per_floor":["R","$","?","M","M","E","T","R","E","R","M","M","?","M","M","B",null,"R","E","M","$","M","R","T","R","PTL","PTL","R","E","M","?","M","?","M","B",null,"R","M","$","?","?","R","T","NM","R","E","$","M","$","M","M","B",null],"character_chosen":"GUARDIAN","items_purchased":["Guardian:Gem_Crimson","Guardian:ExploitGems+1","Guardian:Repulse","aspiration:StickyExplosives_weak","Guardian:RefractedBeam","Guardian:Gem_Yellow","Guardian:PrimingBeam","Guardian:RefractedBeam"],"campfire_rested":1,"item_purchase_floors":[2,21,21,39,39,39,47,49],"current_hp_per_floor":[56,56,56,56,56,22,22,46,38,38,38,38,38,36,31,18,85,85,63,44,33,29,29,29,29,29,29,29,12,6,6,85,77,62,49,85,85,85,75,75,75,75,75,65,65,68,68,64,64,34,22,1],"gold":55,"neow_bonus":"ONE_RARE_RELIC","is_daily":false,"chose_seed":false,"campfire_upgraded":5,"win_rate":0.0,"timestamp":1608240361,"path_taken":["R","$","?","M","?","E","T","R","E","R","M","M","?","M","M","BOSS","R","E","M","$","M","R","T","R","PTL","PTL","R","E","M","?","?","?","M","BOSS","R","M","$","?","?","R","T","NM","R","E","$","?","?","?","M","BOSS"],"items_purchased_type":["Card","Card","Card","Relic","Card","Card","Card","Card"],"build_version":"2020-12-13","purchased_purges":1,"victory":true,"max_hp_per_floor":[80,80,80,80,80,80,80,80,85,85,85,85,85,85,85,85,85,85,85,85,85,85,85,85,85,85,85,85,85,85,85,85,85,85,85,85,85,85,85,85,85,85,85,85,85,92,92,92,92,92,92,92],"card_choices":[{"not_picked":["Guardian:DonusPower","Guardian:TemporalStrike"],"picked":"Guardian:Gem_White","floor":2},{"not_picked":["Guardian:CrystalBeam","Guardian:Emergency"],"picked":"Guardian:PolyBeam","floor":4},{"not_picked":["Guardian:VentSteam","Guardian:TemporalStrike"],"picked":"Guardian:Gem_Fragmented","floor":5},{"not_picked":["Guardian:ShieldCharger","Guardian:RollAttack"],"picked":"Guardian:Gem_Cyan","floor":6},{"not_picked":["Guardian:DonusPower","Guardian:ChargeUp"],"picked":"Guardian:BronzeOrb","floor":9},{"not_picked":["Guardian:Incinerate","Guardian:EvasiveProtocol"],"picked":"Guardian:Gem_Orange","floor":11},{"not_picked":["Guardian:Incinerate","Guardian:Suspension"],"picked":"Guardian:PrimingBeam","floor":12},{"not_picked":["Guardian:Suspension","Guardian:Clone"],"picked":"Guardian:Orbwalk","floor":14},{"not_picked":["Guardian:TemporalStrike","Guardian:SpikerProtocol"],"picked":"Guardian:FuturePlans","floor":15},{"not_picked":["Guardian:FierceBash","Guardian:StasisField"],"picked":"Guardian:BaubleBeam","floor":16},{"not_picked":["Guardian:TemporalStrike","Guardian:Gem_Lightblue"],"picked":"Guardian:CrystalBeam","floor":19},{"not_picked":["Guardian:Gem_Red","Guardian:BronzeArmor"],"picked":"Guardian:Gem_Blue","floor":20},{"not_picked":["Guardian:TemporalStrike","Guardian:Suspension"],"picked":"Guardian:Reroute","floor":21},{"not_picked":["Guardian:Recover","Guardian:StasisField"],"picked":"Guardian:Emergency+1","floor":22},{"not_picked":["Guardian:Reroute","Guardian:ChargeCore+1"],"picked":"Guardian:SpikerProtocol","floor":29},{"not_picked":["Guardian:Reroute","Guardian:RollAttack"],"picked":"Guardian:Incinerate+1","floor":30},{"not_picked":["Guardian:Incinerate+1","Guardian:Suspension+1"],"picked":"Guardian:Planning+1","floor":32},{"not_picked":["Guardian:Incinerate","Guardian:PrismaticBarrier"],"picked":"Guardian:FloatingOrbs","floor":33},{"not_picked":["Clash","Cleave"],"picked":"Reprogram+1","floor":34},{"not_picked":["champ:SwordThrow","Corruption"],"picked":"Replay:Dark Deal","floor":35},{"not_picked":["sneckomod:UnknownClassRED","PiercingWail","DoubleSpark+1"],"picked":"SKIP","floor":38},{"not_picked":["StuffTheSpire:ShieldGenerator+1","WasteNot+1","Armaments+1"],"picked":"SKIP","floor":39},{"not_picked":["ReplayTheSpireMod:Haul","Replay:Fractal Strike"],"picked":"infinitespire:Gouge","floor":44},{"not_picked":["hubris:TrickCloak+1","StuffTheSpire:Slingshot","SoulSculpture"],"picked":"SKIP","floor":44},{"not_picked":["champ:GladiatorsShout","Fission"],"picked":"Guardian:Gem_Lightblue","floor":46},{"not_picked":["sneckomod:SoulDraw","NonDirectionalLaser+1","Pommel Strike+1"],"picked":"SKIP","floor":48},{"not_picked":["MeteoricShower+1","Bloodletting","Prepared+1"],"picked":"SKIP","floor":50},{"not_picked":["DarkMatter","ReplayTheSpireMod:Dual Polarity"],"picked":"Guardian:Gem_Fragmented","floor":51}],"player_experience":177418,"relics_obtained":[{"floor":6,"key":"Ice Cream"},{"floor":7,"key":"StuffTheSpire:DarkSteelAnvil"},{"floor":9,"key":"infinitespire:Joker Card"},{"floor":19,"key":"Oddly Smooth Stone"},{"floor":24,"key":"CCEMRelics:WhiteRose"},{"floor":29,"key":"StuffTheSpire:Mouthbags"},{"floor":33,"key":"PrismaticShard"},{"floor":43,"key":"hubris:DuctTape"},{"floor":44,"key":"hubris:TenFootPole"},{"floor":46,"key":"Strawberry"}],"event_choices":[{"damage_healed":0,"gold_gain":0,"player_choice":"Ignored","damage_taken":0,"max_hp_gain":0,"max_hp_loss":0,"event_name":"NoteForYourself","floor":3,"gold_loss":0}],"is_beta":false,"boss_relics":[{"not_picked":["ChewingGum","Runic Dome"],"picked":"halation:PinkAlligatorPlush"},{"not_picked":["halation:SmartPhone","Abe\u0027s Treasure"],"picked":"halation:MonkeysPaw"}],"items_purged_floors":[21],"is_endless":false,"potions_floor_spawned":[4,6,9,12,14,22,29,32,34,48,50,51],"ascension_level":1}}