{"host":"wha9hktbkslqvblg","time":1608165906,"event":{"mods":["BaseMod","Colored Map","Minty Spire (QoL Compilation)","Relic Stats","SuperFastMode","everything is the same but u backflip on backflip"],"gold_per_floor":[118,118,118,133,21,51,67,67,67],"floor_reached":8,"playtime":96,"items_purged":["Defend_R"],"score":162,"play_id":"b4c8d5c1-022d-40ef-98a7-c998cda988e9","local_time":"20201217094506","is_ascension_mode":true,"campfire_choices":[],"circlet_count":0,"master_deck":["AscendersBane","Strike_R","Strike_R","Strike_R","Strike_R","Defend_R","Defend_R","Defend_R","Bash","Power Through","Dark Embrace","Evolve"],"relics":["Burning Blood","NeowsBlessing","Pantograph"],"acts_visited":["Exordium"],"potions_floor_usage":[],"damage_taken":[{"damage":0,"enemies":"Small Slimes","floor":1,"turns":1},{"damage":0,"enemies":"Jaw Worm","floor":4,"turns":1},{"damage":0,"enemies":"Lagavulin","floor":6,"turns":1},{"damage":10,"enemies":"2 Louse","floor":7,"turns":2},{"damage":20,"enemies":"3 Sentries","floor":8,"turns":4}],"seed_played":"-5997984585916609743","potions_obtained":[{"floor":1,"key":"Energy Potion"}],"is_trial":false,"path_per_floor":["M","?","?","M","$","E","M","E"],"character_chosen":"IRONCLAD","items_purchased":["Dark Embrace"],"campfire_rested":0,"item_purchase_floors":[5],"current_hp_per_floor":[74,74,67,73,73,75,71,51,51],"gold":67,"neow_bonus":"THREE_ENEMY_KILL","is_daily":false,"chose_seed":false,"campfire_upgraded":0,"win_rate":0.0,"timestamp":1608165906,"path_taken":["M","?","?","M","$","E","M","E"],"items_purchased_type":["Card"],"build_version":"2020-12-13","purchased_purges":1,"victory":false,"max_hp_per_floor":[75,75,75,75,75,75,75,75,75],"relic_stats":{"counters":[5,9],"Pantograph":0,"obtain_stats":[{"NeowsBlessing":0,"Pantograph":6,"Burning Blood":0},{"NeowsBlessing":0,"Pantograph":3,"Burning Blood":0},{"NeowsBlessing":0,"Pantograph":3,"Burning Blood":0}],"Burning Blood":20},"card_choices":[{"not_picked":["Blood for Blood","Twin Strike","Cleave"],"picked":"SKIP","floor":1},{"not_picked":["Havoc","Shrug It Off"],"picked":"Power Through","floor":4},{"not_picked":["Dropkick","Sentinel"],"picked":"Evolve","floor":6},{"not_picked":["Flex","Havoc","Metallicize"],"picked":"SKIP","floor":7}],"player_experience":859930,"relics_obtained":[{"floor":6,"key":"Pantograph"}],"event_choices":[{"damage_healed":0,"gold_gain":0,"player_choice":"Ignored","damage_taken":0,"max_hp_gain":0,"max_hp_loss":0,"event_name":"Liars Game","floor":2,"gold_loss":0},{"cards_removed":["Strike_R"],"damage_healed":0,"gold_gain":0,"player_choice":"Card Removal","damage_taken":7,"max_hp_gain":0,"max_hp_loss":0,"event_name":"Golden Wing","floor":3,"gold_loss":0}],"is_beta":false,"boss_relics":[],"items_purged_floors":[5],"is_endless":false,"potions_floor_spawned":[1],"killed_by":"3 Sentries","ascension_level":20}}