{"host":"1shobamjx3kfwgso","time":1608177568,"event":{"mods":["2.2 Compatiblity","AchievementEnabler","Act Like it!","Aspiration","BaseMod","Beaked The Cultist","BetterRewards","Block Reminder","CCEM","CapriCore","Challenge The Spire","Clockwork Mod","Colored Map","Colored Powertips","Conjunction","Conspire","Defuse TimeMaze Blight","Downfall","Elementarium","Energized Spire","Exacting","FoggyMod","GifTheSpireLib","Halation","Hallownest","Hermit","Highlight Path","Hubris","Infinite Spire","Lobotomy","LobotomyExtend","Mimic Mod","Minty Spire (QoL Compilation)","Pale of the Ancients","Quick Restart","Relic Sorter","Replay The Spire","Shade Mod","Shop Mod","StSLib","Stuff the Spire","The Bladedancer","The Bug Knight","The Construct","The Cursed","The Druid","The Gatherer","The Immortal","The Juggle","The Mystic","The Sage","The Servant 0.9.4","TheFirefly","TheVacant","Uncapped","vexMod"],"gold_per_floor":[99,99,99,99,127,52,91,16,47,47,22,22,32,32,32,127,127,52,52,52,52,52,121,121,121,121,176,151,16,16,16,40,150,150,150,180,180,180,180,180,180,180,180,180,199,199,199,199,199],"floor_reached":48,"playtime":2194,"items_purged":["Pain"],"score":545,"play_id":"477b3d86-e1d4-4488-aa8b-948926424584","local_time":"20201216225928","is_ascension_mode":false,"campfire_choices":[{"floor":1.0,"key":"RECALL"},{"data":"hexamod:Float","floor":6.0,"key":"SMITH"},{"data":"hexamod:BurningTouch","floor":8.0,"key":"SMITH"},{"data":"hexamod:ChargedBarrage","floor":10.0,"key":"SMITH"},{"floor":18.0,"key":"DIG"},{"data":"hexamod:GhostOfSpirePresent","floor":21.0,"key":"SMITH"},{"data":"hexamod:EmpoweringStance","floor":26.0,"key":"SMITH"},{"data":"hexamod:TimeOfNeed","floor":35.0,"key":"SMITH"},{"floor":37.0,"key":"REST"},{"data":"hexamod:RainOfEmbers","floor":42.0,"key":"SMITH"},{"data":"hexamod:BurningTouch","floor":44.0,"key":"SMITH"}],"circlet_count":0,"master_deck":["hexamod:Strike+1","hexamod:Strike+1","hexamod:Strike+1","hexamod:Strike+1","hexamod:Defend+1","hexamod:Defend+1","hexamod:Defend+1","hexamod:Defend+1","hexamod:Sear","hexamod:Float+1","hexamod:ChargedBarrage+1","hexamod:BurningTouch+1","hexamod:Firestarter","Replay:SS_fish_3","hexamod:PhantomCloak+1","hexamod:GhostOfSpirePresent+1","RitualDagger+1","hexamod:FifthSeal","hexamod:EmpoweringStance+1","hexamod:SwordOfDarkness","hexamod:RainOfEmbers+1","hexamod:HexaLevel+1","hexamod:BurningTouch+1","hexamod:GhostShield","hexamod:TimeOfNeed+1","hexamod:ChargedBarrage+1"],"relics":["hexamod:SpiritBrand","hubris:Icosahedron","downfall:HeartsMalice","LetterFromLob","halation:Prosthetics","WarpedTongs","hexamod:SoulConsumer","ShedSkin_r","downfall:HeartBlessingGreen","downfall:HeartBlessingBlue","downfall:HeartBlessingRed","Omamori","halation:PinkSoulGem","Mercury Hourglass","StuffTheSpire:Barrel","hexamod:TheBrokenSeal","hubris:Backtick","beaked:MendingPlumage","halation:IllGainedPizza","halation:EternalFortune","ReplayTheSpireMod:Ring of Challenge","hubris:Towel","infinitespire:FocusingShard"],"acts_visited":["Exordium","TheCity","TheBeyond"],"potions_floor_usage":[],"damage_taken":[{"damage":0.0,"enemies":"Lagavulin","floor":5.0,"turns":1.0},{"damage":0.0,"enemies":"Jaw Worm","floor":7.0,"turns":1.0},{"damage":0.0,"enemies":"3 Sentries","floor":9.0,"turns":1.0},{"damage":5.0,"enemies":"Jaw Worm","floor":13.0,"turns":3.0},{"damage":0.0,"enemies":"Cultist","floor":15.0,"turns":1.0},{"damage":31.0,"enemies":"downfall:Ironclad","floor":16.0,"turns":7.0},{"damage":5.0,"enemies":"Spheric Guardian","floor":23.0,"turns":7.0},{"damage":11.0,"enemies":"Slavers","floor":27.0,"turns":8.0},{"damage":16.0,"enemies":"Sentry and Sphere","floor":28.0,"turns":5.0},{"damage":13.0,"enemies":"downfall:FleeingMerchant","floor":29.0,"turns":4.0},{"damage":0.0,"enemies":"conspire:HollyBat","floor":32.0,"turns":9.0},{"damage":45.0,"enemies":"downfall:Defect","floor":33.0,"turns":9.0},{"damage":43.0,"enemies":"Nemesis","floor":36.0,"turns":7.0},{"damage":0.0,"enemies":"Orb Walker","floor":45.0,"turns":4.0}],"seed_played":"-6925148713997473628","potions_obtained":[{"floor":2.0,"key":"Adrenaline Potion"},{"floor":2.0,"key":"Ancient Potion"},{"floor":2.0,"key":"Slimebound:ThreeZeroPotion"},{"floor":13.0,"key":"Venom Potion"},{"floor":16.0,"key":"Guardian:BlockOnCardUsePotion"},{"floor":20.0,"key":"CultistPotion"},{"floor":27.0,"key":"conspire:TimeTravelPotion"},{"floor":29.0,"key":"Ancient Potion"},{"floor":32.0,"key":"DuplicationPotion"}],"is_trial":false,"path_per_floor":["R_BF","?","M","?","E","R","MIM","R","E","R","?","?","M","?","M","B",null,"R_BF","?","?","R","?","M","T","?","R","E","M","$","?","?","M","B",null,"R","E","R","?","?","?","T","R","?","R","M","?","?","M"],"character_chosen":"THE_SPIRIT","items_purchased":["hexamod:BurningTouch"],"campfire_rested":1,"item_purchase_floors":[29],"current_hp_per_floor":[70,70,70,63,63,63,63,73,73,73,73,73,68,68,68,37,45,45,45,45,45,45,40,40,40,40,29,27,14,14,14,29,38,55,55,33,49,52,52,52,52,52,58,58,58,58,58,58,58],"gold":199,"neow_bonus":"THREE_ENEMY_KILL","is_daily":false,"chose_seed":false,"campfire_upgraded":8,"win_rate":0.0,"timestamp":1608177568,"path_taken":["R_BF","?","?","?","E","R","MIM","R","E","R","?","?","?","?","M","BOSS","R_BF","?","?","R","?","?","T","?","R","E","?","?","?","?","M","BOSS","R","E","R","?","?","?","T","R","?","R","?","?","?","?"],"items_purchased_type":["Card"],"build_version":"2020-12-13","purchased_purges":1,"victory":false,"max_hp_per_floor":[70,70,70,70,70,70,70,80,80,80,80,80,80,80,80,80,45,45,45,45,45,45,45,45,45,45,45,45,45,45,45,45,55,55,55,55,55,58,58,58,58,58,58,58,58,58,58,58,58],"card_choices":[{"not_picked":["hexamod:AdvancingGuard","hexamod:Hexaguard"],"picked":"hexamod:ChargedBarrage","floor":5.0},{"not_picked":["hexamod:SpectersWail","hexamod:NightmareStrike"],"picked":"hexamod:BurningTouch","floor":7.0},{"not_picked":["hexamod:AdvancingGuard","hexamod:NightmareStrike"],"picked":"hexamod:Firestarter","floor":9.0},{"not_picked":["hexamod:AdvancingGuard","hexamod:GhostShield"],"picked":"hexamod:PhantomCloak","floor":13.0},{"not_picked":["hexamod:InspiringFlames","hexamod:TurnItUp"],"picked":"hexamod:GhostOfSpirePresent","floor":15.0},{"not_picked":["hexamod:SixthSeal","hexamod:GiftsFromTheDead"],"picked":"hexamod:FifthSeal","floor":16.0},{"not_picked":["hexamod:NightmareStrike","hexamod:BurningTouch"],"picked":"hexamod:FifthSeal","floor":23.0},{"not_picked":["hexamod:ThirdSeal","hexamod:SecondSeal"],"picked":"hexamod:FourthSeal","floor":23.0},{"not_picked":["hexamod:ThirdSeal","hexamod:FourthSeal"],"picked":"hexamod:FirstSeal","floor":27.0},{"not_picked":["hexamod:CrushingStance","hexamod:Again+1"],"picked":"hexamod:SecondSeal","floor":27.0},{"not_picked":["hexamod:FourthSeal","hexamod:FirstSeal"],"picked":"hexamod:ThirdSeal","floor":28.0},{"not_picked":["hexamod:BurningTouch","hexamod:NightmareGuise"],"picked":"hexamod:SwordOfDarkness","floor":28.0},{"not_picked":["hexamod:SecondSeal","hexamod:FourthSeal"],"picked":"hexamod:SixthSeal","floor":29.0},{"not_picked":["hexamod:ThermalTransfer","hexamod:SkipABeat"],"picked":"hexamod:RainOfEmbers","floor":29.0},{"not_picked":["hexamod:ChargedBarrage+1","hexamod:DynamicBlow"],"picked":"hexamod:HexaLevel","floor":29.0},{"not_picked":["hexamod:BacktrackSmack+1","hexamod:SwordOfDarkness"],"picked":"hexamod:GhostShield","floor":32.0},{"not_picked":["hexamod:SixthSeal","hexamod:UnleashSpirits"],"picked":"hexamod:TimeOfNeed","floor":33.0},{"not_picked":["hexamod:SkipABeat","hexamod:GhostLash+1"],"picked":"hexamod:ChargedBarrage+1","floor":36.0},{"not_picked":["hexamod:Again+1","hexamod:HauntingEcho+1","hexamod:StepThrough"],"picked":"SKIP","floor":45.0}],"player_experience":258621,"relics_obtained":[{"floor":5.0,"key":"hexamod:SoulConsumer"},{"floor":5.0,"key":"LetterFromLob"},{"floor":9.0,"key":"hubris:MobiusCoin"},{"floor":18.0,"key":"Omamori"},{"floor":24.0,"key":"Mercury Hourglass"},{"floor":27.0,"key":"StuffTheSpire:Barrel"},{"floor":36.0,"key":"halation:IllGainedPizza"},{"floor":39.0,"key":"ReplayTheSpireMod:Ring of Challenge"},{"floor":41.0,"key":"infinitespire:FocusingShard"}],"event_choices":[{"damage_healed":0.0,"max_hp_gain":0.0,"max_hp_loss":0.0,"gold_gain":0.0,"event_name":"Lab","player_choice":"Got Potions","floor":2.0,"gold_loss":0.0,"damage_taken":0.0},{"damage_healed":0.0,"max_hp_gain":0.0,"max_hp_loss":0.0,"gold_gain":0.0,"event_name":"Accursed Blacksmith","player_choice":"Rummage","floor":14.0,"gold_loss":0.0,"damage_taken":0.0,"relics_obtained":["WarpedTongs"],"cards_obtained":["Pain"]},{"damage_healed":0.0,"max_hp_gain":0.0,"max_hp_loss":0.0,"gold_gain":0.0,"event_name":"Back to Basics","player_choice":"Simplicity","floor":31.0,"gold_loss":0.0,"damage_taken":0.0,"cards_upgraded":["hexamod:Strike","hexamod:Strike","hexamod:Strike","hexamod:Strike","hexamod:Defend","hexamod:Defend","hexamod:Defend","hexamod:Defend"]},{"damage_healed":0.0,"max_hp_gain":0.0,"max_hp_loss":0.0,"gold_gain":0.0,"event_name":"conspire:Investor","player_choice":"Leave","floor":46.0,"gold_loss":0.0,"damage_taken":0.0}],"is_beta":false,"boss_relics":[{"not_picked":["energizedSpire:OgreHead","construct:ClawGrip"],"picked":"halation:Prosthetics"},{"not_picked":["Honey Jar","Replay:Ancient Bell"],"picked":"hubris:Backtick"}],"items_purged_floors":[29],"is_endless":false,"potions_floor_spawned":[13,16,23,32],"ascension_level":0}}