{"host":"nj06ypb01n3s9mn8","time":1608178493,"event":{"mods":["2.2 Compatiblity","BaseMod","Colored Map","Downfall","Highlight Path","Marisa????????","Minty Spire (QoL Compilation)","Replay The Spire","StSLib","The Animator","The Necromancer","The Servant 0.9.4","Waifu the Spire"],"gold_per_floor":[113,137,51,101,176,176,211,211,211,252,198,212,222,260,260,381,381,397,397],"floor_reached":18,"playtime":2661,"items_purged":[],"score":189,"play_id":"457f27e1-b82a-423e-8cdb-ebd4a97f2512","local_time":"20201217011453","is_ascension_mode":true,"campfire_choices":[{"data":"animator:Shuna","floor":6,"key":"SMITH"},{"floor":8,"key":"RECALL"},{"floor":15,"key":"REST"}],"circlet_count":0,"master_deck":["animator:Strike_Elsword","animator:Defend_Elsword","animator:Chung","animator:Raven","animator:Shuna+1","animator:Elsword","animator:Strike_FullmetalAlchemist","animator:Strike_Konosuba","animator:Strike_NoGameNoLife","animator:Defend_Katanagatari","animator:Defend_GATE+1","animator:Defend_OnePunchMan","animator:Rena","animator:Ara","animator:Ara","animator:Kaijin","animator:Elesis","animator:EmiyaShirou+1","animator:Eve"],"relics":["animator:VividPicture","animator:TheMissingPiece","Ice Cream","Toxic Egg 2","Blue Doll","Pet Ghost"],"acts_visited":["Exordium","TheCity"],"potions_floor_usage":[7,14],"damage_taken":[{"damage":4,"enemies":"2 Louse","floor":1,"turns":4},{"damage":4,"enemies":"Small Slimes","floor":2,"turns":5},{"damage":6,"enemies":"3 Sentries","floor":7,"turns":7},{"damage":21,"enemies":"Lagavulin","floor":10,"turns":6},{"damage":4,"enemies":"Jaw Worm","floor":12,"turns":4},{"damage":3,"enemies":"Lots of Slimes","floor":13,"turns":6},{"damage":3,"enemies":"3 Sentries","floor":14,"turns":7},{"damage":13,"enemies":"Slime Boss","floor":16,"turns":15},{"damage":0,"enemies":"Chosen","floor":18,"turns":7}],"seed_played":"5322250505850030168","potions_obtained":[{"floor":2,"key":"ColorlessPotion"},{"floor":10,"key":"SneckoOil"},{"floor":14,"key":"sneckomod:MuddlingPotion"},{"floor":16,"key":"Dexterity Potion"}],"is_trial":false,"path_per_floor":["M","M","?","?","?","R","E","R","T","E","$","M","M","E","R","B",null,"M"],"character_chosen":"THE_ANIMATOR","items_purchased":["animator:Ara"],"campfire_rested":1,"item_purchase_floors":[11],"current_hp_per_floor":[68,64,64,64,53,53,48,48,48,27,27,23,21,18,40,27,74,74,74],"gold":397,"neow_bonus":"TEN_PERCENT_HP_BONUS","is_daily":false,"chose_seed":false,"campfire_upgraded":1,"win_rate":0.0,"timestamp":1608178493,"path_taken":["M","M","?","?","?","R","E","R","T","E","$","M","M","E","R","BOSS","M"],"items_purchased_type":["Card"],"build_version":"2020-11-29","purchased_purges":0,"victory":false,"max_hp_per_floor":[72,72,72,72,72,72,73,73,73,73,73,73,74,74,74,74,74,74,74],"card_choices":[{"not_picked":["animator:Rider","animator:Mitsurugi"],"picked":"animator:Shuna","floor":1},{"not_picked":["animator:Mitsurugi","animator:Viivi"],"picked":"animator:Elsword","floor":2},{"not_picked":["animator:SilverFang","animator:Kazuma"],"picked":"animator:Rena","floor":7},{"not_picked":["animator:Raven","animator:Chung+1"],"picked":"animator:Ara","floor":10},{"not_picked":["animator:Genos","animator:Hitei"],"picked":"animator:Kaijin","floor":12},{"not_picked":["animator:Millim","animator:Aisha"],"picked":"animator:Elesis","floor":13},{"not_picked":["animator:Assassin","animator:Shichika+1"],"picked":"animator:EmiyaShirou+1","floor":14},{"not_picked":["animator:Elesis","animator:Wiz+1"],"picked":"animator:Eve","floor":16}],"player_experience":59317,"relics_obtained":[{"floor":7,"key":"Ice Cream"},{"floor":9,"key":"Toxic Egg 2"},{"floor":10,"key":"Blue Doll"},{"floor":14,"key":"Pet Ghost"}],"event_choices":[{"damage_healed":0,"gold_gain":50,"player_choice":"Gained Gold","damage_taken":0,"max_hp_gain":0,"max_hp_loss":0,"event_name":"Golden Wing","floor":4,"gold_loss":0},{"damage_healed":0,"gold_gain":75,"player_choice":"Gather Gold","damage_taken":11,"max_hp_gain":0,"max_hp_loss":0,"event_name":"World of Goop","floor":5,"gold_loss":0}],"is_beta":false,"boss_relics":[{"not_picked":["animator:RacePiece","ReplayTheSpireMod:DimensionalGlitch"],"picked":"animator:VividPicture"}],"items_purged_floors":[],"is_endless":false,"potions_floor_spawned":[2,10,14,16],"killed_by":"Chosen","ascension_level":1}}