{"host":"oa83uhtarp6rwisx","time":1608215883,"event":{"mods":["Act Like it!","BaseMod","Better Altar","Better Third Choice","Highlight Path","Minty Spire (QoL Compilation)","Quick Restart","Rare Cards Sparkle","Replay The Spire","Spicy Shops","StSLib","Waifu the Spire","slay the spire mod where everything is the same but ironclad has a cowboy hat"],"gold_per_floor":[110,110,121,121,13,26,59,75,75,89,89,107,107,117,117,213,213,230,155,155],"floor_reached":19,"playtime":1181,"items_purged":[],"score":180,"play_id":"667d3c89-5333-429c-9c2c-54b677228031","local_time":"20201217063803","is_ascension_mode":true,"campfire_choices":[{"floor":11,"key":"REST"},{"floor":13,"key":"REST"},{"floor":15,"key":"REST"}],"circlet_count":0,"master_deck":["Strike_B","Strike_B","Strike_B","Strike_B","Defend_B","Defend_B","Defend_B","Defend_B","Zap+1","Dualcast","Normality","Panache","Turbo","Skim","Mirror Shield","ReplaySolidLightProjector","Leap","White Noise","Gash","Turbo","Tempest","Hello World","Biased Cognition","FIFO Queue"],"relics":["Cracked Core","ReplayTheSpireMod:TigerMarble","Replay:Bottled Flurry","Snack Pack","Black Star"],"acts_visited":["Exordium","TheCity"],"potions_floor_usage":[16],"damage_taken":[{"damage":3,"enemies":"Small Slimes","floor":1,"turns":3},{"damage":0,"enemies":"Cultist","floor":3,"turns":3},{"damage":0,"enemies":"2 Louse","floor":6,"turns":3},{"damage":39,"enemies":"Lagavulin","floor":7,"turns":9},{"damage":9,"enemies":"2 Fungi Beasts","floor":8,"turns":3},{"damage":8,"enemies":"Gremlin Gang","floor":10,"turns":3},{"damage":8,"enemies":"Looter","floor":12,"turns":4},{"damage":16,"enemies":"Exordium Wildlife","floor":14,"turns":4},{"damage":39,"enemies":"Hexaghost","floor":16,"turns":12},{"damage":14,"enemies":"Spheric Guardian","floor":18,"turns":4},{"damage":27,"enemies":"2 Thieves","floor":19,"turns":4}],"seed_played":"4952704367156305639","potions_obtained":[{"floor":6,"key":"Dexterity Potion"},{"floor":10,"key":"SteroidPotion"},{"floor":14,"key":"Languid Potion"}],"is_trial":false,"path_per_floor":["M","?","M","?","?","M","E","M","T","M","R","M","R","M","R","B",null,"M","M"],"character_chosen":"DEFECT","items_purchased":[],"campfire_rested":3,"item_purchase_floors":[],"current_hp_per_floor":[72,72,72,72,72,72,33,24,24,16,38,30,52,38,60,25,75,61,34,34],"gold":155,"neow_bonus":"RANDOM_COLORLESS_2","is_daily":false,"chose_seed":false,"campfire_upgraded":0,"win_rate":0.0,"timestamp":1608215883,"path_taken":["M","?","?","?","?","M","E","?","T","M","R","M","R","M","R","BOSS","M","M"],"items_purchased_type":[],"build_version":"2020-12-13","purchased_purges":0,"victory":false,"max_hp_per_floor":[75,75,75,75,75,75,75,75,75,75,75,75,75,75,75,75,75,75,75,75],"card_choices":[{"not_picked":["Sadistic Nature","Thinking Ahead"],"picked":"Panache","floor":0},{"not_picked":["Streamline","Aggregate"],"picked":"Turbo","floor":1},{"not_picked":["ReplayTheSpireMod:System Scan","ReplayTheSpireMod:GoodbyeWorld"],"picked":"ReplaySolidLightProjector","floor":3},{"not_picked":["Tempest","Sunder"],"picked":"Leap","floor":6},{"not_picked":["Time Bomb","Coolheaded"],"picked":"White Noise","floor":7},{"not_picked":["Chaos","Steam"],"picked":"Gash","floor":8},{"not_picked":["BasicCrystalCard","Compile Driver"],"picked":"Turbo","floor":10},{"not_picked":["Leap","BasicCrystalCard"],"picked":"Tempest","floor":12},{"not_picked":["Undo","Doom and Gloom"],"picked":"Hello World","floor":14},{"not_picked":["ReplayTheSpireMod:Fabricate Wheel","Thunder Strike"],"picked":"Biased Cognition","floor":16},{"not_picked":["Panic Button+1","Beam Cell+1"],"picked":"FIFO Queue","floor":18}],"player_experience":82037,"relics_obtained":[{"floor":7,"key":"Replay:Bottled Flurry"},{"floor":9,"key":"Snack Pack"}],"event_choices":[{"damage_healed":0,"gold_gain":0,"player_choice":"2 cards matched","damage_taken":0,"max_hp_gain":0,"max_hp_loss":0,"event_name":"Match and Keep!","floor":2,"gold_loss":0,"cards_obtained":["Skim","Mirror Shield"]},{"damage_healed":0,"gold_gain":0,"player_choice":"Grow","damage_taken":0,"max_hp_gain":0,"max_hp_loss":0,"event_name":"Living Wall","floor":4,"gold_loss":0,"cards_upgraded":["Zap"]},{"damage_healed":0,"gold_gain":0,"player_choice":"Paid Gold","damage_taken":0,"relics_obtained":["ReplayTheSpireMod:TigerMarble"],"max_hp_gain":0,"max_hp_loss":0,"event_name":"WeMeetAgain","floor":5,"gold_loss":108}],"is_beta":false,"boss_relics":[{"not_picked":["Painkiller Herb","Replay:Wanted Poster"],"picked":"Black Star"}],"items_purged_floors":[],"is_endless":false,"potions_floor_spawned":[6,10,14],"killed_by":"2 Thieves","ascension_level":1}}