{"host":"egyxg9lnjq7g2hmw","time":1608248164,"event":{"mods":["AchievementEnabler","BaseMod","Block Reminder","Colored Map","Colored Powertips","Highlight Path","Minty Spire (QoL Compilation)","Rare Cards Sparkle","StSLib"],"gold_per_floor":[118,129,1,14,28,28,62,62,132,161,6,22,40,60,60,60,60],"floor_reached":16,"playtime":1021,"items_purged":["Strike_G","Strike_G"],"score":264,"play_id":"83e53313-5b40-4313-aabb-3df1f1c63395","local_time":"20201217153604","is_ascension_mode":true,"campfire_choices":[{"data":"Eviscerate","floor":6.0,"key":"SMITH"},{"floor":15.0,"key":"REST"}],"circlet_count":0,"master_deck":["AscendersBane","Strike_G","Strike_G","Strike_G","Defend_G","Defend_G","Defend_G","Defend_G","Defend_G","Survivor","Neutralize","Bane","Eviscerate+1","Prepared","Acrobatics","Underhanded Strike","Backflip","After Image","Escape Plan","Backflip","Outmaneuver"],"relics":["Ring of the Snake","Thread and Needle","Ornamental Fan","Anchor"],"acts_visited":["Exordium"],"potions_floor_usage":[16],"damage_taken":[{"damage":5.0,"enemies":"Cultist","floor":1.0,"turns":6.0},{"damage":4.0,"enemies":"Small Slimes","floor":2.0,"turns":4.0},{"damage":0.0,"enemies":"Jaw Worm","floor":4.0,"turns":6.0},{"damage":11.0,"enemies":"Exordium Wildlife","floor":5.0,"turns":5.0},{"damage":41.0,"enemies":"3 Sentries","floor":7.0,"turns":12.0},{"damage":0.0,"enemies":"Lagavulin","floor":10.0,"turns":6.0},{"damage":0.0,"enemies":"Lots of Slimes","floor":12.0,"turns":5.0},{"damage":0.0,"enemies":"Large Slime","floor":13.0,"turns":5.0},{"damage":0.0,"enemies":"Red Slaver","floor":14.0,"turns":5.0},{"damage":30,"enemies":"Slime Boss","floor":16,"turns":8}],"seed_played":"-5929470681801822089","potions_obtained":[{"floor":2.0,"key":"LiquidMemories"},{"floor":4.0,"key":"SkillPotion"},{"floor":13.0,"key":"SmokeBomb"}],"is_trial":false,"path_per_floor":["M","M","$","M","M","R","E","?","T","E","$","M","M","M","R","B"],"character_chosen":"THE_SILENT","items_purchased":["Prepared","SkillPotion"],"campfire_rested":1,"item_purchase_floors":[3,11],"current_hp_per_floor":[60,56,56,56,45,45,4,4,4,4,4,4,4,4,25,0,0],"gold":60,"neow_bonus":"TEN_PERCENT_HP_BONUS","is_daily":false,"chose_seed":false,"campfire_upgraded":1,"win_rate":0.0,"timestamp":1608248164,"path_taken":["M","?","?","M","M","R","E","?","T","E","?","M","?","M","R","BOSS"],"items_purchased_type":["Card","Potion"],"build_version":"2020-12-13","purchased_purges":2,"victory":false,"max_hp_per_floor":[72,72,72,72,72,72,72,72,72,72,72,72,72,72,72,72,72],"card_choices":[{"not_picked":["Outmaneuver","Flechettes"],"picked":"Bane","floor":1.0},{"not_picked":["Prepared","Riddle With Holes"],"picked":"Eviscerate","floor":2.0},{"not_picked":["Cloak And Dagger","Flying Knee"],"picked":"Acrobatics","floor":4.0},{"not_picked":["Dagger Throw","Slice"],"picked":"Underhanded Strike","floor":5.0},{"not_picked":["Corpse Explosion","All Out Attack"],"picked":"Backflip","floor":7.0},{"not_picked":["Blade Dance","Distraction"],"picked":"After Image","floor":10.0},{"not_picked":["Eviscerate","Terror"],"picked":"Escape Plan","floor":12.0},{"not_picked":["Riddle With Holes","Outmaneuver"],"picked":"Backflip","floor":13.0},{"not_picked":["Eviscerate","Acrobatics"],"picked":"Outmaneuver","floor":14.0}],"player_experience":498318,"relics_obtained":[{"floor":7.0,"key":"Thread and Needle"},{"floor":9.0,"key":"Ornamental Fan"},{"floor":10.0,"key":"Anchor"}],"event_choices":[{"damage_healed":0.0,"max_hp_gain":0.0,"max_hp_loss":0.0,"gold_gain":0.0,"event_name":"Scrap Ooze","player_choice":"Fled","floor":8.0,"gold_loss":0.0,"damage_taken":0.0}],"is_beta":false,"boss_relics":[],"items_purged_floors":[3,11],"is_endless":false,"potions_floor_spawned":[2,4,13],"killed_by":"Slime Boss","ascension_level":18}}