{"host":"2mbih8avvm91dicb","time":1608187450,"event":{"mods":["AchievementEnabler","BaseMod","Colored Powertips","Highlight Path","HololiveMod","Minty Spire (QoL Compilation)","Quick Restart","StSLib"],"gold_per_floor":[116,129,140,140,156,169,203,233,233,248,248,15,15,15,15,114,114,131,150,150,19,19,29,29,29,83,14,29,29,61,88,100,210,222,253,265,332,344,367,408,420,462,474,521,533,211,211,211,211,211,211,211,22,52,52],"floor_reached":56,"playtime":4150,"items_purged":["Regret","Clash","Limit Break","Reckless Charge"],"score":1535,"play_id":"8841dc4e-68d5-419e-ba87-007e8dc753ab","local_time":"20201217014410","is_ascension_mode":true,"campfire_choices":[{"floor":11,"key":"REST"},{"data":"Rampage","floor":13,"key":"SMITH"},{"data":"Shockwave","floor":15,"key":"SMITH"},{"data":"Corruption","floor":25,"key":"SMITH"},{"floor":32,"key":"RECALL"},{"data":"Barricade","floor":41,"key":"SMITH"},{"data":"Barricade","floor":45,"key":"SMITH"},{"data":"Blood for Blood","floor":49,"key":"SMITH"},{"data":"Bloodletting","floor":52,"key":"SMITH"}],"circlet_count":0,"master_deck":["Seeing Red+1","Second Wind+1","Hemokinesis","Thunderclap","Rampage+1","Shockwave+1","Corruption+1","Double Tap","Disarm","Bloodletting+1","Blood for Blood+1","Flame Barrier","Armaments+1","Barricade+1","Rage","Flame Barrier","Barricade+1","Entrench+1","Exhume","Armaments+1","Apotheosis","Seeing Red","Madness","Madness","Seeing Red","Exhume"],"relics":["Burning Blood","Dead Branch","Omamori","War Paint","Singing Bowl","Membership Card","Pandora\u0027s Box","Matryoshka","Bottled Tornado","Toy Ornithopter","Hololive_LightStick","MawBank","Sozu","Incense Burner","Art of War","Question Card","PreservedInsect","Bag of Preparation","Letter Opener","Thread and Needle","Nunchaku","Orichalcum"],"acts_visited":["Exordium","TheCity","TheBeyond","TheEnding"],"potions_floor_usage":[7,16,33,55],"damage_taken":[{"damage":9,"enemies":"Cultist","floor":1,"turns":4},{"damage":0,"enemies":"Small Slimes","floor":2,"turns":3},{"damage":1,"enemies":"Jaw Worm","floor":3,"turns":4},{"damage":13,"enemies":"Exordium Wildlife","floor":5,"turns":5},{"damage":12,"enemies":"Looter","floor":6,"turns":3},{"damage":25,"enemies":"3 Sentries","floor":7,"turns":7},{"damage":11,"enemies":"Blue Slaver","floor":10,"turns":5},{"damage":50,"enemies":"The Guardian","floor":16,"turns":9},{"damage":4,"enemies":"Chosen","floor":18,"turns":4},{"damage":18,"enemies":"Shell Parasite","floor":19,"turns":4},{"damage":7,"enemies":"Centurion and Healer","floor":23,"turns":5},{"damage":4,"enemies":"Snake Plant","floor":28,"turns":3},{"damage":0,"enemies":"Slavers","floor":30,"turns":4},{"damage":1,"enemies":"Chosen and Byrds","floor":31,"turns":3},{"damage":0,"enemies":"Automaton","floor":33,"turns":4},{"damage":3,"enemies":"3 Darklings","floor":35,"turns":3},{"damage":0,"enemies":"2 Orb Walkers","floor":37,"turns":3},{"damage":0,"enemies":"3 Shapes","floor":39,"turns":2},{"damage":0,"enemies":"Reptomancer","floor":40,"turns":3},{"damage":0,"enemies":"Giant Head","floor":42,"turns":3},{"damage":3,"enemies":"Nemesis","floor":44,"turns":4},{"damage":0,"enemies":"Time Eater","floor":50,"turns":9},{"damage":0,"enemies":"Shield and Spear","floor":54,"turns":2},{"damage":30,"enemies":"The Heart","floor":55,"turns":6}],"seed_played":"6612915206000426793","potions_obtained":[{"floor":1,"key":"Explosive Potion"},{"floor":2,"key":"SteroidPotion"},{"floor":5,"key":"AttackPotion"},{"floor":10,"key":"Fire Potion"},{"floor":18,"key":"Block Potion"},{"floor":19,"key":"ElixirPotion"},{"floor":23,"key":"SkillPotion"}],"is_trial":false,"path_per_floor":["M","M","M","?","M","M","E","?","T","M","R","$","R","$","R","B",null,"M","M","?","$","?","M","?","R","T","$","M","?","E","M","R","B",null,"M","?","?","?","M","E","R","E","T","E","R","$","?","?","R","B",null,"R","$","E","B",null],"character_chosen":"IRONCLAD","items_purchased":["Membership Card","Shockwave","Bottled Tornado","Flame Barrier","Apotheosis","Thread and Needle","Seeing Red","Seeing Red","Nunchaku"],"campfire_rested":1,"item_purchase_floors":[12,12,21,27,46,46,46,53,53],"current_hp_per_floor":[53,59,64,64,57,51,32,32,32,29,53,53,53,53,53,9,82,84,72,72,72,72,73,73,73,73,73,77,77,85,92,92,92,92,92,92,92,92,92,94,94,96,96,98,98,98,86,86,86,92,98,98,98,98,74],"gold":52,"neow_bonus":"ONE_RARE_RELIC","is_daily":false,"chose_seed":false,"campfire_upgraded":7,"win_rate":0.0,"timestamp":1608187450,"path_taken":["M","?","M","?","M","M","E","?","T","M","R","?","R","$","R","BOSS","M","M","?","$","?","M","?","R","T","?","?","?","E","M","R","BOSS","M","?","?","?","M","E","R","E","T","E","R","$","?","?","R","BOSS","R","$","E","BOSS"],"items_purchased_type":["Relic","Card","Relic","Card","Card","Relic","Card","Card","Relic"],"build_version":"2020-12-13","purchased_purges":4,"victory":true,"max_hp_per_floor":[80,80,80,80,80,80,80,80,80,82,82,82,82,82,82,82,82,84,84,84,84,84,86,86,86,86,86,88,88,90,92,92,92,92,92,92,92,92,92,94,94,96,96,98,98,98,98,98,98,98,98,98,98,98,98],"card_choices":[{"not_picked":["Hemokinesis","Rage"],"picked":"Seeing Red","floor":1},{"not_picked":["Heavy Blade","Shockwave"],"picked":"Second Wind","floor":2},{"not_picked":["True Grit","Combust"],"picked":"Hemokinesis","floor":3},{"not_picked":["Sword Boomerang","Dual Wield"],"picked":"Clash","floor":5},{"not_picked":["Combust","Wild Strike"],"picked":"Thunderclap","floor":6},{"not_picked":["Flex","Thunderclap"],"picked":"Rampage","floor":7},{"not_picked":["Impervious","True Grit","Perfected Strike"],"picked":"Singing Bowl","floor":10},{"not_picked":["Barricade","Berserk"],"picked":"Corruption","floor":16},{"not_picked":["Body Slam","Clash","Anger"],"picked":"Singing Bowl","floor":18},{"not_picked":["Wild Strike","Twin Strike"],"picked":"Armaments+1","floor":19},{"not_picked":["Headbutt","Anger","Thunderclap+1"],"picked":"Singing Bowl","floor":23},{"not_picked":["Clothesline","Warcry+1","Iron Wave"],"picked":"Singing Bowl","floor":28},{"not_picked":["Pommel Strike","Wild Strike+1","Searing Blow"],"picked":"Singing Bowl","floor":30},{"not_picked":["Flex","Headbutt","Iron Wave"],"picked":"Singing Bowl","floor":31},{"not_picked":["Fiend Fire","Impervious"],"picked":"Barricade","floor":33},{"not_picked":["Sword Boomerang","Clash+1"],"picked":"Entrench+1","floor":35},{"not_picked":["Flex","Metallicize+1"],"picked":"Exhume","floor":37},{"not_picked":["Shrug It Off","Wild Strike"],"picked":"Armaments+1","floor":39},{"not_picked":["Wild Strike","Warcry+1","Exhume"],"picked":"Singing Bowl","floor":40},{"not_picked":["Sever Soul+1","True Grit+1","Second Wind"],"picked":"Singing Bowl","floor":42},{"not_picked":["Wild Strike","Rupture","True Grit","Reaper"],"picked":"Singing Bowl","floor":44},{"not_picked":["Offering","True Grit","Intimidate+1"],"picked":"Exhume","floor":54}],"player_experience":85702,"relics_obtained":[{"floor":7,"key":"War Paint"},{"floor":26,"key":"Toy Ornithopter"},{"floor":26,"key":"Hololive_LightStick"},{"floor":30,"key":"MawBank"},{"floor":37,"key":"Incense Burner"},{"floor":40,"key":"Art of War"},{"floor":42,"key":"Question Card"},{"floor":43,"key":"PreservedInsect"},{"floor":43,"key":"Bag of Preparation"},{"floor":44,"key":"Letter Opener"},{"floor":54,"key":"Orichalcum"}],"event_choices":[{"damage_healed":0,"gold_gain":0,"player_choice":"Box","damage_taken":0,"relics_obtained":["Omamori"],"max_hp_gain":0,"max_hp_loss":0,"event_name":"Big Fish","floor":4,"gold_loss":0,"cards_obtained":["Regret"]},{"damage_healed":0,"gold_gain":30,"player_choice":"Searched \u00273\u0027 times","damage_taken":0,"relics_obtained":["Singing Bowl"],"max_hp_gain":0,"max_hp_loss":0,"event_name":"Dead Adventurer","floor":8,"gold_loss":0},{"damage_healed":0,"gold_gain":0,"player_choice":"Opened","damage_taken":0,"relics_obtained":["Matryoshka"],"max_hp_gain":0,"max_hp_loss":0,"event_name":"The Mausoleum","floor":20,"gold_loss":0,"cards_obtained":["Writhe"]},{"damage_healed":0,"gold_gain":0,"cards_transformed":["Bash","Clash"],"player_choice":"Became Test Subject","damage_taken":0,"max_hp_gain":0,"max_hp_loss":0,"event_name":"Drug Dealer","floor":22,"gold_loss":0,"cards_obtained":["Barricade","Rage"]},{"damage_healed":0,"gold_gain":0,"player_choice":"Ignored","damage_taken":0,"max_hp_gain":0,"max_hp_loss":0,"event_name":"Ghosts","floor":24,"gold_loss":0},{"damage_healed":0,"gold_gain":0,"player_choice":"Ignored","damage_taken":0,"max_hp_gain":0,"max_hp_loss":0,"event_name":"Vampires","floor":29,"gold_loss":0},{"cards_removed":["Fiend Fire"],"damage_healed":0,"gold_gain":0,"player_choice":"Removed Attack","damage_taken":0,"max_hp_gain":0,"max_hp_loss":0,"event_name":"Falling","floor":36,"gold_loss":0},{"damage_healed":0,"gold_gain":0,"player_choice":"Fight","damage_taken":0,"max_hp_gain":0,"max_hp_loss":0,"event_name":"Mysterious Sphere","floor":37,"gold_loss":0},{"damage_healed":0,"gold_gain":0,"player_choice":"Ignored","damage_taken":0,"max_hp_gain":0,"max_hp_loss":0,"event_name":"Tomb of Lord Red Mask","floor":38,"gold_loss":0},{"damage_healed":0,"gold_gain":0,"player_choice":"Embrace Madness","damage_taken":12,"max_hp_gain":0,"max_hp_loss":0,"event_name":"Winding Halls","floor":47,"gold_loss":0,"cards_obtained":["Madness","Madness"]},{"damage_healed":0,"gold_gain":0,"player_choice":"Got Potions","damage_taken":0,"max_hp_gain":0,"max_hp_loss":0,"event_name":"Lab","floor":48,"gold_loss":0}],"is_beta":false,"boss_relics":[{"not_picked":["Velvet Choker","Hololive_ChaosS"],"picked":"Pandora\u0027s Box"},{"not_picked":["Black Blood","SacredBark"],"picked":"Sozu"}],"items_purged_floors":[12,27,46,53],"is_endless":false,"potions_floor_spawned":[1,2,5,10,18,19,23,30,37,39,40,54],"ascension_level":1}}