{"host":"hdafziggwnbzqpcb","time":1608168587,"event":{"mods":["BaseMod","Better Vampires","Colored Map","Colored Powertips","Curses Come First","GifTheSpireLib","Minty Spire (QoL Compilation)","Quick Restart","Rare Cards Sparkle","Relic Stats","Spicy Shops","StSLib","The Bug Knight","The Cursed","TheHero"],"gold_per_floor":[114,129,144,219,144,144,159,159,159,174,174,189,40,70,70,170,170,185,200,215,65,84,84,84,114,139,49,64,64,79,52,52,152,152,167,182,57,72,72,102,102,102,102],"floor_reached":42,"playtime":2515,"items_purged":["HollowMod:Grubsong","HollowMod:Grubsong","HollowMod:MidwifesHunger+1"],"score":452,"play_id":"4052a096-9066-4da2-b814-af5123eda27e","local_time":"20201216172947","daily_mods":["Specialized","Uncertain Future","Lethality"],"is_ascension_mode":false,"campfire_choices":[{"data":"HollowMod:DoubleDash","floor":6,"key":"SMITH"},{"data":"HollowMod:DashSlash","floor":8,"key":"SMITH"},{"data":"HollowMod:CloakDash","floor":15,"key":"SMITH"},{"data":"HollowMod:ChannelNail","floor":23,"key":"SMITH"},{"floor":29,"key":"REST"},{"floor":32,"key":"REST"},{"floor":41,"key":"REST"}],"circlet_count":0,"master_deck":["HollowMod:NailStrikeStart","HollowMod:NailStrikeStart","HollowMod:NailStrikeStart","HollowMod:QuickDashStart","HollowMod:QuickDashStart","HollowMod:FocusHealStart","HollowMod:PogoStrike","HollowMod:DoubleDash+1","HollowMod:DashSlash+1","HollowMod:NewLittleFool","HollowMod:CloakDash+1","HollowMod:ChannelNail+1","HollowMod:SoulStrike+1","HollowMod:HuntersJournal+1","HollowMod:HowlingWraiths","HollowMod:SoulVessel+1","HollowMod:CycloneSlash+1","HollowMod:FastStrike+1","HollowMod:DesolateDive+1","HollowMod:SoulStrike+1"],"relics":["HollowMod:VesselMask","Question Card","Akabeko","Empty Cage","HollowMod:StagPassRelic","Red Mask","Ornamental Fan","Nunchaku","Astrolabe","HollowMod:MantisClawRelic"],"acts_visited":["Exordium","TheCity","TheBeyond"],"potions_floor_usage":[10,14,16,16,22,24,28,30,33,33,33,33,33,33,33,39,40,42,42],"damage_taken":[{"damage":9,"enemies":"Cultist","floor":1,"turns":3},{"damage":0,"enemies":"2 Louse","floor":2,"turns":2},{"damage":7,"enemies":"Jaw Worm","floor":3,"turns":4},{"damage":3,"enemies":"2 Fungi Beasts","floor":7,"turns":3},{"damage":0,"enemies":"3 Louse","floor":10,"turns":1},{"damage":6,"enemies":"Large Slime","floor":12,"turns":5},{"damage":3,"enemies":"3 Sentries","floor":14,"turns":7},{"damage":22,"enemies":"Slime Boss","floor":16,"turns":10},{"damage":0,"enemies":"Chosen","floor":18,"turns":4},{"damage":10,"enemies":"2 Thieves","floor":19,"turns":4},{"damage":23,"enemies":"Sentry and Sphere","floor":20,"turns":4},{"damage":3,"enemies":"Masked Bandits","floor":22,"turns":7},{"damage":0,"enemies":"Snake Plant","floor":24,"turns":1},{"damage":23,"enemies":"Slavers","floor":25,"turns":5},{"damage":21,"enemies":"Centurion and Healer","floor":28,"turns":5},{"damage":18,"enemies":"3 Cultists","floor":30,"turns":4},{"damage":13,"enemies":"HollowMod:NKGrimm","floor":33,"turns":6},{"damage":0,"enemies":"3 Shapes","floor":35,"turns":2},{"damage":4,"enemies":"Orb Walker","floor":36,"turns":3},{"damage":20,"enemies":"4 Shapes","floor":38,"turns":3},{"damage":0,"enemies":"Writhing Mass","floor":39,"turns":1},{"damage":55,"enemies":"Reptomancer","floor":40,"turns":5},{"damage":38,"enemies":"HollowMod:SlobberingHusk","floor":42,"turns":4}],"seed_played":"-4230686447748436371","potions_obtained":[{"floor":3,"key":"SteroidPotion"},{"floor":7,"key":"SkillPotion"},{"floor":10,"key":"Ancient Potion"},{"floor":12,"key":"Fire Potion"},{"floor":14,"key":"DuplicationPotion"},{"floor":22,"key":"SmokeBomb"},{"floor":25,"key":"BlessingOfTheForge"},{"floor":30,"key":"EntropicBrew"},{"floor":36,"key":"BlessingOfTheForge"},{"floor":38,"key":"SmokeBomb"},{"floor":40,"key":"AttackPotion"}],"is_trial":false,"path_per_floor":["M","M","M","?","$","R","M","R","T","M","?","M","$","E","R","B",null,"M","M","M","?","?","R","M","E","T","?","M","R","M","$","R","B",null,"M","M","$","M","M","E","R","M"],"character_chosen":"THE_BUGKNIGHT","items_purchased":["HollowMod:CloakDash","HollowMod:CycloneSlash"],"campfire_rested":3,"item_purchase_floors":[13,31],"current_hp_per_floor":[66,66,59,48,48,48,51,51,51,51,75,69,69,75,75,59,75,75,71,48,48,55,55,55,38,38,38,23,45,27,27,49,36,75,75,71,71,57,57,8,30,0,0],"gold":102,"neow_bonus":"","is_daily":true,"chose_seed":false,"campfire_upgraded":4,"win_rate":0.0,"timestamp":1608168587,"path_taken":["M","M","M","?","$","R","M","R","T","M","?","M","?","E","R","BOSS","M","M","M","?","?","R","M","E","T","?","M","R","M","$","R","BOSS","M","M","?","M","M","E","R","M"],"items_purchased_type":["Card","Card"],"build_version":"2020-12-13","purchased_purges":3,"victory":false,"max_hp_per_floor":[75,75,75,75,75,75,75,75,75,75,75,75,75,75,75,75,75,75,75,75,75,75,75,75,75,75,75,75,75,75,75,75,75,75,75,75,75,75,75,75,75,75,75],"relic_stats":{"Nunchaku":[10],"counters":[23,93],"Ornamental Fan":[96],"Astrolabe":["HollowMod:MidwifesHunger","HollowMod:FastStrike","HollowMod:DesolateDive"],"Question Card":16,"obtain_stats":[{"Nunchaku":26,"Ornamental Fan":25,"Astrolabe":34,"HollowMod:VesselMask":0,"Red Mask":22,"HollowMod:MantisClawRelic":40,"Question Card":9,"Empty Cage":17,"HollowMod:StagPassRelic":21,"Akabeko":14},{"Nunchaku":14,"Ornamental Fan":14,"Astrolabe":17,"HollowMod:VesselMask":0,"Red Mask":12,"HollowMod:MantisClawRelic":22,"Question Card":4,"Empty Cage":8,"HollowMod:StagPassRelic":11,"Akabeko":7},{"Nunchaku":60,"Ornamental Fan":60,"Astrolabe":75,"HollowMod:VesselMask":0,"Red Mask":54,"HollowMod:MantisClawRelic":89,"Question Card":12,"Empty Cage":35,"HollowMod:StagPassRelic":47,"Akabeko":25}]},"card_choices":[{"not_picked":["HollowMod:DescendingDark","HollowMod:MonomonsArchive"],"picked":"HollowMod:DoubleDash","floor":1},{"not_picked":["HollowMod:PureNailStrike","HollowMod:NewGlowingWomb"],"picked":"HollowMod:DashSlash","floor":2},{"not_picked":["HollowMod:SharpenedNail","HollowMod:NewGlowingWomb","HollowMod:ShadowDash"],"picked":"SKIP","floor":3},{"not_picked":["HollowMod:DesolateDive","HollowMod:DoubleDash","HollowMod:InfectionAssault"],"picked":"SKIP","floor":7},{"not_picked":["HollowMod:SoulStrike","HollowMod:DungDefenderAura","HollowMod:HeavyBlow"],"picked":"HollowMod:NewLittleFool","floor":10},{"not_picked":["HollowMod:MonomonsArchive","HollowMod:FastStrike","HollowMod:InfectionAssault","HollowMod:CoiledNail"],"picked":"SKIP","floor":12},{"not_picked":["HollowMod:theNailsmith","HollowMod:GoodIntentions","HollowMod:VengefulVoid","HollowMod:SoulEater"],"picked":"SKIP","floor":14},{"not_picked":["HollowMod:VengefulSpirit","HollowMod:LifebloodCocoon+1","HollowMod:NewJinnsSoul"],"picked":"HollowMod:ChannelNail","floor":18},{"not_picked":["HollowMod:BlackTendrils+1","HollowMod:WraithStrike","HollowMod:ChannelNail"],"picked":"HollowMod:SoulStrike","floor":19},{"not_picked":["HollowMod:FallenFury","HollowMod:InfectedCysts","HollowMod:DoubleDash"],"picked":"HollowMod:HuntersJournal+1","floor":20},{"not_picked":["HollowMod:DescendingDark+1","HollowMod:CoiledNail+1","HollowMod:QuirrelsAssistance"],"picked":"HollowMod:HowlingWraiths","floor":22},{"not_picked":["HollowMod:SiblingsSouls+1","HollowMod:SoulShaman","HollowMod:LifebloodCocoon","HollowMod:MonarchWings"],"picked":"SKIP","floor":25},{"not_picked":["HollowMod:NewInfectedGuardian","HollowMod:SiblingsSouls","HollowMod:WraithStrike","HollowMod:ChannelNail+1"],"picked":"SKIP","floor":28},{"not_picked":["HollowMod:CycloneSlash","HollowMod:LifebloodCocoon","HollowMod:BrokenVessel"],"picked":"HollowMod:SoulVessel+1","floor":30},{"not_picked":["HollowMod:SoulShaman+1","HollowMod:NewGlowingWomb","HollowMod:DoubleDash+1"],"picked":"HollowMod:SoulStrike+1","floor":35},{"not_picked":["HollowMod:MantisMark+1","HollowMod:VengefulSpirit","HollowMod:HeavyBlow+1","HollowMod:NewJinnsSoul"],"picked":"SKIP","floor":36},{"not_picked":["HollowMod:HeavyBlow+1","HollowMod:DungDefenderAura+1","HollowMod:BrokenVessel","HollowMod:ChannelNail+1"],"picked":"SKIP","floor":38},{"not_picked":["HollowMod:CornifersMapStart","HollowMod:SoulEater+1","HollowMod:SoulSplash+1","HollowMod:HuntersJournal"],"picked":"SKIP","floor":40}],"player_experience":614556,"relics_obtained":[{"floor":9,"key":"Question Card"},{"floor":14,"key":"Akabeko"},{"floor":22,"key":"Red Mask"},{"floor":25,"key":"Ornamental Fan"},{"floor":26,"key":"Nunchaku"},{"floor":40,"key":"HollowMod:MantisClawRelic"}],"event_choices":[{"damage_healed":0,"gold_gain":75,"player_choice":"Gather Gold","damage_taken":11,"max_hp_gain":0,"max_hp_loss":0,"event_name":"World of Goop","floor":4,"gold_loss":0},{"damage_healed":25,"gold_gain":0,"player_choice":"Banana","damage_taken":0,"max_hp_gain":0,"max_hp_loss":0,"event_name":"Big Fish","floor":11,"gold_loss":0},{"damage_healed":0,"gold_gain":0,"player_choice":"Fought Bandits","damage_taken":0,"max_hp_gain":0,"max_hp_loss":0,"event_name":"Masked Bandits","floor":22,"gold_loss":0},{"cards_removed":["HollowMod:Grubsong"],"damage_healed":0,"gold_gain":0,"player_choice":"Upgrade and Remove","damage_taken":0,"max_hp_gain":0,"max_hp_loss":0,"event_name":"Designer","floor":27,"gold_loss":90,"cards_upgraded":["HollowMod:SoulStrike"]}],"is_beta":false,"boss_relics":[{"not_picked":["Runic Dome","Philosopher\u0027s Stone"],"picked":"Empty Cage"},{"not_picked":["HollowMod:VoidIdolRelic","Fusion Hammer"],"picked":"Astrolabe"}],"items_purged_floors":[5,13,37],"is_endless":false,"potions_floor_spawned":[3,7,10,12,14,22,24,25,30,36,38,40],"killed_by":"HollowMod:SlobberingHusk","ascension_level":0}}