{"host":"08ybifllvpb8gqpc","time":1608164949,"event":{"mods":["Act Like it!","BaseMod","Gensokyo","Marisa????????","Minty Spire (QoL Compilation)","StSLib","The Runesmith","everything is the same but u backflip on backflip"],"gold_per_floor":[114,64,64,64,83,83,34,62,141,154,154,229,229,261,261,360,660,671,689,721,721,281,281,310,310,357,370,370,370,285,305,305,408,408,423,423,441,455,470,470,489,489,513,38,38,38,57,87,87,87],"floor_reached":51,"playtime":3052,"items_purged":["Runesmith:Strike_RS"],"score":899,"play_id":"ec1432a6-9e0c-4549-832e-3c2934f64bea","local_time":"20201216212909","is_ascension_mode":true,"campfire_choices":[{"data":"Runesmith:CraftFirestone","floor":6.0,"key":"SMITH"},{"data":"Runesmith:GrandSlam","floor":11.0,"key":"SMITH"},{"floor":13.0,"key":"REST"},{"floor":15.0,"key":"REST"},{"floor":23.0,"key":"REST"},{"data":"Runesmith:HeatedChisel","floor":28.0,"key":"SMITH"},{"data":"Runesmith:Attraction","floor":32.0,"key":"SMITH"},{"data":"Runesmith:UnlimitedPower","floor":40.0,"key":"SMITH"},{"floor":42.0,"key":"REST"},{"floor":49,"key":"REST"}],"circlet_count":0,"master_deck":["Runesmith:Defend_RS+1","Runesmith:Defend_RS+1","Runesmith:CraftFirestone+1","Runesmith:Fortify+1","Runesmith:CraftObretio","Runesmith:HeatedChisel+1","Runesmith:BackupBattery","Runesmith:HeatedChisel","Runesmith:GrandSlam+1","Runesmith:CraftVitae","Runesmith:FissionHammer","CurseOfTheBell","Runesmith:Attraction+1","Runesmith:HammerThrow+1","Runesmith:StaticCage+1","Runesmith:CraftProtectio","Runesmith:Reinforce+1","Runesmith:UnlimitedPower+1","Runesmith:ChiselStab","Runesmith:LithiumIon+1","Runesmith:Permafrost+1"],"relics":["Runesmith:BrokenRuby","War Paint","Bag of Marbles","Bottled Flame","StoneCalendar","Calling Bell","Runesmith:MiniCore","Blue Candle","Old Coin","Red Mask","Mango","TheAbacus","Turnip","Potion Belt","Ancient Tea Set","MutagenicStrength","InkBottle","Empty Cage","Art of War","Lee\u0027s Waffle","Ornamental Fan","Bag of Preparation"],"acts_visited":["Exordium","TheCity","TheBeyond"],"potions_floor_usage":[50,50],"damage_taken":[{"damage":0.0,"enemies":"Cultist","floor":1.0,"turns":5.0},{"damage":0.0,"enemies":"Small Slimes","floor":5.0,"turns":3.0},{"damage":14.0,"enemies":"3 Sentries","floor":8.0,"turns":5.0},{"damage":0.0,"enemies":"2 Louse","floor":10.0,"turns":2.0},{"damage":17.0,"enemies":"Lagavulin","floor":14.0,"turns":4.0},{"damage":0.0,"enemies":"The Guardian","floor":16.0,"turns":7.0},{"damage":0.0,"enemies":"Chosen","floor":18.0,"turns":3.0},{"damage":11.0,"enemies":"2 Thieves","floor":19.0,"turns":2.0},{"damage":29.0,"enemies":"Masked Bandits","floor":20.0,"turns":5.0},{"damage":1.0,"enemies":"Gremlin Leader","floor":24.0,"turns":7.0},{"damage":15.0,"enemies":"Shelled Parasite and Fungi","floor":27.0,"turns":5.0},{"damage":2.0,"enemies":"Chosen and Byrds","floor":31.0,"turns":4.0},{"damage":18.0,"enemies":"Collector","floor":33.0,"turns":7.0},{"damage":0.0,"enemies":"Orb Walker","floor":35.0,"turns":2.0},{"damage":16.0,"enemies":"3 Darklings","floor":37.0,"turns":7.0},{"damage":11.0,"enemies":"Writhing Mass","floor":38.0,"turns":7.0},{"damage":1.0,"enemies":"Spire Growth","floor":39.0,"turns":7.0},{"damage":9.0,"enemies":"3 Darklings","floor":41.0,"turns":6.0},{"damage":35,"enemies":"Jaw Worm Horde","floor":47,"turns":7},{"damage":45,"enemies":"Reptomancer","floor":48,"turns":8},{"damage":4,"enemies":"Awakened One","floor":50,"turns":15}],"seed_played":"-997175653043562621","potions_obtained":[{"floor":1.0,"key":"Fire Potion"},{"floor":14.0,"key":"Explosive Potion"},{"floor":18.0,"key":"Block Potion"},{"floor":19.0,"key":"Fruit Juice"},{"floor":39.0,"key":"BlessingOfTheForge"},{"floor":47,"key":"LiquidMemories"},{"floor":48,"key":"SkillPotion"}],"is_trial":false,"path_per_floor":["M","?","?","?","M","R","$","E","T","M","R","?","R","E","R","B",null,"M","M","?","?","$","R","E","?","T","M","R","?","?","M","R","B",null,"M","?","M","M","M","R","M","R","T","$","?","?","M","E","R","B",null],"character_chosen":"RUNESMITH_CLASS","items_purchased":["Runesmith:BackupBattery","Mango","TheAbacus","Lee\u0027s Waffle","Ornamental Fan"],"campfire_rested":5,"item_purchase_floors":[7,22,22,44,44],"current_hp_per_floor":[70,70,56,49,49,49,49,35,35,35,35,24,45,28,49,49,70,70,59,35,35,49,75,74,74,74,59,59,59,59,57,57,39,89,89,89,73,62,61,61,52,78,78,96,96,96,61,16,44,40],"gold":87,"neow_bonus":"RANDOM_COMMON_RELIC","is_daily":false,"chose_seed":false,"campfire_upgraded":5,"win_rate":0.0,"timestamp":1608164949,"path_taken":["M","?","?","?","M","R","?","E","T","M","R","?","R","E","R","BOSS","M","M","?","?","$","R","E","?","T","M","R","?","?","?","R","BOSS","M","?","M","M","M","R","?","R","T","$","?","?","M","E","R","BOSS"],"items_purchased_type":["Card","Relic","Relic","Relic","Relic"],"build_version":"2020-12-13","purchased_purges":1,"victory":true,"max_hp_per_floor":[70,70,70,70,70,70,70,70,70,70,70,70,70,70,70,70,70,70,70,75,75,89,89,89,89,89,89,89,89,89,89,89,89,89,89,89,89,89,89,89,89,89,89,96,96,96,96,96,96,96],"card_choices":[{"not_picked":["Runesmith:Overpower","Runesmith:ChiselStab"],"picked":"Runesmith:CraftObretio","floor":1.0},{"not_picked":["Runesmith:RuneHurl","Runesmith:UnstableHammer"],"picked":"Runesmith:HeatedChisel","floor":5.0},{"not_picked":["Runesmith:CraftSpiculum","Runesmith:Repurpose"],"picked":"Runesmith:HeatedChisel","floor":8.0},{"not_picked":["Runesmith:EarthShield","Runesmith:HeatedChisel"],"picked":"Runesmith:GrandSlam","floor":10.0},{"not_picked":["Runesmith:CraftMagma","Runesmith:RuneHurl"],"picked":"Runesmith:CraftVitae","floor":14.0},{"not_picked":["Runesmith:GenerateForcefield","Runesmith:ArcReactor"],"picked":"Runesmith:FissionHammer","floor":16.0},{"not_picked":["Runesmith:ShiftingStrike","Runesmith:HammerAndChisel"],"picked":"Runesmith:Attraction","floor":18.0},{"not_picked":["Runesmith:CraftProtectio+1","Runesmith:MakeshiftArmor"],"picked":"Runesmith:HammerThrow+1","floor":19.0},{"not_picked":["Runesmith:ElementalConversion","Runesmith:ChaoticBlast"],"picked":"Runesmith:StaticCage+1","floor":20.0},{"not_picked":["Runesmith:MetallurgicalResearch","Runesmith:HeatedChisel","Runesmith:ShiftingStrike+1"],"picked":"SKIP","floor":24.0},{"not_picked":["Runesmith:HeatedChisel","Runesmith:ShiftingStrike"],"picked":"Runesmith:CraftProtectio","floor":27.0},{"not_picked":["Runesmith:EnergizedChisel+1","Runesmith:HeatExchange+1"],"picked":"Runesmith:Reinforce+1","floor":31.0},{"not_picked":["Runesmith:ReplicatingBarrier","Runesmith:GrandSlam"],"picked":"Runesmith:UnlimitedPower","floor":33.0},{"not_picked":["Runesmith:Repurpose","Runesmith:PoweredAnvil"],"picked":"Runesmith:ChiselStab","floor":35.0},{"not_picked":["Runesmith:ElementalConversion+1","Runesmith:OneForEveryone+1"],"picked":"Runesmith:LithiumIon+1","floor":37.0},{"not_picked":["Runesmith:Electrocute+1","Runesmith:CraftMagma+1"],"picked":"Runesmith:Permafrost+1","floor":38.0},{"not_picked":["Runesmith:FieryHammer","Runesmith:StaticCage+1","Runesmith:HeatExchange"],"picked":"SKIP","floor":39.0},{"not_picked":["Runesmith:FrozenChisel","Runesmith:NanitesCloud+1","Runesmith:Repurpose"],"picked":"SKIP","floor":41.0},{"not_picked":["Runesmith:EnergizedChisel+1","Runesmith:UnstableHammer","Runesmith:Overpower"],"picked":"SKIP","floor":47},{"not_picked":["Runesmith:HammerTime+1","Runesmith:CraftReservo","Runesmith:Superposition"],"picked":"SKIP","floor":48}],"player_experience":1072497,"relics_obtained":[{"floor":8.0,"key":"Bag of Marbles"},{"floor":9.0,"key":"Bottled Flame"},{"floor":14.0,"key":"StoneCalendar"},{"floor":17.0,"key":"Runesmith:MiniCore"},{"floor":17.0,"key":"Blue Candle"},{"floor":17.0,"key":"Old Coin"},{"floor":20.0,"key":"Red Mask"},{"floor":24.0,"key":"Turnip"},{"floor":26.0,"key":"Ancient Tea Set"},{"floor":43.0,"key":"Art of War"},{"floor":48,"key":"Bag of Preparation"}],"event_choices":[{"cards_removed":["Runesmith:Defend_RS"],"damage_healed":0.0,"max_hp_gain":0.0,"max_hp_loss":0.0,"gold_gain":0.0,"event_name":"The Cleric","player_choice":"Card Removal","floor":2.0,"gold_loss":50.0,"damage_taken":0.0},{"damage_healed":0.0,"max_hp_gain":0.0,"max_hp_loss":0.0,"gold_gain":0.0,"event_name":"Shining Light","player_choice":"Entered Light","floor":3.0,"gold_loss":0.0,"damage_taken":14.0,"cards_upgraded":["Runesmith:Defend_RS","Runesmith:Strike_RS"]},{"cards_removed":["Runesmith:Strike_RS"],"damage_healed":0.0,"max_hp_gain":0.0,"max_hp_loss":0.0,"gold_gain":0.0,"event_name":"Golden Wing","player_choice":"Card Removal","floor":4.0,"gold_loss":0.0,"damage_taken":7.0},{"damage_healed":0.0,"max_hp_gain":0.0,"max_hp_loss":0.0,"gold_gain":75.0,"event_name":"World of Goop","player_choice":"Gather Gold","floor":12.0,"gold_loss":0.0,"damage_taken":11.0},{"damage_healed":0.0,"max_hp_gain":0.0,"max_hp_loss":0.0,"gold_gain":0.0,"event_name":"Masked Bandits","player_choice":"Fought Bandits","floor":20.0,"gold_loss":0.0,"damage_taken":0.0},{"cards_removed":["Runesmith:Defend_RS"],"damage_healed":0.0,"max_hp_gain":0.0,"max_hp_loss":0.0,"gold_gain":0.0,"event_name":"Back to Basics","player_choice":"Elegance","floor":21.0,"gold_loss":0.0,"damage_taken":0.0},{"damage_healed":0.0,"max_hp_gain":0.0,"max_hp_loss":0.0,"gold_gain":0.0,"event_name":"The Mausoleum","player_choice":"Opened","floor":25.0,"gold_loss":0.0,"damage_taken":0.0,"relics_obtained":["Potion Belt"],"cards_obtained":["Writhe"]},{"damage_healed":0.0,"max_hp_gain":0.0,"max_hp_loss":0.0,"gold_gain":0.0,"event_name":"Drug Dealer","player_choice":"Inject Mutagens","floor":29.0,"gold_loss":0.0,"damage_taken":0.0,"relics_obtained":["MutagenicStrength"]},{"damage_healed":0.0,"max_hp_gain":0.0,"max_hp_loss":0.0,"gold_gain":0.0,"event_name":"Addict","player_choice":"Obtained Relic","floor":30.0,"gold_loss":85.0,"damage_taken":0.0,"relics_obtained":["InkBottle"]},{"damage_healed":0.0,"max_hp_gain":0.0,"max_hp_loss":0.0,"gold_gain":0.0,"event_name":"SecretPortal","player_choice":"Ignored","floor":36.0,"gold_loss":0.0,"damage_taken":0.0},{"damage_healed":0.0,"max_hp_gain":0.0,"max_hp_loss":0.0,"gold_gain":0.0,"event_name":"Tomb of Lord Red Mask","player_choice":"Ignored","floor":45.0,"gold_loss":0.0,"damage_taken":0.0},{"cards_removed":["Runesmith:Strike_RS"],"damage_healed":0.0,"max_hp_gain":0.0,"max_hp_loss":0.0,"gold_gain":0.0,"event_name":"Falling","player_choice":"Removed Attack","floor":46.0,"gold_loss":0.0,"damage_taken":0.0}],"is_beta":false,"boss_relics":[{"not_picked":["Tiny House","Pandora\u0027s Box"],"picked":"Calling Bell"},{"not_picked":["Black Star","Astrolabe"],"picked":"Empty Cage"}],"items_purged_floors":[44],"is_endless":false,"potions_floor_spawned":[1,14,18,19,39,47,48],"ascension_level":2}}