{"host":"w6bv7e6dabj27l4i","time":1608181150,"event":{"mods":["Act Like it!","BaseMod","Colored Map","Custom Start","Downfall","Minty Spire (QoL Compilation)","Quick Restart","StSLib","Synergy Search","Unceasing Turn Reminder","slay the spire mod where everything is the same but ironclad has a cowboy hat"],"gold_per_floor":[99,131,581,581,506,534,534,534,558,591,618,637,143,162,181,181,181],"floor_reached":16,"playtime":800,"items_purged":["Regret"],"score":170,"play_id":"45132c90-fa2f-4570-a941-fcfbe20dffe1","local_time":"20201216225910","is_ascension_mode":false,"campfire_choices":[{"floor":1.0,"key":"RECALL"},{"data":"hexamod:Float","floor":5.0,"key":"SMITH"}],"circlet_count":0,"master_deck":["hexamod:Strike","hexamod:Strike","hexamod:Strike","hexamod:Strike","hexamod:Defend","hexamod:Defend","hexamod:Defend","hexamod:Defend","hexamod:Sear","hexamod:Float+1","hexamod:SecondSeal","Slimebound:Icky","Slimebound:Icky","Slimebound:Icky","hexamod:ApocalypticArmor","hexamod:ChargedBarrage","hexamod:WildfireWeapon","hexamod:SpectersWail","hexamod:EtherealExpedition","hexamod:BurningTouch","hexamod:UnleashSpirits","Magnetism","hexamod:FourthSeal","hexamod:RadiantFlame"],"relics":["hexamod:SpiritBrand","downfall:HeartsMalice","Bronze Scales","downfall:HeartBlessingRed","Strawberry","Art of War","Eternal Feather","Akabeko"],"acts_visited":["Exordium"],"potions_floor_usage":[14,14,15],"damage_taken":[{"damage":0.0,"enemies":"Gremlin Nob","floor":2.0,"turns":1.0},{"damage":0.0,"enemies":"Small Slimes","floor":4.0,"turns":1.0},{"damage":0.0,"enemies":"Lagavulin","floor":6.0,"turns":1.0},{"damage":7.0,"enemies":"Jaw Worm","floor":9.0,"turns":3.0},{"damage":47.0,"enemies":"Gremlin Nob","floor":10.0,"turns":5.0},{"damage":0.0,"enemies":"Cultist","floor":11.0,"turns":3.0},{"damage":2.0,"enemies":"3 Louse","floor":12.0,"turns":3.0},{"damage":12.0,"enemies":"downfall:FleeingMerchant","floor":13.0,"turns":4.0},{"damage":5,"enemies":"Large Slime","floor":14,"turns":7},{"damage":14,"enemies":"Blue Slaver","floor":15,"turns":3},{"damage":18,"enemies":"downfall:Ironclad","floor":16,"turns":3}],"seed_played":"-4446124569542221789","potions_obtained":[{"floor":6.0,"key":"SpeedPotion"},{"floor":9.0,"key":"Weak Potion"},{"floor":10.0,"key":"Block Potion"},{"floor":11.0,"key":"Guardian:BlockOnCardUsePotion"},{"floor":14,"key":"FairyPotion"},{"floor":14,"key":"LiquidMemories"}],"is_trial":false,"path_per_floor":["R","E","?","M","R","E","T","?","M","E","M","M","$","M","M","B"],"character_chosen":"THE_SPIRIT","items_purchased":["hexamod:UnleashSpirits","Magnetism","hexamod:FourthSeal"],"campfire_rested":0,"item_purchase_floors":[13,13,13],"current_hp_per_floor":[70,70,70,70,70,77,77,77,70,23,23,21,9,4,23,5,5],"gold":181,"neow_bonus":"THREE_ENEMY_KILL","is_daily":false,"chose_seed":false,"campfire_upgraded":1,"win_rate":0.0,"timestamp":1608181150,"path_taken":["R","E","?","M","R","E","T","?","M","E","M","M","?","?","M","BOSS"],"items_purchased_type":["Card","Card","Card"],"build_version":"2020-12-13","purchased_purges":1,"victory":false,"max_hp_per_floor":[70,70,70,70,70,77,77,77,77,77,77,77,77,77,77,77,77],"card_choices":[{"not_picked":["hexamod:InspiringFlames","hexamod:NecessarySacrifice"],"picked":"hexamod:SecondSeal","floor":2.0},{"not_picked":["hexamod:FastForward","hexamod:GhostOfSpireFuture","hexamod:RetreatToShadows"],"picked":"SKIP","floor":4.0},{"not_picked":["hexamod:HeatMetal","hexamod:SwordOfDarkness"],"picked":"hexamod:ApocalypticArmor","floor":6.0},{"not_picked":["hexamod:HauntingEcho","hexamod:NightmareGuise"],"picked":"hexamod:ChargedBarrage","floor":9.0},{"not_picked":["hexamod:SpectralSpark","hexamod:RainOfEmbers"],"picked":"hexamod:WildfireWeapon","floor":10.0},{"not_picked":["hexamod:ThermalTransfer","hexamod:GhostShield"],"picked":"hexamod:SpectersWail","floor":11.0},{"not_picked":["hexamod:Firestarter","hexamod:ThirdSeal"],"picked":"hexamod:EtherealExpedition","floor":12.0},{"not_picked":["hexamod:ThermalTransfer","hexamod:NightmareGuise"],"picked":"hexamod:BurningTouch","floor":13.0},{"not_picked":["hexamod:DynamicBlow","hexamod:AdvancingGuard"],"picked":"hexamod:RadiantFlame","floor":14},{"not_picked":["hexamod:ShieldOfDarkness","hexamod:HauntingEcho","hexamod:HexaLevel"],"picked":"SKIP","floor":15}],"player_experience":444463,"relics_obtained":[{"floor":2.0,"key":"Bronze Scales"},{"floor":6.0,"key":"Strawberry"},{"floor":7.0,"key":"Art of War"},{"floor":10.0,"key":"Akabeko"}],"event_choices":[{"damage_healed":0.0,"max_hp_gain":0.0,"max_hp_loss":0.0,"gold_gain":0.0,"event_name":"Big Fish","player_choice":"Box","floor":8.0,"gold_loss":0.0,"damage_taken":0.0,"relics_obtained":["Eternal Feather"],"cards_obtained":["Regret"]}],"is_beta":false,"boss_relics":[],"items_purged_floors":[13],"is_endless":false,"potions_floor_spawned":[6,9,10,11,14],"killed_by":"downfall:Ironclad","ascension_level":0}}