{"host":"5pvsezzv96u4cz40","time":1608224338,"event":{"mods":["2.2 Compatiblity","Act Like it!","BaseMod","BetterRewards","CapriCore","Colored Map","Colored Powertips","GifTheSpireLib","GungeonMod","Hermit","HornydragonMod","Hubris","Infinite Spire","Jorbs\u0027s Wanderer Trilogy","Lobotomy","Marisa????????","Menagerie","Minty Spire (QoL Compilation)","Remilia??????","Replay The Spire","Shop Mod","StSLib","The Bladedancer","The Exalted","The Servant 0.9.4","??????REMEMod"],"gold_per_floor":[117,136,155,155,167,198,198,198,198,198,198,208,53,53,73,83,83,194,194,212,248,263,263,69,69,101,121,121,131,131,148,171,188,188,305,405,447,488,488,488,530,530,590,590,613,613,671,730,401,445,445,445,445,445,431,500,500,500],"floor_reached":57,"playtime":4952,"items_purged":[],"score":907,"play_id":"946b38c9-a273-4a5c-a164-7ea02c79d8d9","local_time":"20201217175858","is_ascension_mode":false,"campfire_choices":[{"floor":7,"key":"REST"},{"data":"DemoMod:AWP","floor":10,"key":"SMITH"},{"data":"DemoMod:RustySidearm","floor":14,"key":"SMITH"},{"floor":17,"key":"RECALL"},{"floor":25,"key":"REST"},{"floor":42,"key":"REST"},{"data":"DemoMod:TableSutra","floor":44,"key":"SMITH"},{"data":"DemoMod:DoubleVision","floor":46,"key":"SMITH"},{"floor":51,"key":"REST"},{"data":"DemoMod:SniperShot","floor":54,"key":"SMITH"}],"circlet_count":0,"master_deck":["DemoMod:Strike_Huntress","DemoMod:Strike_Huntress","DemoMod:Strike_Huntress","DemoMod:Defend_Huntress","DemoMod:Defend_Huntress","DemoMod:Defend_Huntress","DemoMod:Roll","DemoMod:ManualReload","DemoMod:RustySidearm+1","DemoMod:CrossBow","REME_SingleHolding","DemoMod:HardPowerCard","DemoMod:AWP+1","DemoMod:GunShield+1","DemoMod:HardPowerCard","DemoMod:FeignSurrender","DemoMod:BSG+1","DemoMod:FinishedGun+1","DemoMod:BattleInHaste","DemoMod:Elimentaler+1","DemoMod:PotionOfGunFriendShip","DemoMod:SniperShot","DemoMod:Unity+1","DemoMod:MachoBrace","DemoMod:AbyssalTentacle+1","DemoMod:TableSutra+1","DemoMod:ShadowBullets+1","DemoMod:DoubleVision+1","DemoMod:SniperShot+1","Decay"],"relics":["DemoMod:Dog","REME_ComplimentaryCards","NeowsBlessing","Molten Egg 2","Snack Pack","Runic Pyramid","Onion Ring","GremlinMask","MerchantsRug","CaptainsWheel","InkBottle","infinitespire:EvilPickle","Replay:Wanted Poster","ReplayTheSpireMod:Shallot","Toy Ornithopter"],"acts_visited":["Exordium","TheCity","TheBeyond","TheEnding"],"potions_floor_usage":[5,6,18,26,26,27,29,33,35,35,47,48,52,52,56,57],"damage_taken":[{"damage":0,"enemies":"Small Slimes","floor":1,"turns":1},{"damage":0,"enemies":"Cultist","floor":2,"turns":1},{"damage":0,"enemies":"infinitespire:Voidling","floor":3,"turns":1},{"damage":0,"enemies":"3 Louse","floor":5,"turns":3},{"damage":23,"enemies":"Lagavulin","floor":6,"turns":8},{"damage":0,"enemies":"2 Fungi Beasts","floor":12,"turns":2},{"damage":3,"enemies":"Exordium Thugs","floor":15,"turns":3},{"damage":0,"enemies":"Large Slime","floor":16,"turns":4},{"damage":20,"enemies":"Slime Boss","floor":18,"turns":7},{"damage":0,"enemies":"Chosen","floor":20,"turns":3},{"damage":0,"enemies":"3 Byrds","floor":21,"turns":3},{"damage":14,"enemies":"3 Byrds","floor":22,"turns":4},{"damage":0,"enemies":"Gremlin Leader","floor":26,"turns":3},{"damage":9,"enemies":"Centurion and Healer","floor":27,"turns":3},{"damage":0,"enemies":"Snake Plant","floor":29,"turns":1},{"damage":6,"enemies":"Snecko","floor":31,"turns":3},{"damage":0,"enemies":"Sentry and Sphere","floor":32,"turns":1},{"damage":0,"enemies":"Snake Plant","floor":33,"turns":3},{"damage":55,"enemies":"Pondfish","floor":35,"turns":8},{"damage":14,"enemies":"3 Shapes","floor":37,"turns":4},{"damage":11,"enemies":"3 Darklings","floor":38,"turns":3},{"damage":24,"enemies":"4 Shapes","floor":41,"turns":2},{"damage":0,"enemies":"Maw","floor":43,"turns":7},{"damage":13,"enemies":"Sphere and 2 Shapes","floor":47,"turns":3},{"damage":8,"enemies":"3 Darklings","floor":48,"turns":2},{"damage":13,"enemies":"Spire Growth","floor":50,"turns":3},{"damage":42,"enemies":"Awakened One","floor":52,"turns":12},{"damage":6,"enemies":"Shield and Spear","floor":56,"turns":5},{"damage":87,"enemies":"The Heart","floor":57,"turns":5}],"seed_played":"-9036079386249902595","potions_obtained":[{"floor":1,"key":"Strength Potion"},{"floor":1,"key":"DistilledChaos"},{"floor":15,"key":"SkillPotion"},{"floor":22,"key":"SteroidPotion"},{"floor":26,"key":"Swift Potion"},{"floor":29,"key":"DuplicationPotion"},{"floor":31,"key":"DemoMod:LeadSkinPotion"},{"floor":33,"key":"EssenceOfSteel"},{"floor":43,"key":"EssenceOfSteel"},{"floor":47,"key":"Adrenaline Potion"},{"floor":50,"key":"Elixir"},{"floor":56,"key":"Adrenaline Potion"}],"is_trial":false,"path_per_floor":["M","M","M","?","M","E","R","PTL","PTL","R","T","M","$","R","M","M","R_BF","B",null,"M","?","M","?","$","R","E","M","T","M","AVR","M","M","M","R_BF","B",null,"M","M","?","?","M","R","M","R","T","R","M","M","$","M","R","B",null,"R","$","E","B"],"character_chosen":"HUNTRESS","items_purchased":["DemoMod:BSG+1","MerchantsRug","Toxic Potion","Explosive Potion","ReplayTheSpireMod:Shallot","Reflective Coating","DemoMod:LeadSkinPotion"],"campfire_rested":4,"item_purchase_floors":[13,24,24,24,49,49,55],"current_hp_per_floor":[70,70,70,70,70,47,68,68,68,68,68,68,68,68,65,67,67,52,70,70,70,56,56,56,70,70,61,61,63,63,59,59,61,70,27,70,58,51,51,51,29,50,58,58,58,58,45,41,41,32,53,25,70,70,70,70,0,0],"gold":500,"neow_bonus":"THREE_ENEMY_KILL","is_daily":false,"chose_seed":false,"campfire_upgraded":5,"win_rate":0.0,"timestamp":1608224338,"path_taken":["M","M","M","?","M","E","R","PTL","PTL","R","T","M","$","R","M","M","R_BF","BOSS","M","?","M","?","$","R","E","?","T","M","AVR","M","M","M","R_BF","BOSS","M","?","?","?","?","R","M","R","T","R","M","M","$","M","R","BOSS","R","$","E","BOSS"],"items_purchased_type":["Card","Relic","Potion","Potion","Relic","Potion","Undefined"],"build_version":"2020-12-13","purchased_purges":0,"victory":false,"max_hp_per_floor":[70,70,70,70,70,70,70,70,70,70,70,70,70,70,70,70,70,70,70,70,70,70,70,70,70,70,70,70,70,70,70,70,70,70,70,70,70,70,70,70,70,70,70,70,70,70,70,70,70,70,70,70,70,70,70,70,70,70],"card_choices":[{"not_picked":["DemoMod:DirectionalPad","DemoMod:HuntsMan"],"picked":"DemoMod:HardPowerCard","floor":1},{"not_picked":["DemoMod:BattleInHaste","DemoMod:RadGun"],"picked":"DemoMod:AWP","floor":2},{"not_picked":["DemoMod:SAA","DemoMod:ConditionalReflex"],"picked":"DemoMod:GunShield","floor":3},{"not_picked":["DemoMod:PracticeMakesPerfect","DemoMod:FastSwitch"],"picked":"DemoMod:HardPowerCard","floor":5},{"not_picked":["DemoMod:GunShield","DemoMod:ConditionalReflex"],"picked":"DemoMod:FeignSurrender","floor":6},{"not_picked":["DemoMod:DirectionalPad+1","DemoMod:Purify+1","DemoMod:Polaris+1"],"picked":"SKIP","floor":12},{"not_picked":["DemoMod:GunstockTap+1","DemoMod:DoubleSwitch"],"picked":"DemoMod:FinishedGun+1","floor":15},{"not_picked":["DemoMod:Ejector","DemoMod:CombinedRifle+1"],"picked":"DemoMod:BattleInHaste","floor":16},{"not_picked":["DemoMod:ThirdPartyController+1","DemoMod:Slinger"],"picked":"DemoMod:Elimentaler+1","floor":18},{"not_picked":["DemoMod:GunstockTap+1","DemoMod:ConditionalReflex"],"picked":"DemoMod:PotionOfGunFriendShip","floor":20},{"not_picked":["DemoMod:RadGun+1","DemoMod:LifeOrb+1","DemoMod:CombinedRifle+1"],"picked":"SKIP","floor":21},{"not_picked":["DemoMod:EasyReloadBullets","DemoMod:BSG+1"],"picked":"DemoMod:SniperShot","floor":22},{"not_picked":["DemoMod:Ejector+1","DemoMod:Unmoved"],"picked":"DemoMod:Unity+1","floor":26},{"not_picked":["DemoMod:DoubleSwitch","DemoMod:AbyssalTentacle+1"],"picked":"DemoMod:MachoBrace","floor":27},{"not_picked":["DemoMod:Ejector","DemoMod:BattleInHaste+1"],"picked":"DemoMod:AbyssalTentacle+1","floor":29},{"not_picked":["DemoMod:AWP+1","DemoMod:BattleInHaste"],"picked":"DemoMod:TableSutra","floor":31},{"not_picked":["DemoMod:BoxingGlove+1","DemoMod:ZorGun+1"],"picked":"DemoMod:ShadowBullets+1","floor":32},{"not_picked":["DemoMod:FinishedGun+1","DemoMod:GunstockTap+1","DemoMod:SAA+1"],"picked":"SKIP","floor":33},{"not_picked":["DemoMod:BulletBore+1","DemoMod:GunslingerForm"],"picked":"DemoMod:DoubleVision","floor":35},{"not_picked":["DemoMod:SAA+1","DemoMod:Ejector"],"picked":"DemoMod:SniperShot","floor":37},{"not_picked":["DemoMod:FastSwitch+1","DemoMod:FeignSurrender","DemoMod:ProbeStrike+1"],"picked":"SKIP","floor":38},{"not_picked":["DemoMod:Camera+1","DemoMod:FastSwitch+1","DemoMod:Purify+1"],"picked":"SKIP","floor":41},{"not_picked":["DemoMod:Camera+1","DemoMod:Polaris+1","DemoMod:ConditionalReflex+1"],"picked":"SKIP","floor":43},{"not_picked":["DemoMod:Camera+1","DemoMod:Polaris+1","DemoMod:ConditionalReflex+1"],"picked":"SKIP","floor":43},{"not_picked":["DemoMod:FastSwitch","DemoMod:GunstockTap+1","DemoMod:CombinedRifle+1"],"picked":"SKIP","floor":47},{"not_picked":["DemoMod:FastSwitch+1","DemoMod:MegaHand+1","DemoMod:BoxingGlove+1"],"picked":"SKIP","floor":48},{"not_picked":["DemoMod:Ejector","DemoMod:SkilledReload","DemoMod:FastSwitch+1"],"picked":"SKIP","floor":50},{"not_picked":["DemoMod:FortunesFavor+1","DemoMod:LifeOrb+1","DemoMod:PotionOfGunFriendShip"],"picked":"SKIP","floor":56}],"player_experience":154045,"relics_obtained":[{"floor":6,"key":"DemoMod:BigBoy"},{"floor":11,"key":"Molten Egg 2"},{"floor":15,"key":"Snack Pack"},{"floor":21,"key":"Onion Ring"},{"floor":26,"key":"CaptainsWheel"},{"floor":28,"key":"InkBottle"},{"floor":45,"key":"infinitespire:Satchel"},{"floor":56,"key":"Toy Ornithopter"}],"event_choices":[{"cards_removed":["DemoMod:Defend_Huntress"],"damage_healed":0,"gold_gain":0,"player_choice":"Purged","damage_taken":0,"max_hp_gain":0,"max_hp_loss":0,"event_name":"Purifier","floor":4,"gold_loss":0},{"damage_healed":0,"gold_gain":0,"player_choice":"Trade","damage_taken":0,"relics_obtained":["GremlinMask"],"max_hp_gain":0,"max_hp_loss":0,"event_name":"FaceTrader","floor":23,"gold_loss":0},{"damage_healed":0,"gold_gain":0,"player_choice":"Ignored","damage_taken":0,"max_hp_gain":0,"max_hp_loss":0,"event_name":"Tomb of Lord Red Mask","floor":39,"gold_loss":0},{"damage_healed":0,"gold_gain":0,"player_choice":"Cursed","damage_taken":0,"max_hp_gain":0,"max_hp_loss":0,"event_name":"Wheel of Change","floor":40,"gold_loss":0,"cards_obtained":["Decay"]}],"is_beta":false,"boss_relics":[{"not_picked":["Bromod:ArcaneGrace","Sozu"],"picked":"Runic Pyramid"},{"not_picked":["hubris:TerracottaHorce","infinitespire:Cupcake"],"picked":"Replay:Wanted Poster"}],"items_purged_floors":[],"is_endless":false,"potions_floor_spawned":[1,1,15,22,26,29,31,33,43,47,50,56],"killed_by":"The Heart","ascension_level":0}}