{"host":"wonp23fsqqcu31ie","time":1608248037,"event":{"mods":["2.2 Compatiblity","AchievementEnabler","Aspiration","BaseMod","Bestiary","Better Altar","Better Match","Better Sensory Stone","Better Skull","Better Third Choice","BetterRewards","Block Reminder","Colored Map","Colored Powertips","Conspire","DeckTracker","Displayed Cursed Tome","Downfall","Hermit","Highlight Path","Hubris","Minty Spire (QoL Compilation)","Permanent Neow","Quick Restart","Rare Cards Sparkle","Relic Stats","Replay The Spire","Shade Mod","Shop Mod","StSLib","SuperFastMode","The Animator","The Cursed","The Gatherer","The Necromancer","The Runesmith","The Servant 0.9.4"],"gold_per_floor":[130,130,146,0,31,31,59,59,59,59,105,115,152,152,152,247,247,270,240,251,63,97,151,151,192,216,216,216,263,85,85,85,198,198,219,71,71,93,93,93,114,74,74,110,110,131,159,77,77,81],"floor_reached":51,"playtime":1485,"items_purged":["Pain"],"score":1006,"play_id":"4b18efb0-7ef1-4949-a350-4a15eaeb2fdb","local_time":"20201218103357","is_ascension_mode":true,"campfire_choices":[{"floor":6,"key":"RECALL"},{"floor":8,"key":"REST"},{"floor":15,"key":"REST"},{"data":"animator:Saber","floor":24,"key":"SMITH"},{"floor":49,"key":"DIG"}],"circlet_count":0,"master_deck":["animator:Defend_Katanagatari","animator:Strike","animator:Strike","animator:Defend","animator:Defend","animator:Defend","animator:Emonzaemon","animator:DolaSchwi+1","animator:HighElfArcher","animator:Benimaru","animator:UneriGinkaku","animator:CowGirl","animator:Archer","animator:MumenRider","animator:Saber+1","animator:Rider+1","animator:RinTohsaka","animator:Urushihara","animator:Archer","animator:Shichika","animator:ChlammyZell+1","animator:Assassin","animator:Chris","animator:GuildGirl","animator:IzunaHatsuse+1","animator:Witch+1","animator:Alexander","animator:Hans","animator:Nanami","animator:GazelDwargon"],"relics":["animator:LivingPicture","animator:TheMissingPiece","HandDrill","Garlic","MerchantsRug","Thread and Needle","Bronze Scales","Juzu Bracelet","animator:BattleDrones","Busted Crown","Boot","Singing Bowl","Toy Ornithopter","Nunchaku","WarpedTongs","aspiration:ArtOfWarUpgrade","aspiration:SecretTechniqueScroll","animator:WornHelmet","ReplayTheSpireMod:TigerMarble","animator:HallowedScabbard","ClockworkSouvenir","animator:ShionDessert"],"acts_visited":["Exordium","TheCity","TheBeyond"],"potions_floor_usage":[16,16,16,23,29,33,33,33,41,50,50,50],"damage_taken":[{"damage":0,"enemies":"conspire:RoseBush","floor":1,"turns":3},{"damage":0,"enemies":"Cultist","floor":3,"turns":4},{"damage":3,"enemies":"Small Slimes","floor":5,"turns":2},{"damage":3,"enemies":"Replay:BlueRogue","floor":7,"turns":3},{"damage":3,"enemies":"3 Sentries","floor":11,"turns":6},{"damage":0,"enemies":"2 Fungi Beasts","floor":12,"turns":3},{"damage":1,"enemies":"Fading Forest","floor":16,"turns":11},{"damage":0,"enemies":"Chosen","floor":18,"turns":4},{"damage":10,"enemies":"conspire:FuzzyDice","floor":20,"turns":3},{"damage":0,"enemies":"Snake Plant","floor":22,"turns":3},{"damage":0,"enemies":"animator:HornedBat","floor":23,"turns":3},{"damage":0,"enemies":"conspire:Head Lice","floor":25,"turns":3},{"damage":8,"enemies":"3 Cultists","floor":29,"turns":4},{"damage":14,"enemies":"hubris:MusketHawk","floor":33,"turns":7},{"damage":0,"enemies":"Orb Walker","floor":35,"turns":2},{"damage":0,"enemies":"3 Shapes","floor":38,"turns":2},{"damage":0,"enemies":"Transient","floor":41,"turns":5},{"damage":0,"enemies":"R_Hoarder","floor":44,"turns":6},{"damage":15,"enemies":"Maw","floor":46,"turns":6},{"damage":0,"enemies":"4 Shapes","floor":47,"turns":5},{"damage":87,"enemies":"conspire:OrnateMirror","floor":50,"turns":6}],"seed_played":"1977522546481197649","potions_obtained":[{"floor":3,"key":"Dexterity Potion"},{"floor":7,"key":"ColorlessPotion"},{"floor":11,"key":"EssenceOfSteel"},{"floor":16,"key":"sneckomod:MuddlingPotion"},{"floor":19,"key":"Flashbang"},{"floor":19,"key":"ColorlessPotion"},{"floor":20,"key":"Energy Potion"},{"floor":25,"key":"Strength Potion"},{"floor":29,"key":"Reflective Coating"},{"floor":35,"key":"Swift Potion"},{"floor":46,"key":"Fire Potion"},{"floor":47,"key":"BlessingOfTheForge"}],"is_trial":false,"path_per_floor":["M","?","M","$","M","R","E","R","T","?","E","M","$","?","R","B",null,"M","?","M","$","M","E","R","E","T","?","?","M","$","?","R","B",null,"M","$","?","M","?","R","M","$","T","E","?","M","M","$","R_BF","B",null],"character_chosen":"THE_ANIMATOR","items_purchased":["HandDrill","Garlic","MerchantsRug","animator:DolaSchwi","Bronze Scales","BargainBundle","PowerPotion","animator:Urushihara","animator:Archer","animator:Shichika","animator:ChlammyZell+1","animator:Assassin","animator:Chris","Art of War","animator:WornHelmet","animator:GazelDwargon","ClockworkSouvenir"],"campfire_rested":2,"item_purchase_floors":[0,0,0,0,4,21,21,21,21,21,21,21,21,30,36,42,48],"current_hp_per_floor":[42,42,42,42,39,39,37,59,59,59,56,56,56,60,74,75,75,75,75,66,66,66,66,66,67,67,67,67,64,64,77,77,68,77,79,79,79,80,80,80,82,82,82,84,87,83,85,85,85,25],"gold":81,"neow_bonus":"","is_daily":false,"chose_seed":false,"campfire_upgraded":1,"win_rate":0.0,"timestamp":1608248037,"path_taken":["M","?","?","?","M","R","E","R","T","?","E","M","$","?","R","BOSS","M","?","M","$","M","E","R","E","T","?","?","M","$","?","R","BOSS","M","$","?","M","?","R","M","$","T","E","?","M","M","$","R_BF","BOSS"],"items_purchased_type":["Relic","Relic","Relic","Card","Relic","Relic","Potion","Card","Card","Card","Card","Card","Card","Relic","Relic","Card","Relic"],"build_version":"2020-12-13","purchased_purges":1,"victory":true,"max_hp_per_floor":[73,73,73,73,73,73,74,74,74,74,74,74,74,74,74,75,75,75,75,76,76,76,76,76,77,77,77,77,77,77,77,77,77,77,79,79,79,80,80,80,82,82,82,84,87,89,91,91,91,91],"relic_stats":{"Nunchaku":[12],"Busted Crown":62,"Singing Bowl":10,"counters":[21,91],"Bronze Scales":[191],"HandDrill":[36],"Juzu Bracelet":4,"Boot":[75],"obtain_stats":[{"animator:ShionDessert":49,"Singing Bowl":25,"animator:TheMissingPiece":0,"Juzu Bracelet":7,"Boot":23,"ClockworkSouvenir":48,"Nunchaku":26,"Matryoshka":9,"animator:PurgingStone":0,"Strawberry":0,"aspiration:ArtOfWarUpgrade":40,"HandDrill":0,"animator:HallowedScabbard":44,"MerchantsRug":0,"BargainBundle":21,"animator:BattleDrones":11,"Thread and Needle":0,"aspiration:SecretTechniqueScroll":34,"animator:WornHelmet":36,"WarpedTongs":28,"Busted Crown":17,"Bronze Scales":4,"animator:LivingPicture":0,"Garlic":0,"Art of War":30,"ReplayTheSpireMod:TigerMarble":43,"Toy Ornithopter":26},{"animator:ShionDessert":20,"Singing Bowl":12,"animator:TheMissingPiece":0,"Juzu Bracelet":4,"Boot":11,"ClockworkSouvenir":20,"Nunchaku":12,"Matryoshka":4,"animator:PurgingStone":0,"Strawberry":0,"aspiration:ArtOfWarUpgrade":16,"HandDrill":0,"animator:HallowedScabbard":18,"MerchantsRug":0,"BargainBundle":9,"animator:BattleDrones":5,"Thread and Needle":0,"aspiration:SecretTechniqueScroll":14,"animator:WornHelmet":15,"WarpedTongs":12,"Busted Crown":7,"Bronze Scales":2,"animator:LivingPicture":0,"Garlic":0,"Art of War":13,"ReplayTheSpireMod:TigerMarble":17,"Toy Ornithopter":12},{"animator:ShionDessert":85,"Singing Bowl":48,"animator:TheMissingPiece":0,"Juzu Bracelet":12,"Boot":45,"ClockworkSouvenir":85,"Nunchaku":48,"Matryoshka":12,"animator:PurgingStone":0,"Strawberry":0,"aspiration:ArtOfWarUpgrade":63,"HandDrill":0,"animator:HallowedScabbard":74,"MerchantsRug":0,"BargainBundle":39,"animator:BattleDrones":18,"Thread and Needle":0,"aspiration:SecretTechniqueScroll":59,"animator:WornHelmet":61,"WarpedTongs":48,"Busted Crown":32,"Bronze Scales":7,"animator:LivingPicture":0,"Garlic":0,"Art of War":52,"ReplayTheSpireMod:TigerMarble":68,"Toy Ornithopter":48}],"Toy Ornithopter":21,"WarpedTongs":[43]},"card_choices":[{"not_picked":["animator:Geryuganshoop","animator:GuildGirl"],"picked":"animator:HighElfArcher","floor":1},{"not_picked":["animator:Illya","animator:SakuraMatou"],"picked":"animator:Benimaru","floor":3},{"not_picked":["animator:Kazuma","animator:Witch"],"picked":"animator:UneriGinkaku","floor":5},{"not_picked":["animator:HighElfArcher","animator:LizardPriest"],"picked":"animator:CowGirl","floor":7},{"not_picked":["animator:Hakurou","animator:Kaijin"],"picked":"animator:Archer","floor":11},{"not_picked":["animator:DolaSchwi","animator:Sonic"],"picked":"animator:MumenRider","floor":12},{"not_picked":["animator:Sora","animator:Boros"],"picked":"animator:Saber","floor":16},{"not_picked":[],"picked":"animator:Rider+1","floor":18},{"not_picked":[],"picked":"animator:RinTohsaka","floor":20},{"not_picked":[],"picked":"animator:GuildGirl","floor":22},{"not_picked":[],"picked":"animator:IzunaHatsuse+1","floor":23},{"not_picked":[],"picked":"animator:Witch+1","floor":25},{"not_picked":[],"picked":"animator:Alexander","floor":29},{"not_picked":[],"picked":"animator:Hans","floor":33},{"not_picked":["animator:Millim+1"],"picked":"Singing Bowl","floor":35},{"not_picked":[],"picked":"animator:Nanami","floor":38},{"not_picked":["animator:Mitsurugi"],"picked":"Singing Bowl","floor":41},{"not_picked":["animator:UneriGinkaku"],"picked":"Singing Bowl","floor":44},{"not_picked":["animator:DolaSchwi"],"picked":"Singing Bowl","floor":46},{"not_picked":["animator:RinTohsaka"],"picked":"Singing Bowl","floor":47}],"player_experience":631451,"relics_obtained":[{"floor":7,"key":"Juzu Bracelet"},{"floor":9,"key":"Matryoshka"},{"floor":11,"key":"animator:BattleDrones"},{"floor":23,"key":"Boot"},{"floor":25,"key":"Singing Bowl"},{"floor":26,"key":"Toy Ornithopter"},{"floor":26,"key":"Nunchaku"},{"floor":43,"key":"ReplayTheSpireMod:TigerMarble"},{"floor":44,"key":"animator:HallowedScabbard"},{"floor":49,"key":"animator:ShionDessert"}],"event_choices":[{"damage_healed":0,"gold_gain":0,"player_choice":"Upgraded","damage_taken":0,"max_hp_gain":0,"max_hp_loss":0,"event_name":"Upgrade Shrine","floor":2,"gold_loss":0,"cards_upgraded":["animator:DolaSchwi"]},{"damage_healed":0,"gold_gain":0,"player_choice":"Ignored","damage_taken":0,"max_hp_gain":0,"max_hp_loss":0,"event_name":"Purifier","floor":10,"gold_loss":0},{"damage_healed":4,"gold_gain":0,"player_choice":"LEAVE ","damage_taken":0,"relics_obtained":[],"max_hp_gain":0,"max_hp_loss":0,"event_name":"betterSkull:BetterSkull","floor":14,"gold_loss":0,"cards_upgraded":[]},{"damage_healed":0,"gold_gain":0,"player_choice":"Bought 2 Potions","damage_taken":0,"max_hp_gain":0,"max_hp_loss":0,"event_name":"The Woman in Blue","floor":19,"gold_loss":0},{"damage_healed":0,"gold_gain":0,"player_choice":"Got Potions","damage_taken":0,"max_hp_gain":0,"max_hp_loss":0,"event_name":"Lab","floor":27,"gold_loss":0},{"damage_healed":0,"gold_gain":0,"player_choice":"Rummage","damage_taken":0,"relics_obtained":["WarpedTongs"],"max_hp_gain":0,"max_hp_loss":0,"event_name":"Accursed Blacksmith","floor":28,"gold_loss":0,"cards_obtained":["Pain"]},{"damage_healed":25,"gold_gain":0,"player_choice":"Heal","damage_taken":0,"max_hp_gain":0,"max_hp_loss":0,"event_name":"The Library","floor":31,"gold_loss":0},{"cards_removed":["animator:Azekura"],"damage_healed":0,"gold_gain":0,"player_choice":"Removed Skill","damage_taken":0,"max_hp_gain":0,"max_hp_loss":0,"event_name":"Falling","floor":37,"gold_loss":0},{"cards_removed":["animator:Strike"],"damage_healed":0,"gold_gain":0,"player_choice":"Purged","damage_taken":0,"max_hp_gain":0,"max_hp_loss":0,"event_name":"Purifier","floor":39,"gold_loss":0}],"is_beta":false,"boss_relics":[{"not_picked":["aspiration:IroncladSkillbook","hubris:RunicObelisk"],"picked":"Busted Crown"},{"not_picked":["Astrolabe","hubris:HollowSoul"],"picked":"aspiration:SecretTechniqueScroll"}],"items_purged_floors":[30],"is_endless":false,"potions_floor_spawned":[3,7,11,16,20,22,25,29,35,46,47],"ascension_level":2}}