{"host":"iptgt7xajlx4idp5","time":1608172610,"event":{"mods":["BaseMod","Bestiary","Colored Map","Minty Spire (QoL Compilation)","Rare Cards Sparkle","Slay-I"],"gold_per_floor":[115,129,143,162,181,215,42,42,66,66,66,66,20,32,32,32,32],"floor_reached":16,"playtime":900,"items_purged":["Strike_R"],"score":102,"play_id":"674f4599-e611-441d-96f4-444095292d0b","local_time":"20201216193650","is_ascension_mode":false,"campfire_choices":[{"data":"Battle Trance","floor":10,"key":"SMITH"},{"data":"Shockwave","floor":15,"key":"SMITH"}],"circlet_count":0,"master_deck":["Strike_R","Strike_R","Strike_R","Strike_R","Defend_R","Defend_R","Defend_R","Defend_R","Pummel","Flame Barrier","Iron Wave","Shockwave+1","Battle Trance+1","Shrug It Off","Jack Of All Trades","Flex","Cleave"],"relics":["Burning Blood","PreservedInsect","MealTicket"],"acts_visited":["Exordium"],"potions_floor_usage":[14],"damage_taken":[{"damage":1,"enemies":"Cultist","floor":1,"turns":4},{"damage":7,"enemies":"2 Louse","floor":2,"turns":3},{"damage":2,"enemies":"Jaw Worm","floor":3,"turns":5},{"damage":2,"enemies":"Blue Slaver","floor":4,"turns":5},{"damage":3,"enemies":"2 Fungi Beasts","floor":5,"turns":4},{"damage":30,"enemies":"3 Sentries","floor":6,"turns":11},{"damage":1,"enemies":"Lots of Slimes","floor":14,"turns":3},{"damage":88,"enemies":"Slime Boss","floor":16,"turns":12}],"seed_played":"-7257176879027259934","potions_obtained":[{"floor":2,"key":"Swift Potion"},{"floor":3,"key":"Block Potion"},{"floor":5,"key":"Weak Potion"},{"floor":6,"key":"GamblersBrew"}],"is_trial":false,"path_per_floor":["M","M","M","M","M","E","$","?","T","R","$","?","$","M","R","B"],"character_chosen":"IRONCLAD","items_purchased":["Jack Of All Trades","Flex"],"campfire_rested":0,"item_purchase_floors":[7,13],"current_hp_per_floor":[80,79,80,80,80,56,56,56,56,56,71,76,85,85,85,0,0],"gold":32,"neow_bonus":"TRANSFORM_CARD","is_daily":false,"chose_seed":false,"campfire_upgraded":2,"win_rate":0.0,"timestamp":1608172610,"path_taken":["M","M","M","M","M","E","?","?","T","R","$","?","?","?","R","BOSS"],"items_purchased_type":["Card","Card"],"build_version":"2020-12-13","purchased_purges":1,"victory":false,"max_hp_per_floor":[80,80,80,80,80,80,80,80,80,80,80,85,85,85,85,85,85],"card_choices":[{"not_picked":["Body Slam","Thunderclap"],"picked":"Flame Barrier","floor":1},{"not_picked":["Seeing Red","Headbutt"],"picked":"Iron Wave","floor":2},{"not_picked":["Pummel","True Grit"],"picked":"Shockwave","floor":3},{"not_picked":["Body Slam","Flex"],"picked":"Battle Trance","floor":4},{"not_picked":["True Grit","Spot Weakness","Brutality"],"picked":"SKIP","floor":5},{"not_picked":["Body Slam","Clothesline"],"picked":"Shrug It Off","floor":6},{"not_picked":["Pummel","Sever Soul"],"picked":"Cleave","floor":14}],"player_experience":488964,"relics_obtained":[{"floor":6,"key":"PreservedInsect"},{"floor":9,"key":"MealTicket"}],"event_choices":[{"damage_healed":0,"gold_gain":0,"player_choice":"Fled","damage_taken":0,"max_hp_gain":0,"max_hp_loss":0,"event_name":"Scrap Ooze","floor":8,"gold_loss":0},{"damage_healed":0,"gold_gain":0,"player_choice":"Donut","damage_taken":0,"max_hp_gain":5,"max_hp_loss":0,"event_name":"Big Fish","floor":12,"gold_loss":0}],"is_beta":false,"boss_relics":[],"items_purged_floors":[7],"is_endless":false,"potions_floor_spawned":[2,3,5,6],"killed_by":"Slime Boss","ascension_level":0}}