{"host":"3qkmyeoym75lj4wn","time":1608224099,"event":{"mods":["2.2 Compatiblity","BaseMod","Block Reminder","Colored Powertips","Downfall","Highlight Path","Minty Spire (QoL Compilation)","Permanent Neow","Potion Indicator Mod","Rare Cards Sparkle","Relic Stats","StSLib"],"gold_per_floor":[99,110,110,13,23,52,52,52,86,11,30,43,43,63,77,175,175,25,53,53,53,53,53,53,13,13,39,135,135,135,152,167,267,267,267,284,284,302,302,302,302,302,312,312,312,359,20,36,50,50,50,50,50],"floor_reached":52,"playtime":3186,"items_purged":["Slimebound:Tackle"],"score":721,"play_id":"3b282527-4d17-40af-b91d-7c3654007bf6","local_time":"20201217165459","is_ascension_mode":false,"campfire_choices":[{"data":"Slimebound:Split","floor":1,"key":"SMITH"},{"data":"Slimebound:DisruptingSlam","floor":8,"key":"SMITH"},{"floor":10,"key":"RECALL"},{"data":"Slimebound:GoopSpray","floor":18,"key":"SMITH"},{"data":"Slimebound:SlimeTap","floor":22,"key":"PURGE"},{"data":"Slimebound:RollThrough","floor":26,"key":"SMITH"},{"data":"Slimebound:RollThrough","floor":35,"key":"SMITH"},{"data":"Slimebound:MassRepurpose","floor":37,"key":"PURGE"},{"data":"Slimebound:LevelUp","floor":40,"key":"SMITH"},{"data":"Slimebound:MassRepurpose","floor":42,"key":"SMITH"},{"data":"Slimebound:SplitMire","floor":44,"key":"SMITH"}],"circlet_count":0,"master_deck":["Slimebound:Defend_Slimebound+1","Slimebound:Defend_Slimebound+1","Slimebound:Defend_Slimebound+1","Slimebound:Defend_Slimebound+1","Slimebound:Split+1","Slimebound:CorrosiveSpit+1","Slimebound:RollThrough+1","Slimebound:LivingWall","Flash of Steel","Slimebound:DisruptingSlam+1","Slimebound:Schlurp","Slimebound:GoopSpray+1","Slimebound:FinishingTackle+1","Slimebound:Tackle+1","Slimebound:Tackle+1","Slimebound:Tackle+1","Slimebound:SplitAcid","Slimebound:SplitMire+1","Slimebound:SlimeSpikes+1","Slimebound:Nibble+1","Slimebound:LevelUp+1","expansioncontent:SuperHexaguard","Slimebound:RollThrough+1","Slimebound:SamplingLick","Slimebound:MassRepurpose+1","Slimebound:SlimeSpikes+1","Slimebound:SamplingLick+1","Slimebound:SplitAcid"],"relics":["Slimebound:AbsorbEndCombat","Slimebound:AggressiveSlimeRelic","Ornamental Fan","downfall:HeartBlessingBlue","Slimebound:ScrapOozeRelic","Philosopher\u0027s Stone","downfall:HeartBlessingGreen","downfall:HeartBlessingRed","Calipers","Torii","Omamori","SacredBark","HornCleat","Gambling Chip","Bottled Flame"],"acts_visited":["Exordium","TheCity","TheBeyond","TheEnding"],"potions_floor_usage":[16,33,33,50,50],"damage_taken":[{"damage":8,"enemies":"Jaw Worm","floor":2,"turns":5},{"damage":2,"enemies":"downfall:FleeingMerchant","floor":4,"turns":4},{"damage":8,"enemies":"Cultist","floor":5,"turns":2},{"damage":26,"enemies":"Gremlin Nob","floor":6,"turns":4},{"damage":36,"enemies":"Lagavulin","floor":9,"turns":6},{"damage":4,"enemies":"2 Louse","floor":11,"turns":2},{"damage":4,"enemies":"Blue Slaver","floor":12,"turns":3},{"damage":4,"enemies":"Exordium Wildlife","floor":14,"turns":2},{"damage":12,"enemies":"2 Fungi Beasts","floor":15,"turns":3},{"damage":70,"enemies":"downfall:Defect","floor":16,"turns":7},{"damage":28,"enemies":"Gremlin Leader","floor":19,"turns":5},{"damage":20,"enemies":"downfall:FleeingMerchant","floor":25,"turns":4},{"damage":37,"enemies":"Slavers","floor":27,"turns":3},{"damage":33,"enemies":"downfall:FleeingMerchant","floor":28,"turns":4},{"damage":26,"enemies":"Shell Parasite","floor":31,"turns":3},{"damage":12,"enemies":"Chosen","floor":32,"turns":3},{"damage":24,"enemies":"downfall:Silent","floor":33,"turns":6},{"damage":26,"enemies":"3 Darklings","floor":36,"turns":3},{"damage":17,"enemies":"Orb Walker","floor":38,"turns":3},{"damage":16,"enemies":"Spire Growth","floor":43,"turns":4},{"damage":5,"enemies":"2 Orb Walkers","floor":46,"turns":4},{"damage":17,"enemies":"Jaw Worm Horde","floor":48,"turns":3},{"damage":16,"enemies":"Transient","floor":49,"turns":5},{"damage":20,"enemies":"downfall:Watcher","floor":50,"turns":4},{"damage":139,"enemies":"downfall:CharBossMerchant","floor":52,"turns":7}],"seed_played":"-2534768116718701797","potions_obtained":[{"floor":5,"key":"LiquidMemories"},{"floor":9,"key":"Guardian:BlockOnCardUsePotion"},{"floor":11,"key":"CultistPotion"},{"floor":12,"key":"Fruit Juice"},{"floor":27,"key":"AttackPotion"},{"floor":33,"key":"Guardian:BlockOnCardUsePotion"},{"floor":46,"key":"Weak Potion"}],"is_trial":false,"path_per_floor":["R","M","?","$","M","E","T","R","E","R","M","M","?","M","M","B",null,"R","E","?","?","R","?","T","$","R","E","$","?","$","M","M","B",null,"R","M","R","M","?","R","T","R","M","R","?","?","$","M","M","B",null,"E"],"character_chosen":"SLIMEBOUND","items_purchased":["Flash of Steel","Slimebound:SplitMire","Slimebound:LevelUp","expansioncontent:SuperHexaguard","Slimebound:ThreeZeroPotion","Bottled Flame"],"campfire_rested":0,"item_purchase_floors":[4,25,28,28,47,47],"current_hp_per_floor":[60,60,60,60,60,44,44,44,30,40,42,48,48,50,54,17,75,75,65,65,65,65,65,65,63,63,48,47,39,39,29,35,43,75,75,75,75,74,74,74,74,74,75,75,75,75,75,75,75,75,75,0,0],"gold":50,"neow_bonus":"RANDOM_COMMON_RELIC","is_daily":false,"chose_seed":false,"campfire_upgraded":8,"win_rate":0.0,"timestamp":1608224099,"path_taken":["R","M","?","$","?","E","T","R","E","R","M","?","?","M","M","BOSS","R","E","?","?","R","?","T","?","R","E","$","?","$","M","M","BOSS","R","M","R","M","?","R","T","R","M","R","?","?","$","M","M","BOSS","E"],"items_purchased_type":["Card","Card","Card","Card","Potion","Relic"],"build_version":"2020-12-13","purchased_purges":1,"victory":false,"max_hp_per_floor":[60,60,60,60,60,60,60,60,60,70,70,70,70,70,70,75,75,75,75,75,75,75,75,75,75,75,75,75,75,75,75,75,75,75,75,75,75,75,75,75,75,75,75,75,75,75,75,75,75,75,75,75,75],"relic_stats":{"Torii":19,"counters":[25,96],"Ornamental Fan":[48],"Gambling Chip":[1],"obtain_stats":[{"Slimebound:AggressiveSlimeRelic":6,"Calipers":19,"Slimebound:ScrapOozeRelic":13,"downfall:HeartBlessingRed":18,"Torii":24,"SacredBark":34,"downfall:HeartBlessingGreen":18,"Omamori":27,"War Paint":0,"Bottled Flame":47,"HornCleat":41,"Ornamental Fan":9,"downfall:HeartBlessingBlue":10,"Gambling Chip":46,"Philosopher\u0027s Stone":17,"Slimebound:AbsorbEndCombat":0},{"Slimebound:AggressiveSlimeRelic":4,"Calipers":11,"Slimebound:ScrapOozeRelic":7,"downfall:HeartBlessingRed":10,"Torii":11,"SacredBark":17,"downfall:HeartBlessingGreen":10,"Omamori":13,"War Paint":0,"Bottled Flame":21,"HornCleat":19,"Ornamental Fan":5,"downfall:HeartBlessingBlue":5,"Gambling Chip":21,"Philosopher\u0027s Stone":10,"Slimebound:AbsorbEndCombat":0},{"Slimebound:AggressiveSlimeRelic":14,"Calipers":42,"Slimebound:ScrapOozeRelic":25,"downfall:HeartBlessingRed":37,"Torii":42,"SacredBark":64,"downfall:HeartBlessingGreen":37,"Omamori":48,"War Paint":0,"Bottled Flame":77,"HornCleat":69,"Ornamental Fan":20,"downfall:HeartBlessingBlue":20,"Gambling Chip":77,"Philosopher\u0027s Stone":37,"Slimebound:AbsorbEndCombat":0}]},"card_choices":[{"not_picked":["Slimebound:LeechingTouch","Slimebound:GrowthPunch"],"picked":"Slimebound:RollThrough","floor":2},{"not_picked":["Slimebound:SlimeBrawl","Slimebound:PressTheAttack"],"picked":"Slimebound:LivingWall","floor":4},{"not_picked":["Slimebound:AcidTongue","Slimebound:ViciousTackle"],"picked":"Slimebound:DisruptingSlam","floor":5},{"not_picked":["Slimebound:SplitLeeching","Slimebound:FinishingTackle"],"picked":"Slimebound:SlimeTap","floor":6},{"not_picked":["Slimebound:SplitLeeching","Slimebound:SplitAcid"],"picked":"Slimebound:Schlurp","floor":9},{"not_picked":["Slimebound:ComboTackle","Slimebound:SplitBruiser","Slimebound:SplitLeeching"],"picked":"SKIP","floor":11},{"not_picked":["Slimebound:SlimeTap","Slimebound:Schlurp"],"picked":"Slimebound:GoopSpray","floor":12},{"not_picked":["Slimebound:LivingWall","Slimebound:SplitLeeching"],"picked":"Slimebound:HauntingLick","floor":14},{"not_picked":["Slimebound:SlimeSpikes","Slimebound:DisruptingSlam","Slimebound:ComboTackle"],"picked":"SKIP","floor":15},{"not_picked":["Slimebound:DouseInSlime","Slimebound:RallyTheTroops"],"picked":"Slimebound:MassRepurpose","floor":16},{"not_picked":["Slimebound:SplitLeeching","Slimebound:DisruptingSlam"],"picked":"Slimebound:FinishingTackle+1","floor":19},{"not_picked":["Slimebound:SplitLeeching","Slimebound:Chomp+1"],"picked":"Slimebound:SplitAcid","floor":25},{"not_picked":["Slimebound:Schlurp","Slimebound:SplitBruiser"],"picked":"Slimebound:SlimeSpikes+1","floor":27},{"not_picked":["Slimebound:LivingWall","Slimebound:Chomp"],"picked":"Slimebound:Nibble","floor":28},{"not_picked":["Slimebound:Equalize","Slimebound:SplitMire"],"picked":"Slimebound:RollThrough","floor":31},{"not_picked":["Slimebound:SplitMire","Slimebound:RainOfGoop"],"picked":"Slimebound:SamplingLick","floor":32},{"not_picked":["Slimebound:WasteNot","Slimebound:RallyTheTroops"],"picked":"Slimebound:MassRepurpose","floor":33},{"not_picked":["Slimebound:PressTheAttack","Slimebound:SamplingLick"],"picked":"Slimebound:SlimeSpikes+1","floor":36},{"not_picked":["Slimebound:Equalize+1","Slimebound:Nibble+1"],"picked":"Slimebound:SamplingLick+1","floor":38},{"not_picked":["Slimebound:DisruptingSlam+1","Slimebound:RollThrough+1","Slimebound:GrowthPunch+1"],"picked":"SKIP","floor":43},{"not_picked":["Slimebound:TongueLash+1","Slimebound:LeechEnergy+1","Slimebound:GrowthPunch+1"],"picked":"SKIP","floor":48},{"not_picked":["Slimebound:Replication","Slimebound:SpikyOuterGoop+1"],"picked":"Slimebound:SplitAcid","floor":49}],"player_experience":1595111,"relics_obtained":[{"floor":6,"key":"Slimebound:AggressiveSlimeRelic"},{"floor":9,"key":"Ornamental Fan"},{"floor":19,"key":"Calipers"},{"floor":24,"key":"Torii"},{"floor":27,"key":"Omamori"},{"floor":41,"key":"HornCleat"},{"floor":46,"key":"Gambling Chip"}],"event_choices":[{"damage_healed":0,"gold_gain":0,"player_choice":"Ignored","damage_taken":0,"max_hp_gain":0,"max_hp_loss":0,"event_name":"NoteForYourself","floor":3,"gold_loss":0},{"damage_healed":0,"gold_gain":0,"player_choice":"Simplicity","damage_taken":0,"max_hp_gain":0,"max_hp_loss":0,"event_name":"Back to Basics","floor":23,"gold_loss":0,"cards_upgraded":["Slimebound:Defend_Slimebound","Slimebound:Defend_Slimebound","Slimebound:Defend_Slimebound"]},{"cards_removed":["Slimebound:HauntingLick"],"damage_healed":0,"gold_gain":0,"player_choice":"Removed Skill","damage_taken":0,"max_hp_gain":0,"max_hp_loss":0,"event_name":"Falling","floor":39,"gold_loss":0},{"damage_healed":0,"gold_gain":0,"player_choice":"Fight","damage_taken":0,"max_hp_gain":0,"max_hp_loss":0,"event_name":"Mysterious Sphere","floor":46,"gold_loss":0}],"is_beta":false,"boss_relics":[{"not_picked":["Busted Crown","Ectoplasm"],"picked":"Philosopher\u0027s Stone"},{"not_picked":["Pandora\u0027s Box","Runic Pyramid"],"picked":"SacredBark"}],"items_purged_floors":[28],"is_endless":false,"potions_floor_spawned":[5,9,11,12,27,32,33,46,48,49],"killed_by":"downfall:CharBossMerchant","ascension_level":0}}