{"host":"y30n8hbqlqxhztg8","time":1608240547,"event":{"mods":["A Magickal Journey","AchievementEnabler","BaseMod","BetterRewards","Block Reminder","CatGirl Mod","Colored Map","Conspire","Downfall","GifTheSpireLib","Glutton Mod","Hubris","Infinite Spire","Koishi","Lobotomy","LobotomyExtend","Marisa????????","Minty Spire (QoL Compilation)","Prisma Mod","Replay The Spire","Shop Mod","Somnambulant","StSLib","Stuff the Spire","The Factory","The Forsaken","The Jungle","[IsaacMod]????"],"gold_per_floor":[109,127,127,137,137,137,137,137,137,137,151,151,169,169,169,169,169],"floor_reached":16,"playtime":392,"items_purged":[],"score":90,"play_id":"fbb6404c-5395-4660-9061-f3a875127d29","local_time":"20201217132907","is_ascension_mode":false,"campfire_choices":[{"data":"Storm","floor":6,"key":"SMITH"},{"data":"Defend_B","floor":8,"key":"SMITH"},{"data":"Defend_B","floor":10,"key":"SMITH"},{"data":"Defend_B","floor":15,"key":"SMITH"}],"circlet_count":0,"master_deck":["Strike_B","Strike_B","Strike_B","Strike_B+1","Defend_B+1","Defend_B+1","Defend_B+1","Defend_B","Zap+1","Dualcast","Chill+1","Storm+1","ReplayTheSpireMod:Dual Polarity","Barrage"],"relics":["Cracked Core","HushsDoor","GuppysTail","LetterFromLob","Moonlight_r","YumHeart"],"acts_visited":["Exordium"],"potions_floor_usage":[11,13],"damage_taken":[{"damage":1,"enemies":"Cultist","floor":1,"turns":4},{"damage":0,"enemies":"Small Slimes","floor":2,"turns":3},{"damage":2,"enemies":"2 Louse","floor":4,"turns":2},{"damage":0,"enemies":"Lots of Slimes","floor":11,"turns":3},{"damage":0,"enemies":"Exordium Wildlife","floor":13,"turns":5},{"damage":15,"enemies":"Fading Forest","floor":16,"turns":4}],"seed_played":"-6301533919570095485","potions_obtained":[{"floor":4,"key":"Toxic Potion"},{"floor":11,"key":"Guardian:BlockOnCardUsePotion"}],"is_trial":false,"path_per_floor":["M","M","?","M","?","R","M","R","T","R","M","$","M","$","R","B"],"character_chosen":"DEFECT","items_purchased":[],"campfire_rested":0,"item_purchase_floors":[],"current_hp_per_floor":[81,81,81,79,79,79,1,1,1,1,1,1,1,1,1,0,0],"gold":169,"neow_bonus":"TEN_PERCENT_HP_BONUS","is_daily":false,"chose_seed":false,"campfire_upgraded":4,"win_rate":0.0,"timestamp":1608240547,"path_taken":["M","?","?","M","?","R","M","R","T","R","M","$","M","?","R","BOSS"],"items_purchased_type":[],"build_version":"2020-12-13","purchased_purges":0,"victory":false,"max_hp_per_floor":[82,82,82,82,82,82,1,1,1,1,1,1,1,1,1,1,1],"card_choices":[{"not_picked":["Hello World","Sweeping Beam"],"picked":"Chill","floor":1},{"not_picked":["StuffTheSpire:LoadUp","Heatsinks","Turbo"],"picked":"SKIP","floor":2},{"not_picked":["Coolheaded","Panic Button"],"picked":"Storm","floor":4},{"not_picked":["Capacitor","Streamline"],"picked":"ReplayTheSpireMod:Dual Polarity","floor":11},{"not_picked":["Stack","StuffTheSpire:Synthwave"],"picked":"Barrage","floor":13}],"player_experience":75931,"relics_obtained":[{"floor":1,"key":"LetterFromLob"},{"floor":9,"key":"YumHeart"}],"event_choices":[{"damage_healed":0,"gold_gain":0,"player_choice":"Grow","damage_taken":0,"max_hp_gain":0,"max_hp_loss":0,"event_name":"Living Wall","floor":3,"gold_loss":0,"cards_upgraded":["Zap"]}],"is_beta":false,"boss_relics":[],"items_purged_floors":[],"is_endless":false,"potions_floor_spawned":[4,11],"killed_by":"Fading Forest","ascension_level":0}}