{"host":"gkm149kh1ihaqy0o","time":1608166381,"event":{"mods":["AchievementEnabler","BaseMod","Colored Powertips","Googly Eyes","Key Reminder","Minty Spire (QoL Compilation)","Permanent Neow","Quick Restart","Random Character Button","Rare Cards Sparkle","Relic Sorter","Relic Stats","SuperFastMode","Unceasing Turn Reminder","everything is the same but u backflip on backflip"],"gold_per_floor":[114,39,39,114,34,34,34,49,49,49,49,49,49,79,79,79,79],"floor_reached":16,"playtime":264,"items_purged":["Strike_B"],"score":144,"play_id":"6a45fdc9-d91a-4260-9c46-c4a219386ea4","local_time":"20201216185301","daily_mods":["Specialized","Flight","Lethality"],"is_ascension_mode":false,"campfire_choices":[{"data":"White Noise","floor":6,"key":"SMITH"},{"data":"White Noise","floor":7,"key":"SMITH"},{"data":"White Noise","floor":11,"key":"SMITH"},{"data":"White Noise","floor":12,"key":"SMITH"},{"floor":15,"key":"REST"}],"circlet_count":0,"master_deck":["Strike_B","Strike_B","Strike_B","Defend_B","Defend_B","Defend_B","Defend_B","Zap","Dualcast","White Noise+1","White Noise+1","White Noise+1","White Noise+1","White Noise+1","Self Repair","Defragment","Conserve Battery"],"relics":["Cracked Core","Pear","Strawberry","Bottled Lightning"],"acts_visited":["Exordium"],"potions_floor_usage":[16],"damage_taken":[{"damage":11,"enemies":"Cultist","floor":1,"turns":4},{"damage":3,"enemies":"2 Louse","floor":8,"turns":2},{"damage":26,"enemies":"3 Sentries","floor":14,"turns":3},{"damage":58,"enemies":"Hexaghost","floor":16,"turns":4}],"seed_played":"-4230686447748436371","potions_obtained":[{"floor":14,"key":"Dexterity Potion"}],"is_trial":false,"path_per_floor":["M","$","?","?","$","R","R","M","T","?","R","R","?","E","R","B"],"character_chosen":"DEFECT","items_purchased":["Defragment"],"campfire_rested":1,"item_purchase_floors":[5],"current_hp_per_floor":[64,64,64,53,53,53,53,57,67,67,67,67,49,30,57,0,0],"gold":79,"neow_bonus":"","is_daily":true,"chose_seed":false,"campfire_upgraded":4,"win_rate":0.0,"timestamp":1608166381,"path_taken":["M","$","?","?","?","R","R","M","T","?","R","R","?","E","R","BOSS"],"items_purchased_type":["Card"],"build_version":"2020-12-13","purchased_purges":1,"victory":false,"max_hp_per_floor":[75,75,75,75,75,75,75,75,85,85,85,85,92,92,92,92,92],"relic_stats":{"counters":[4,13],"obtain_stats":[{"Pear":9,"Strawberry":13,"Bottled Lightning":14,"Cracked Core":0},{"Pear":2,"Strawberry":2,"Bottled Lightning":3,"Cracked Core":0},{"Pear":6,"Strawberry":6,"Bottled Lightning":9,"Cracked Core":0}]},"card_choices":[{"not_picked":["Redo","Ball Lightning"],"picked":"Self Repair","floor":1},{"not_picked":["Leap","Barrage","Lockon"],"picked":"SKIP","floor":8},{"not_picked":["Cold Snap","Rebound"],"picked":"Conserve Battery","floor":14}],"player_experience":580385,"relics_obtained":[{"floor":9,"key":"Pear"},{"floor":14,"key":"Bottled Lightning"}],"event_choices":[{"damage_healed":0,"gold_gain":0,"player_choice":"Grow","damage_taken":0,"max_hp_gain":0,"max_hp_loss":0,"event_name":"Living Wall","floor":3,"gold_loss":0,"cards_upgraded":["White Noise"]},{"damage_healed":0,"gold_gain":75,"player_choice":"Gather Gold","damage_taken":11,"max_hp_gain":0,"max_hp_loss":0,"event_name":"World of Goop","floor":4,"gold_loss":0},{"damage_healed":0,"gold_gain":0,"player_choice":"Leave","damage_taken":0,"max_hp_gain":0,"max_hp_loss":0,"event_name":"The Cleric","floor":10,"gold_loss":0},{"damage_healed":0,"gold_gain":0,"player_choice":"Success","damage_taken":25,"relics_obtained":["Strawberry"],"max_hp_gain":0,"max_hp_loss":0,"event_name":"Scrap Ooze","floor":13,"gold_loss":0}],"is_beta":false,"boss_relics":[],"items_purged_floors":[2],"is_endless":false,"potions_floor_spawned":[14],"killed_by":"Hexaghost","ascension_level":0}}