{"host":"iml8x8es9od4zowg","time":1608213041,"event":{"mods":["BaseMod","Minty Spire (QoL Compilation)","StSLib","The Jungle","¡¼?Úª?ø«¡½REMEMod"],"gold_per_floor":[109,34,34,34,52,95,95,136,136,159,203,222,222,124,124,245,245,289,302,302,302,22,22,61,84,129,173,173,192,225,74,74,193,193,211,234,254,274,295,295,295,320,396,431,454,474,129,144,144,144,144,144,30,65,65,65],"floor_reached":55,"playtime":4417,"items_purged":["Regret","Strike_B","Pain"],"score":866,"play_id":"70d49e3c-0f32-426a-862c-d69b25ed546a","local_time":"20201217225041","is_ascension_mode":true,"campfire_choices":[{"data":"REME_ProfessionalPlagiarism","floor":7,"key":"SMITH"},{"floor":15,"key":"REST"},{"data":"Electrodynamics","floor":23,"key":"SMITH"},{"data":"Zap","floor":28,"key":"SMITH"},{"floor":32,"key":"REST"},{"floor":40,"key":"RECALL"},{"floor":49,"key":"REST"},{"data":"Defragment","floor":52,"key":"SMITH"}],"circlet_count":0,"master_deck":["Strike_B","Strike_B","Defend_B+1","Defend_B","Defend_B","Defend_B","Zap+1","Dualcast","REME_ProfessionalPlagiarism+1","Lockon","Turbo","Conserve Battery+1","Barrage","Hologram+1","Skim+1","Panacea+1","Electrodynamics+1","CurseOfTheBell","Conserve Battery+1","Turbo+1","Apotheosis+1","REME_Compress+1","Capacitor","Thunder Strike+1","Tempest+1","Heatsinks","Static Discharge+1","Parasite","Tempest+1","White Noise+1","Decay","REME_SelfUpgrade","Turbo+1","Defragment+1","Loop","White Noise+1","White Noise+1"],"relics":["Cracked Core","REME_ComplimentaryCards","Golden Idol","StoneCalendar","Blue Candle","Toxic Egg 2","Molten Egg 2","Calling Bell","Happy Flower","White Beast Statue","Unceasing Top","Strawberry","Mummified Hand","Regal Pillow","DataDisk","PreservedInsect","Tiny Chest","Cursed Key","Vajra","Pantograph","REME_PuzzleBoxRelic","Runic Capacitor","War Paint"],"acts_visited":["Exordium","Exordium","TheBeyond","TheEnding"],"potions_floor_usage":[11,12,19,24,24,24,27,30,33,33,38,39,44,45,46,48,50,50,55],"damage_taken":[{"damage":2,"enemies":"2 Louse","floor":1,"turns":2},{"damage":1,"enemies":"Jaw Worm","floor":5,"turns":3},{"damage":22,"enemies":"3 Sentries","floor":6,"turns":7},{"damage":16,"enemies":"Lagavulin","floor":8,"turns":7},{"damage":0,"enemies":"Small Slimes","floor":10,"turns":3},{"damage":4,"enemies":"Gremlin Nob","floor":11,"turns":4},{"damage":17,"enemies":"Gremlin Gang","floor":12,"turns":3},{"damage":23,"enemies":"Slime Boss","floor":16,"turns":6},{"damage":12,"enemies":"theJungle:MUSHROOMGANG","floor":18,"turns":4},{"damage":4,"enemies":"theJungle:5_Spyders","floor":19,"turns":7},{"damage":10,"enemies":"theJungle:MamaSnecko","floor":24,"turns":3},{"damage":27,"enemies":"theJungle:2_Snecko_Cultists","floor":25,"turns":3},{"damage":4,"enemies":"theJungle:2_Phrogs","floor":27,"turns":5},{"damage":6,"enemies":"theJungle:JungleHuntersEncounter","floor":29,"turns":3},{"damage":13,"enemies":"theJungle:Cassacara","floor":30,"turns":5},{"damage":17,"enemies":"theJungle:TotemBoss","floor":33,"turns":7},{"damage":13,"enemies":"3 Shapes","floor":35,"turns":3},{"damage":10,"enemies":"Orb Walker","floor":36,"turns":3},{"damage":0,"enemies":"3 Darklings","floor":37,"turns":2},{"damage":1,"enemies":"Writhing Mass","floor":38,"turns":3},{"damage":1,"enemies":"Transient","floor":39,"turns":5},{"damage":12,"enemies":"Giant Head","floor":44,"turns":4},{"damage":4,"enemies":"Sphere and 2 Shapes","floor":45,"turns":2},{"damage":16,"enemies":"4 Shapes","floor":46,"turns":2},{"damage":3,"enemies":"Maw","floor":48,"turns":3},{"damage":56,"enemies":"Time Eater","floor":50,"turns":7},{"damage":36,"enemies":"Shield and Spear","floor":54,"turns":2},{"damage":100057,"enemies":"The Heart","floor":55,"turns":4}],"seed_played":"7090992101434581704","potions_obtained":[{"floor":8,"key":"Block Potion"},{"floor":10,"key":"DistilledChaos"},{"floor":12,"key":"GamblersBrew"},{"floor":16,"key":"BlessingOfTheForge"},{"floor":18,"key":"AttackPotion"},{"floor":19,"key":"Block Potion"},{"floor":24,"key":"Ancient Potion"},{"floor":25,"key":"Explosive Potion"},{"floor":27,"key":"EssenceOfSteel"},{"floor":29,"key":"EssenceOfDarkness"},{"floor":30,"key":"Swift Potion"},{"floor":33,"key":"LiquidBronze"},{"floor":35,"key":"PotionOfCapacity"},{"floor":36,"key":"Swift Potion"},{"floor":37,"key":"PowerPotion"},{"floor":38,"key":"ColorlessPotion"},{"floor":39,"key":"SkillPotion"},{"floor":44,"key":"ColorlessPotion"},{"floor":45,"key":"SteroidPotion"},{"floor":46,"key":"Regen Potion"},{"floor":48,"key":"BlessingOfTheForge"},{"floor":54,"key":"Dexterity Potion"}],"is_trial":false,"path_per_floor":["M","$","?","?","M","E","R","E","T","M","E","M","T","$","R","B",null,"M","M","?","?","$","R","E","M","T","E","R","M","E","$","R","B",null,"M","M","M","M","M","R","?","T","T","E","M","M","$","M","R","B",null,"R","$","E","B"],"character_chosen":"DEFECT","items_purchased":["Panacea+1","Apotheosis+1","Tiny Chest","Runic Capacitor","Defragment","White Noise+1","DuplicationPotion"],"campfire_rested":3,"item_purchase_floors":[14,22,31,47,47,53,53],"current_hp_per_floor":[87,87,80,80,79,57,57,41,41,41,37,20,20,20,44,21,82,70,66,66,73,73,73,85,58,58,54,54,48,35,35,76,59,89,76,66,66,65,64,64,64,64,64,52,48,32,32,38,79,33,89,89,89,53,0,0],"gold":65,"neow_bonus":"TWENTY_PERCENT_HP_BONUS","is_daily":false,"chose_seed":false,"campfire_upgraded":4,"win_rate":0.0,"timestamp":1608213041,"path_taken":["M","$","?","?","?","E","R","E","T","M","E","M","?","?","R","BOSS","M","M","?","?","$","R","E","M","T","E","R","M","E","$","R","BOSS","M","M","?","?","M","R","?","?","T","E","M","M","$","M","R","BOSS","R","$","E","BOSS"],"items_purchased_type":["Card","Card","Relic","Relic","Card","Card","Potion"],"build_version":"2020-12-13","purchased_purges":3,"victory":false,"max_hp_per_floor":[89,89,89,82,82,82,82,82,82,82,82,82,82,82,82,82,82,82,82,82,89,89,89,89,89,89,89,89,89,89,89,89,89,89,89,89,89,89,89,89,89,89,89,89,89,89,89,89,89,89,89,89,89,89,89,89],"card_choices":[{"not_picked":["Capacitor","Cold Snap"],"picked":"Lockon","floor":1},{"not_picked":["Cold Snap","Gash"],"picked":"Turbo","floor":5},{"not_picked":["Stack","Fission"],"picked":"Conserve Battery","floor":6},{"not_picked":["Cold Snap","REME_SelfUpgrade"],"picked":"Barrage","floor":8},{"not_picked":["Auto Shields","Cold Snap","Go for the Eyes"],"picked":"SKIP","floor":10},{"not_picked":["Capacitor","Glacier+1"],"picked":"Hologram+1","floor":11},{"not_picked":["Leap+1","Sweeping Beam"],"picked":"Skim+1","floor":12},{"not_picked":["Buffer","Hyperbeam+1"],"picked":"Electrodynamics","floor":16},{"not_picked":["Rebound+1","Beam Cell+1"],"picked":"Conserve Battery+1","floor":18},{"not_picked":["Lockon+1","Redo+1"],"picked":"Turbo+1","floor":19},{"not_picked":["Self Repair","BootSequence+1"],"picked":"REME_Compress+1","floor":24},{"not_picked":["Steam+1","Rip and Tear+1","Chill+1"],"picked":"SKIP","floor":25},{"not_picked":["Core Surge+1","Self Repair"],"picked":"Capacitor","floor":27},{"not_picked":["Reinforced Body+1","Coolheaded+1","Streamline+1"],"picked":"SKIP","floor":29},{"not_picked":["Stack+1","Cold Snap+1","Undo+1"],"picked":"SKIP","floor":30},{"not_picked":["Electrodynamics","REME_Shoggoth+1"],"picked":"Thunder Strike+1","floor":33},{"not_picked":["Gash+1","BootSequence+1"],"picked":"Tempest+1","floor":35},{"not_picked":["Rebound+1","Fusion+1"],"picked":"Heatsinks","floor":36},{"not_picked":["Steam+1","Consume+1"],"picked":"Static Discharge+1","floor":37},{"not_picked":["Gash+1","Scrape+1"],"picked":"Tempest+1","floor":38},{"not_picked":["Streamline+1","Hyperbeam+1"],"picked":"White Noise+1","floor":39},{"not_picked":["Cold Snap+1","Gash+1"],"picked":"REME_SelfUpgrade","floor":44},{"not_picked":["Steam+1","Conserve Battery+1","Darkness+1","Cold Snap+1"],"picked":"Turbo+1","floor":45},{"not_picked":["Reinforced Body+1","Coolheaded+1","Glacier+1","Fission+1"],"picked":"SKIP","floor":46},{"not_picked":["Compile Driver+1","FTL+1","Streamline+1","Coolheaded+1"],"picked":"Loop","floor":48},{"not_picked":["Turbo+1","Leap+1"],"picked":"White Noise+1","floor":54}],"player_experience":441384,"relics_obtained":[{"floor":6,"key":"StoneCalendar"},{"floor":8,"key":"Blue Candle"},{"floor":11,"key":"Toxic Egg 2"},{"floor":13,"key":"Molten Egg 2"},{"floor":17,"key":"Happy Flower"},{"floor":17,"key":"White Beast Statue"},{"floor":17,"key":"Unceasing Top"},{"floor":21,"key":"Strawberry"},{"floor":24,"key":"Mummified Hand"},{"floor":26,"key":"Regal Pillow"},{"floor":27,"key":"DataDisk"},{"floor":30,"key":"PreservedInsect"},{"floor":42,"key":"Vajra"},{"floor":43,"key":"Pantograph"},{"floor":44,"key":"REME_PuzzleBoxRelic"},{"floor":54,"key":"War Paint"}],"event_choices":[{"cards_removed":["Strike_B"],"damage_healed":0,"gold_gain":0,"player_choice":"Card Removal","damage_taken":7,"max_hp_gain":0,"max_hp_loss":0,"event_name":"Golden Wing","floor":3,"gold_loss":0},{"damage_healed":0,"gold_gain":0,"player_choice":"Lose Max HP","damage_taken":0,"relics_obtained":["Golden Idol"],"max_hp_gain":0,"max_hp_loss":7,"event_name":"Golden Idol","floor":4,"gold_loss":0},{"damage_healed":0,"gold_gain":0,"player_choice":"Relic","damage_taken":0,"max_hp_gain":0,"max_hp_loss":0,"event_name":"Wheel of Change","floor":21,"gold_loss":0},{"damage_healed":0,"gold_gain":0,"player_choice":"Ignored","damage_taken":0,"max_hp_gain":0,"max_hp_loss":0,"event_name":"Tomb of Lord Red Mask","floor":41,"gold_loss":0}],"is_beta":false,"boss_relics":[{"not_picked":["Fusion Hammer","Empty Cage"],"picked":"Calling Bell"},{"not_picked":["Runic Dome","Busted Crown"],"picked":"Cursed Key"}],"items_purged_floors":[2,22,47],"is_endless":false,"potions_floor_spawned":[8,10,12,16,18,19,24,25,27,29,30,33,35,36,37,38,39,44,45,46,48,54],"killed_by":"The Heart","ascension_level":1}}