{"host":"nj06ypb01n3s9mn8","time":1608174338,"event":{"mods":["2.2 Compatiblity","BaseMod","Colored Map","Downfall","Highlight Path","Marisa????????","Minty Spire (QoL Compilation)","Replay The Spire","StSLib","The Animator","The Necromancer","The Servant 0.9.4","Waifu the Spire"],"gold_per_floor":[127,127,137,164,89,127,127,140,140,150,150,177,177,197,197,292,392,418,418,457,475,375,405,405,439,439,439,495,495,526,577,577,697,697,758,785,433,433,447,491,491,491,491,523,523,523,523,463,463,479,479,479,483,561,648,726,576,506,514,514],"floor_reached":59,"playtime":15034,"items_purged":["animator:Strike","Shame"],"score":785,"play_id":"c83a579d-2d48-45af-b6f0-9f371907d04c","local_time":"20201217000538","is_ascension_mode":false,"campfire_choices":[{"data":"animator:AcuraAkari","floor":7.0,"key":"SMITH"},{"data":"animator:Fredrika","floor":11.0,"key":"SMITH"},{"data":"animator:Fredrika","floor":15.0,"key":"SMITH"},{"floor":24.0,"key":"REST"},{"floor":29.0,"key":"REST"},{"floor":32.0,"key":"REST"},{"data":"animator:Guy","floor":41,"key":"SMITH"},{"floor":45,"key":"RECALL"},{"data":"animator:HigakiRinne","floor":49,"key":"SMITH"},{"data":"animator:Ainz","floor":52,"key":"SMITH"}],"circlet_count":0,"master_deck":["animator:Strike_Konosuba+1","animator:Defend_Konosuba","animator:Kazuma","animator:Aqua+1","animator:AcuraAkari","animator:AcuraTooru+1","animator:ChaikaBohdan","animator:Verdia","animator:Fredrika","animator:Pride","animator:YachiyoNanami","animator:Fredrika+1","animator:Saber","animator:GuildGirl","animator:TukaLunaMarceau","animator:CowGirl","animator:Chris","animator:Guy+1","animator:Verdia","animator:Megumin+2","animator:Ainz+1","animator:Verdia","animator:Vanir","animator:Kazuma","animator:Gillette","animator:ChaikaTrabant","animator:WinryRockbell+1","animator:WinryRockbell","animator:Zero","animator:Viivi+1","animator:HigakiRinne","animator:Darkness+1","animator:Verdia+1","animator:Envy+1","animator:WinryRockbell"],"relics":["animator:TheEgnaroPiece","animator:AncientMedallion"],"acts_visited":["Exordium","TheCity","TheBeyond","TheEnding","EYB:TheUnnamedReign"],"potions_floor_usage":[50,59],"damage_taken":[{"damage":0.0,"enemies":"2 Louse","floor":1.0,"turns":1.0},{"damage":0.0,"enemies":"Cultist","floor":3.0,"turns":1.0},{"damage":0.0,"enemies":"Jaw Worm","floor":4.0,"turns":1.0},{"damage":15.0,"enemies":"Gremlin Nob","floor":6.0,"turns":4.0},{"damage":0.0,"enemies":"Large Slime","floor":8.0,"turns":8.0},{"damage":0.0,"enemies":"Blue Slaver","floor":10.0,"turns":3.0},{"damage":8.0,"enemies":"Replay:BlueRogue","floor":12.0,"turns":5.0},{"damage":5.0,"enemies":"Looter","floor":14.0,"turns":3.0},{"damage":13.0,"enemies":"Fading Forest","floor":16.0,"turns":11.0},{"damage":0.0,"enemies":"Shell Parasite","floor":18.0,"turns":5.0},{"damage":17.0,"enemies":"Masked Bandits","floor":20.0,"turns":5.0},{"damage":0.0,"enemies":"Chosen","floor":21.0,"turns":6.0},{"damage":50.0,"enemies":"Book of Stabbing","floor":23.0,"turns":6.0},{"damage":13.0,"enemies":"Replay:Snechameleon","floor":25.0,"turns":4.0},{"damage":20.0,"enemies":"3 Cultists","floor":30.0,"turns":7.0},{"damage":0.0,"enemies":"Gremlin Leader","floor":31.0,"turns":7.0},{"damage":24.0,"enemies":"Automaton","floor":33.0,"turns":10.0},{"damage":4.0,"enemies":"3 Shapes","floor":35.0,"turns":4.0},{"damage":9.0,"enemies":"3 Darklings","floor":36.0,"turns":4.0},{"damage":9,"enemies":"Sphere and 2 Shapes","floor":39,"turns":5},{"damage":12,"enemies":"Giant Head","floor":40,"turns":10},{"damage":0,"enemies":"Maw","floor":44,"turns":7},{"damage":3,"enemies":"Replay:Hell Engine","floor":50,"turns":8},{"damage":38,"enemies":"animator:TRIPLE_SHAPES_WEAK","floor":54,"turns":19},{"damage":0,"enemies":"animator:UNNAMED_HAT","floor":55,"turns":11},{"damage":99,"enemies":"animator:UNNAMED_CULTIST_2","floor":59,"turns":8}],"seed_played":"-6272045881749295074","potions_obtained":[{"floor":1.0,"key":"Toxic Potion"},{"floor":3.0,"key":"Venom Potion"},{"floor":6.0,"key":"Fire Potion"},{"floor":14.0,"key":"Adrenaline Potion"},{"floor":16.0,"key":"GamblersBrew"},{"floor":18.0,"key":"Cursed Concoction"},{"floor":20.0,"key":"SkillPotion"},{"floor":21.0,"key":"BlessingOfTheForge"},{"floor":23.0,"key":"AttackPotion"},{"floor":25.0,"key":"DistilledChaos"},{"floor":30.0,"key":"LiquidBronze"},{"floor":31.0,"key":"Elixir"},{"floor":33.0,"key":"animator:FalseLifePotion"},{"floor":35.0,"key":"Dexterity Potion"},{"floor":39,"key":"Adrenaline Potion"},{"floor":40,"key":"ColorlessPotion"},{"floor":54,"key":"animator:FalseLifePotion"},{"floor":55,"key":"animator:FalseLifePotion"}],"is_trial":false,"path_per_floor":["M","?","M","M","$","E","R","M","T","M","R","E","?","M","R","B",null,"M","?","?","M","$","E","R","E","T","?","?","R","M","E","R","B",null,"M","M","$","?","M","E","R","?","T","M","R","?","$","?","R","B",null,"R","??","M","M","T","?","$","M"],"character_chosen":"THE_ANIMATOR","items_purchased":["animator:WinryRockbell","Thread and Needle","animator:WinryRockbell"],"campfire_rested":3,"item_purchase_floors":[37,37,58],"current_hp_per_floor":[66,66,67,67,67,52,52,54,54,54,54,48,48,45,45,34,67,67,67,50,53,53,6,26,16,16,16,16,37,27,37,58,52,70,70,68,68,58,57,57,57,57,57,70,70,61,61,61,61,72,72,72,98,61,67,67,67,67,0,0],"gold":514,"neow_bonus":"THREE_ENEMY_KILL","is_daily":false,"chose_seed":false,"campfire_upgraded":6,"win_rate":0.0,"timestamp":1608174338,"path_taken":["M","?","M","?","$","E","R","M","T","M","R","E","?","M","R","BOSS","M","?","?","M","$","E","R","E","T","?","?","R","?","E","R","BOSS","M","M","$","?","M","E","R","?","T","?","R","?","?","?","R","BOSS","R","??","M","M","T","?","$","M"],"items_purchased_type":["Card","Relic","Card"],"build_version":"2020-11-29","purchased_purges":2,"victory":false,"max_hp_per_floor":[66,66,67,67,67,67,67,67,67,67,67,67,67,67,67,67,67,67,67,67,68,68,69,69,70,70,70,70,70,70,70,70,70,70,70,72,72,72,72,72,72,72,72,72,72,72,72,72,72,72,72,72,98,99,99,99,99,99,99,99],"card_choices":[{"not_picked":["animator:Guy","animator:Gillette"],"picked":"animator:AcuraAkari","floor":1.0},{"not_picked":["animator:Shalltear","animator:KrulTepes"],"picked":"animator:ChaikaBohdan","floor":3.0},{"not_picked":["animator:Bozes","animator:CrowleyEusford"],"picked":"animator:Verdia","floor":4.0},{"not_picked":["animator:AcuraAkari","animator:Layla"],"picked":"animator:Fredrika","floor":6.0},{"not_picked":["animator:Vanir","animator:ChaikaBohdan"],"picked":"animator:Pride","floor":8.0},{"not_picked":["animator:RoyMustang","animator:Vanir","animator:ChaikaBohdan"],"picked":"SKIP","floor":10.0},{"not_picked":["animator:HighElfArcher","animator:KyokoSakura"],"picked":"animator:YachiyoNanami","floor":12.0},{"not_picked":["animator:Gillette","animator:Layla"],"picked":"animator:Fredrika","floor":14.0},{"not_picked":["animator:ItamiYouji","animator:HomuraAkemi"],"picked":"animator:Saber","floor":16.0},{"not_picked":["animator:Witch","animator:Sebas"],"picked":"animator:GuildGirl","floor":18.0},{"not_picked":["animator:KyokoSakura","animator:EmiyaShirou"],"picked":"animator:TukaLunaMarceau","floor":20.0},{"not_picked":["animator:Berserker+1","animator:PandorasActor"],"picked":"animator:CowGirl","floor":21.0},{"not_picked":["animator:Cocytus","animator:TukaLunaMarceau"],"picked":"animator:Chris","floor":23.0},{"not_picked":["animator:Gillette","animator:Viivi"],"picked":"animator:Guy","floor":25.0},{"not_picked":["animator:Shinoa","animator:CrowleyEusford"],"picked":"animator:Verdia+1","floor":28.0},{"not_picked":["animator:Illya","animator:Sloth+1","animator:Vanir"],"picked":"SKIP","floor":30.0},{"not_picked":["animator:Aqua","animator:Verdia"],"picked":"animator:Megumin","floor":31.0},{"not_picked":["animator:Guren","animator:FeridBathory"],"picked":"animator:Ainz","floor":33.0},{"not_picked":["animator:Viivi","animator:Guy"],"picked":"animator:Gillette","floor":35.0},{"not_picked":["animator:Viivi","animator:AcuraTooru"],"picked":"animator:ChaikaTrabant","floor":36},{"not_picked":["animator:KotoriKanbe","animator:TanyaDegurechaff"],"picked":"animator:Zero","floor":38},{"not_picked":["animator:MisaKurobane","animator:Cirno"],"picked":"animator:NononJakuzure","floor":38},{"not_picked":["animator:Tyuule","animator:Entoma+1","animator:Mikaela"],"picked":"SKIP","floor":39},{"not_picked":["animator:Entoma","animator:Verdia+1","animator:Sebas"],"picked":"SKIP","floor":40},{"not_picked":["animator:Shinoa+1","animator:Mitsurugi+1"],"picked":"animator:Viivi","floor":44},{"not_picked":["animator:Viivi","animator:Caster"],"picked":"animator:Darkness+1","floor":54},{"not_picked":["animator:YaoHaDucy","animator:YuiTsuruno"],"picked":"animator:Verdia+1","floor":55},{"not_picked":["animator:FeridBathory+1","animator:Gilgamesh+1"],"picked":"animator:Envy+1","floor":57}],"player_experience":43030,"relics_obtained":[{"floor":6.0,"key":"Replay:Bottled Flurry"},{"floor":9.0,"key":"Centennial Puzzle"},{"floor":12.0,"key":"White Beast Statue"},{"floor":20.0,"key":"Red Mask"},{"floor":23.0,"key":"ReplayTheSpireMod:Shallot"},{"floor":25.0,"key":"Replay:Mystery Machine"},{"floor":28.0,"key":"Snack Pack"},{"floor":31.0,"key":"Chameleon Ring"},{"floor":40,"key":"Replay:Rubber Ducky"},{"floor":43,"key":"Ornamental Fan"},{"floor":53,"key":"animator:TheEgnaroPiece"},{"floor":53,"key":"animator:AncientMedallion"},{"floor":56,"key":"animator:AncientMedallion"}],"event_choices":[{"damage_healed":0.0,"max_hp_gain":0.0,"max_hp_loss":0.0,"gold_gain":0.0,"cards_transformed":["animator:Strike"],"event_name":"Transmorgrifier","player_choice":"Transformed","floor":2.0,"gold_loss":0.0,"damage_taken":0.0,"cards_obtained":["animator:AcuraTooru"]},{"damage_healed":0.0,"max_hp_gain":0.0,"max_hp_loss":0.0,"gold_gain":0.0,"event_name":"Liars Game","player_choice":"Ignored","floor":13.0,"gold_loss":0.0,"damage_taken":0.0},{"damage_healed":0.0,"max_hp_gain":0.0,"max_hp_loss":0.0,"gold_gain":0.0,"event_name":"Addict","player_choice":"Stole Relic","floor":19.0,"gold_loss":0.0,"damage_taken":0.0,"relics_obtained":["Vajra"],"cards_obtained":["Shame"]},{"damage_healed":0.0,"max_hp_gain":0.0,"max_hp_loss":0.0,"gold_gain":0.0,"event_name":"Masked Bandits","player_choice":"Fought Bandits","floor":20.0,"gold_loss":0.0,"damage_taken":0.0},{"damage_healed":0.0,"max_hp_gain":0.0,"max_hp_loss":0.0,"gold_gain":0.0,"event_name":"Beggar","player_choice":"Ignored","floor":27.0,"gold_loss":0.0,"damage_taken":0.0},{"damage_healed":0,"gold_gain":0,"player_choice":"Memory 3","damage_taken":10,"max_hp_gain":0,"max_hp_loss":0,"event_name":"SensoryStone","floor":38,"gold_loss":0},{"cards_removed":["animator:NononJakuzure"],"damage_healed":0,"gold_gain":0,"player_choice":"Purged","damage_taken":0,"max_hp_gain":0,"max_hp_loss":0,"event_name":"Purifier","floor":42,"gold_loss":0},{"damage_healed":0,"gold_gain":0,"player_choice":"Embrace Madness","damage_taken":9,"max_hp_gain":0,"max_hp_loss":0,"event_name":"Winding Halls","floor":46,"gold_loss":0,"cards_obtained":["animator:HigakiRinne"]},{"cards_removed":["animator:Defend"],"damage_healed":0,"gold_gain":0,"player_choice":"Single Remove","damage_taken":0,"max_hp_gain":0,"max_hp_loss":0,"event_name":"Designer","floor":48,"gold_loss":60}],"is_beta":false,"boss_relics":[{"not_picked":["Calling Bell","Replay:Bronze Core"],"picked":"Replay:Wanted Poster"},{"not_picked":["ReplayTheSpireMod:DimensionalGlitch","Black Star"],"picked":"animator:RacePiece"}],"items_purged_floors":[5,22],"is_endless":false,"potions_floor_spawned":[1,3,6,8,14,16,18,20,21,23,25,30,31,33,35,36,39,40,44],"killed_by":"animator:UNNAMED_CULTIST_2","ascension_level":0}}