{"host":"7pe9xwx78c6nlay8","time":1608230676,"event":{"mods":["BaseMod","Minty Spire (QoL Compilation)"],"gold_per_floor":[109,121,135,135,154,182,182,211,211,211,231,231,262,30,30,132,132,151,167,181,260,260,289,302,302,302],"floor_reached":25,"playtime":784,"items_purged":["Defend_P"],"score":415,"play_id":"54a01113-0b69-4151-b298-7f04ef799d74","local_time":"20201218024436","is_ascension_mode":true,"campfire_choices":[{"data":"Judgement","floor":7,"key":"SMITH"},{"data":"Weave","floor":10,"key":"SMITH"},{"data":"Eruption","floor":12,"key":"SMITH"},{"data":"SignatureMove","floor":15,"key":"SMITH"}],"circlet_count":0,"master_deck":["AscendersBane","Strike_P","Strike_P","Strike_P","Defend_P","Defend_P","Eruption+1","Vigilance","Judgement+1","SignatureMove+1","ThirdEye","Prostrate","ThirdEye","Weave+1","ThirdEye","JustLucky","DeusExMachina","Evaluate+1","Necronomicurse","JustLucky"],"relics":["HolyWater","CultistMask","Sundial","Shuriken","Eternal Feather","StrikeDummy","Membership Card","Singing Bowl","Necronomicon","The Courier"],"acts_visited":["Exordium","TheCity"],"potions_floor_usage":[8,8,18,20,23,25],"damage_taken":[{"damage":0,"enemies":"Jaw Worm","floor":1,"turns":1},{"damage":0,"enemies":"Cultist","floor":2,"turns":2},{"damage":0,"enemies":"2 Louse","floor":3,"turns":1},{"damage":1,"enemies":"Blue Slaver","floor":5,"turns":4},{"damage":32,"enemies":"Gremlin Nob","floor":6,"turns":3},{"damage":0,"enemies":"Lagavulin","floor":8,"turns":6},{"damage":0,"enemies":"Red Slaver","floor":11,"turns":2},{"damage":8,"enemies":"Gremlin Nob","floor":13,"turns":3},{"damage":14,"enemies":"The Guardian","floor":16,"turns":11},{"damage":10,"enemies":"2 Thieves","floor":18,"turns":3},{"damage":2,"enemies":"Shell Parasite","floor":19,"turns":3},{"damage":0,"enemies":"Centurion and Healer","floor":20,"turns":2},{"damage":17,"enemies":"Book of Stabbing","floor":23,"turns":4},{"damage":0,"enemies":"Shelled Parasite and Fungi","floor":24,"turns":3},{"damage":25,"enemies":"Slavers","floor":25,"turns":1}],"seed_played":"-42197988509557437","potions_obtained":[{"floor":5,"key":"Dexterity Potion"},{"floor":6,"key":"Weak Potion"},{"floor":13,"key":"Explosive Potion"},{"floor":16,"key":"Weak Potion"},{"floor":19,"key":"StancePotion"},{"floor":23,"key":"PowerPotion"}],"is_trial":false,"path_per_floor":["M","M","M","?","M","E","R","E","T","R","M","R","E","$","R","B",null,"M","M","M","T","?","E","M","E"],"character_chosen":"WATCHER","items_purchased":["Membership Card","ThirdEye","JustLucky"],"campfire_rested":0,"item_purchase_floors":[14,14,14],"current_hp_per_floor":[65,65,65,65,64,32,32,32,32,41,41,50,42,42,51,37,58,48,46,46,46,30,15,15,0,0],"gold":302,"neow_bonus":"TRANSFORM_TWO_CARDS","is_daily":false,"chose_seed":false,"campfire_upgraded":4,"win_rate":0.0,"timestamp":1608230676,"path_taken":["M","M","M","?","?","E","R","E","T","R","M","R","E","$","R","BOSS","M","?","M","?","?","E","M","E"],"items_purchased_type":["Relic","Card","Card"],"build_version":"2020-12-13","purchased_purges":1,"victory":false,"max_hp_per_floor":[65,65,65,65,65,65,65,65,65,65,65,65,65,65,65,65,65,65,65,65,65,65,67,67,67,67],"card_choices":[{"not_picked":["CrushJoints","Evaluate"],"picked":"ThirdEye","floor":1},{"not_picked":["Consecrate","Tantrum"],"picked":"Prostrate","floor":2},{"not_picked":["FlyingSleeves","Pray"],"picked":"ThirdEye","floor":3},{"not_picked":["Consecrate","ReachHeaven"],"picked":"Weave","floor":5},{"not_picked":["EmptyBody","FollowUp","SandsOfTime"],"picked":"SKIP","floor":6},{"not_picked":["Study","Alpha","ForeignInfluence"],"picked":"SKIP","floor":8},{"not_picked":["FlurryOfBlows","Protect","FollowUp"],"picked":"SKIP","floor":11},{"not_picked":["Prostrate","Conclude","MasterReality"],"picked":"SKIP","floor":13},{"not_picked":["ConjureBlade","Devotion"],"picked":"DeusExMachina","floor":16},{"not_picked":["PathToVictory","SashWhip+1","FlyingSleeves+1"],"picked":"SKIP","floor":18},{"not_picked":["EmptyBody","Crescendo+1"],"picked":"Evaluate+1","floor":19},{"not_picked":["Protect","Crescendo","Swivel+1"],"picked":"SKIP","floor":20},{"not_picked":["EmptyFist","Pray","BowlingBash"],"picked":"Singing Bowl","floor":23},{"not_picked":["SandsOfTime+1","Sanctity+1"],"picked":"JustLucky","floor":24}],"player_experience":1537808,"relics_obtained":[{"floor":6,"key":"Sundial"},{"floor":8,"key":"Shuriken"},{"floor":9,"key":"Eternal Feather"},{"floor":13,"key":"StrikeDummy"},{"floor":21,"key":"Singing Bowl"},{"floor":22,"key":"Necronomicon"},{"floor":23,"key":"The Courier"}],"event_choices":[{"damage_healed":0,"gold_gain":0,"player_choice":"Trade","damage_taken":0,"relics_obtained":["CultistMask"],"max_hp_gain":0,"max_hp_loss":0,"event_name":"FaceTrader","floor":4,"gold_loss":0},{"damage_healed":0,"gold_gain":0,"player_choice":"Obtained Book","damage_taken":16,"max_hp_gain":0,"max_hp_loss":0,"event_name":"Cursed Tome","floor":22,"gold_loss":0}],"is_beta":false,"boss_relics":[{"not_picked":["Fusion Hammer","Coffee Dripper"],"picked":"HolyWater"}],"items_purged_floors":[14],"is_endless":false,"potions_floor_spawned":[5,6,13,16,19,23],"killed_by":"Slavers","ascension_level":11}}