{"host":"pjgcdp3h1plnbocs","time":1608205902,"event":{"mods":["AchievementEnabler","BaseMod","Colored Map","Highlight Path","Minty Spire (QoL Compilation)"],"gold_per_floor":[116,131,30,41,41,73,73,93,93,127,127,156,156,156,156,261,261,277,277,288,387,398,398,398,398],"floor_reached":24,"playtime":878,"items_purged":[],"score":268,"play_id":"8d7d2b30-cddf-4a6b-b06b-42377961a9dc","local_time":"20201217125142","is_ascension_mode":true,"campfire_choices":[{"data":"Chill","floor":7.0,"key":"SMITH"},{"data":"Redo","floor":11.0,"key":"SMITH"},{"floor":15.0,"key":"REST"},{"floor":23,"key":"REST"}],"circlet_count":0,"master_deck":["Strike_B","Strike_B","Strike_B","Defend_B","Defend_B","Defend_B","Defend_B","Zap","Dualcast","Echo Form+1","Chill+1","Capacitor","Gash","FTL","Redo+1","Beam Cell+1","Seek","Creative AI"],"relics":["Cracked Core","Sundial","Ice Cream","Ginger","Bottled Flame","Nuclear Battery"],"acts_visited":["Exordium","TheCity"],"potions_floor_usage":[16,16,16,16,22,24],"damage_taken":[{"damage":0.0,"enemies":"Small Slimes","floor":1.0,"turns":3.0},{"damage":0.0,"enemies":"2 Louse","floor":2.0,"turns":3.0},{"damage":0.0,"enemies":"Cultist","floor":4.0,"turns":4.0},{"damage":28.0,"enemies":"3 Sentries","floor":6.0,"turns":9.0},{"damage":4.0,"enemies":"Looter","floor":8.0,"turns":3.0},{"damage":16.0,"enemies":"Gremlin Nob","floor":10.0,"turns":4.0},{"damage":13.0,"enemies":"Lagavulin","floor":12.0,"turns":6.0},{"damage":25,"enemies":"Hexaghost","floor":16,"turns":9},{"damage":12,"enemies":"3 Byrds","floor":18,"turns":6},{"damage":17,"enemies":"Spheric Guardian","floor":20,"turns":5},{"damage":19,"enemies":"Snecko","floor":22,"turns":7},{"damage":31,"enemies":"Book of Stabbing","floor":24,"turns":6}],"seed_played":"1151711152183248177","potions_obtained":[{"floor":1.0,"key":"Block Potion"},{"floor":6.0,"key":"Dexterity Potion"},{"floor":12.0,"key":"ColorlessPotion"},{"floor":18,"key":"SteroidPotion"},{"floor":22,"key":"Block Potion"}],"is_trial":false,"path_per_floor":["M","M","$","M","?","E","R","M","T","E","R","E","?","?","R","B",null,"M","?","M","?","M","R","E"],"character_chosen":"DEFECT","items_purchased":["EntropicBrew"],"campfire_rested":2,"item_purchase_floors":[3],"current_hp_per_floor":[75,75,75,75,75,47,47,43,43,27,27,14,14,7,29,4,57,45,45,28,28,9,31,0,0],"gold":398,"neow_bonus":"ONE_RANDOM_RARE_CARD","is_daily":false,"chose_seed":false,"campfire_upgraded":2,"win_rate":0.0,"timestamp":1608205902,"path_taken":["M","M","$","M","?","E","R","M","T","E","R","E","?","?","R","BOSS","M","?","?","?","M","R","E"],"items_purchased_type":["Potion"],"build_version":"2020-12-13","purchased_purges":0,"victory":false,"max_hp_per_floor":[75,75,75,75,75,75,75,75,75,75,75,75,75,75,75,75,75,75,75,75,75,75,75,75,75],"card_choices":[{"not_picked":["Recycle","Conserve Battery"],"picked":"Chill","floor":1.0},{"not_picked":["Rebound","Compile Driver"],"picked":"Capacitor","floor":2.0},{"not_picked":["Capacitor","Redo"],"picked":"Gash","floor":4.0},{"not_picked":["Leap","Coolheaded"],"picked":"FTL","floor":6.0},{"not_picked":["Loop","Streamline"],"picked":"Redo","floor":8.0},{"not_picked":["Cold Snap","Steam"],"picked":"Beam Cell","floor":10.0},{"not_picked":["Reinforced Body","Melter","Fission"],"picked":"SKIP","floor":12.0},{"not_picked":["Amplify","Machine Learning"],"picked":"Seek","floor":16},{"not_picked":["Heatsinks+1","Sweeping Beam","Aggregate+1"],"picked":"SKIP","floor":18},{"not_picked":["Hologram","Turbo","Conserve Battery"],"picked":"SKIP","floor":20},{"not_picked":["Barrage","Sweeping Beam"],"picked":"Creative AI","floor":22}],"player_experience":106447,"relics_obtained":[{"floor":6.0,"key":"Sundial"},{"floor":9.0,"key":"Ice Cream"},{"floor":10.0,"key":"Ginger"},{"floor":12.0,"key":"Bottled Flame"}],"event_choices":[{"damage_healed":0.0,"max_hp_gain":0.0,"max_hp_loss":0.0,"gold_gain":0.0,"event_name":"The Cleric","player_choice":"Leave","floor":5.0,"gold_loss":0.0,"damage_taken":0.0},{"damage_healed":0.0,"max_hp_gain":0.0,"max_hp_loss":0.0,"gold_gain":0.0,"event_name":"Living Wall","player_choice":"Grow","floor":13.0,"gold_loss":0.0,"damage_taken":0.0,"cards_upgraded":["Echo Form"]},{"cards_removed":["Strike_B"],"damage_healed":0.0,"max_hp_gain":0.0,"max_hp_loss":0.0,"gold_gain":0.0,"event_name":"Golden Wing","player_choice":"Card Removal","floor":14.0,"gold_loss":0.0,"damage_taken":7.0},{"damage_healed":0,"gold_gain":0,"player_choice":"Forge","damage_taken":0,"max_hp_gain":0,"max_hp_loss":0,"event_name":"Accursed Blacksmith","floor":19,"gold_loss":0,"cards_upgraded":["Beam Cell"]},{"damage_healed":0,"gold_gain":99,"player_choice":"Stole From Cult","damage_taken":0,"max_hp_gain":0,"max_hp_loss":0,"event_name":"Nest","floor":21,"gold_loss":0}],"is_beta":false,"boss_relics":[{"not_picked":["SacredBark","Coffee Dripper"],"picked":"Nuclear Battery"}],"items_purged_floors":[],"is_endless":false,"potions_floor_spawned":[1,6,8,12,18,22],"killed_by":"Book of Stabbing","ascension_level":5}}