{"host":"a1eatafr7pisesky","time":1608200270,"event":{"mods":["BaseMod","Colored Map","DeckTracker","Highlight Path","Keyboard Shortcuts","Minty Spire (QoL Compilation)","Permanent Neow","Random Character Button","StSLib","SuperFastMode","everything is the same but u backflip on backflip"],"gold_per_floor":[112,132,57,57,57,85,85,112,136,153,170,183,200,215,215,310,310,298,153,166,177,102,102,102],"floor_reached":23,"playtime":578,"items_purged":["Strike_R","Strike_R"],"score":277,"play_id":"211c2d4a-f4e7-4c40-bf37-de49cc3365b9","local_time":"20201217191750","is_ascension_mode":true,"campfire_choices":[{"data":"Body Slam","floor":15.0,"key":"SMITH"}],"circlet_count":0,"master_deck":["Strike_R","Strike_R","Defend_R","Defend_R+1","Defend_R","Defend_R+1","Bash","Headbutt","Twin Strike","Carnage","Body Slam","Body Slam+1","Ghostly Armor","Shrug It Off","True Grit","Twin Strike","Power Through","Shrug It Off","Warcry+1"],"relics":["Burning Blood","Anchor","War Paint","Potion Belt","SacredBark"],"acts_visited":["Exordium","TheCity"],"potions_floor_usage":[],"damage_taken":[{"damage":7.0,"enemies":"Jaw Worm","floor":1.0,"turns":3.0},{"damage":5.0,"enemies":"Small Slimes","floor":2.0,"turns":4.0},{"damage":20.0,"enemies":"Gremlin Nob","floor":6.0,"turns":4.0},{"damage":36.0,"enemies":"Lagavulin","floor":8.0,"turns":7.0},{"damage":6.0,"enemies":"Cultist","floor":10.0,"turns":3.0},{"damage":11.0,"enemies":"Looter","floor":11.0,"turns":3.0},{"damage":5.0,"enemies":"2 Fungi Beasts","floor":12.0,"turns":3.0},{"damage":14.0,"enemies":"Exordium Thugs","floor":13.0,"turns":5.0},{"damage":0.0,"enemies":"Red Slaver","floor":14.0,"turns":2.0},{"damage":38.0,"enemies":"The Guardian","floor":16.0,"turns":10.0},{"damage":3.0,"enemies":"2 Thieves","floor":18.0,"turns":4.0},{"damage":40.0,"enemies":"Spheric Guardian","floor":20.0,"turns":6.0},{"damage":16.0,"enemies":"3 Cultists","floor":21.0,"turns":8.0},{"damage":8,"enemies":"Book of Stabbing","floor":23,"turns":3}],"seed_played":"-8613404710828357066","potions_obtained":[{"floor":0.0,"key":"DistilledChaos"},{"floor":0.0,"key":"Weak Potion"},{"floor":0.0,"key":"Block Potion"},{"floor":6.0,"key":"HeartOfIron"},{"floor":8.0,"key":"Ancient Potion"},{"floor":11.0,"key":"AttackPotion"},{"floor":14.0,"key":"BloodPotion"},{"floor":20.0,"key":"Dexterity Potion"},{"floor":21.0,"key":"Energy Potion"}],"is_trial":false,"path_per_floor":["M","M","$","?","$","E","?","E","T","M","M","M","M","M","R","B",null,"M","$","M","M","?","E"],"character_chosen":"IRONCLAD","items_purchased":["Shrug It Off"],"campfire_rested":0,"item_purchase_floors":[19],"current_hp_per_floor":[71,72,72,77,77,63,63,33,33,33,28,29,21,27,27,12,67,70,70,36,26,26,18,18],"gold":102,"neow_bonus":"THREE_SMALL_POTIONS","is_daily":false,"chose_seed":false,"campfire_upgraded":1,"win_rate":0.0,"timestamp":1608200270,"path_taken":["M","M","$","?","$","E","?","E","T","?","M","M","M","M","R","BOSS","M","$","M","M","?","E"],"items_purchased_type":["Card"],"build_version":"2020-12-13","purchased_purges":2,"victory":false,"max_hp_per_floor":[80,80,80,85,85,85,85,85,85,85,85,85,85,85,85,85,85,85,85,85,85,85,85,85],"card_choices":[{"not_picked":["Clothesline","Pommel Strike"],"picked":"Headbutt","floor":1.0},{"not_picked":["Brutality","Burning Pact"],"picked":"Twin Strike","floor":2.0},{"not_picked":["Hemokinesis","Sentinel"],"picked":"Carnage","floor":6.0},{"not_picked":["Clash","Whirlwind"],"picked":"Body Slam","floor":8.0},{"not_picked":["Iron Wave","Wild Strike"],"picked":"Body Slam","floor":10.0},{"not_picked":["Hemokinesis","Wild Strike"],"picked":"Ghostly Armor","floor":11.0},{"not_picked":["Headbutt","Thunderclap"],"picked":"Shrug It Off","floor":12.0},{"not_picked":["Exhume","Anger"],"picked":"True Grit","floor":13.0},{"not_picked":["Headbutt","Infernal Blade"],"picked":"Twin Strike","floor":14.0},{"not_picked":["True Grit","Armaments"],"picked":"Power Through","floor":18.0},{"not_picked":["Armaments","Heavy Blade+1"],"picked":"Warcry+1","floor":20.0},{"not_picked":["Flex","Metallicize","Wild Strike+1"],"picked":"SKIP","floor":21.0}],"player_experience":213918,"relics_obtained":[{"floor":6.0,"key":"Anchor"},{"floor":8.0,"key":"War Paint"},{"floor":9.0,"key":"Potion Belt"}],"event_choices":[{"damage_healed":0.0,"max_hp_gain":5.0,"max_hp_loss":0.0,"gold_gain":0.0,"event_name":"Big Fish","player_choice":"Donut","floor":4.0,"gold_loss":0.0,"damage_taken":0.0},{"damage_healed":0.0,"max_hp_gain":0.0,"max_hp_loss":0.0,"gold_gain":0.0,"event_name":"The Woman in Blue","player_choice":"Bought 0 Potions","floor":7.0,"gold_loss":0.0,"damage_taken":0.0},{"cards_removed":["Strike_R"],"damage_healed":0.0,"max_hp_gain":0.0,"max_hp_loss":0.0,"gold_gain":0.0,"event_name":"Beggar","player_choice":"Gave Gold","floor":22.0,"gold_loss":75.0,"damage_taken":0.0}],"is_beta":false,"boss_relics":[{"not_picked":["SlaversCollar","Sozu"],"picked":"SacredBark"}],"items_purged_floors":[3,19],"is_endless":false,"potions_floor_spawned":[2,6,8,11,14,20,21],"killed_by":"Book of Stabbing","ascension_level":7}}