{"host":"f8fq9ziy9btlthhj","time":1608167006,"event":{"mods":["AchievementEnabler","BaseMod","Block Reminder","CapriCore","Colored Map","Colored Powertips","Googly Eyes","Highlight Path","Minty Spire (QoL Compilation)","Quick Restart","Relic Stats","Replay The Spire","StSLib","Waifu the Spire"],"gold_per_floor":[116,132,10,26,26,26,52,52,77,89,101,101,199,216,216,312,312,324,344,24,34,53,53,53,53,101,101,113,140,140,140,16,16,16,16],"floor_reached":34,"playtime":1437,"items_purged":["Defend_G","Defend_G"],"score":336,"play_id":"5bb5cde7-d9be-4417-a73d-e89e78276cb3","local_time":"20201217010326","is_ascension_mode":true,"campfire_choices":[{"data":"Flex","floor":6,"key":"SMITH"},{"data":"Fire Breathing","floor":8,"key":"SMITH"},{"data":"Run Through","floor":15,"key":"SMITH"},{"data":"Fiend Fire","floor":23,"key":"SMITH"},{"data":"Ghostly","floor":33,"key":"SMITH"}],"circlet_count":0,"master_deck":["Strike_R","Strike_R","Strike_R","Strike_R","Strike_R","Defend_R+1","Defend_R+2","Defend_R+1","Defend_R","Bash","Run Through+1","Battle Trance","Fire Breathing+1","Flex+1","Twin Strike","Ghostly Armor","Feel No Pain","Pummel+1","Sword Boomerang","Sword Boomerang","Burning Pact","Fiend Fire+1","Shrug It Off+1","Intimidate+1","Double Tap","Sword Boomerang+1","Feel No Pain","Heavy Blade","Second Wind","Delirium","RitualDagger","Perfected Strike","Ghostly+1","Ghostly","Ghostly","Ghostly","Ghostly","Inflame"],"relics":["Burning Blood","Ancient Tea Set","ReplayTheSpireMod:TigerMarble","War Paint","Simple Rune","Runic Pyramid","Smiling Mask","Pet Ghost","Replay:Accelerometer","Meat on the Bone"],"acts_visited":["Exordium","TheCity"],"potions_floor_usage":[29,29],"damage_taken":[{"damage":7,"enemies":"2 Louse","floor":1,"turns":3},{"damage":7,"enemies":"Small Slimes","floor":2,"turns":3},{"damage":1,"enemies":"Jaw Worm","floor":4,"turns":4},{"damage":10,"enemies":"Replay:BlueRogue","floor":7,"turns":5},{"damage":0,"enemies":"Exordium Wildlife","floor":10,"turns":1},{"damage":2,"enemies":"Blue Slaver","floor":11,"turns":5},{"damage":0,"enemies":"3 Louse","floor":14,"turns":3},{"damage":14,"enemies":"The Guardian","floor":16,"turns":14},{"damage":0,"enemies":"2 Thieves","floor":18,"turns":5},{"damage":6,"enemies":"3 Byrds","floor":19,"turns":5},{"damage":8,"enemies":"Cultist and Chosen","floor":21,"turns":6},{"damage":9,"enemies":"Snecko","floor":22,"turns":5},{"damage":0,"enemies":"Centurion and Healer","floor":28,"turns":6},{"damage":43,"enemies":"Book of Stabbing","floor":29,"turns":7},{"damage":61,"enemies":"Collector","floor":34,"turns":5}],"seed_played":"6136520963663323332","potions_obtained":[{"floor":4,"key":"ColorlessPotion"},{"floor":11,"key":"Block Potion"},{"floor":16,"key":"Toxic Potion"},{"floor":21,"key":"Adrenaline Potion"},{"floor":29,"key":"Strength Potion"}],"is_trial":false,"path_per_floor":["M","M","$","M","?","R","E","R","T","M","M","?","?","M","R","B",null,"M","M","$","M","M","R","?","?","T","T","M","E","?","?","$","R","B"],"character_chosen":"IRONCLAD","items_purchased":["Fire Breathing","Flex","Double Tap","Sword Boomerang+1","Feel No Pain","Inflame"],"campfire_rested":0,"item_purchase_floors":[3,3,20,20,20,32],"current_hp_per_floor":[95,94,94,96,89,89,85,85,85,91,95,95,95,96,96,88,96,96,96,96,94,91,91,91,85,85,85,91,54,35,35,35,35,0,0],"gold":16,"neow_bonus":"TWENTY_PERCENT_HP_BONUS","is_daily":false,"chose_seed":false,"campfire_upgraded":5,"win_rate":0.0,"timestamp":1608167006,"path_taken":["M","M","$","M","?","R","E","R","T","M","M","?","?","M","R","BOSS","M","M","$","M","M","R","?","?","T","T","M","E","?","?","$","R","BOSS"],"items_purchased_type":["Card","Card","Card","Card","Card","Card"],"build_version":"2020-12-13","purchased_purges":2,"victory":false,"max_hp_per_floor":[96,96,96,96,96,96,96,96,96,96,96,96,96,96,96,96,96,96,96,96,96,96,96,96,96,96,96,96,96,101,50,50,50,50,50],"relic_stats":{"counters":[15,77],"War Paint":["Defend_R","Defend_R"],"Smiling Mask":50,"obtain_stats":[{"Replay:Accelerometer":27,"Simple Rune":13,"ReplayTheSpireMod:TigerMarble":7,"War Paint":9,"Ancient Tea Set":5,"Smiling Mask":24,"Burning Blood":0,"Pet Ghost":26,"Runic Pyramid":17,"Meat on the Bone":29},{"Replay:Accelerometer":12,"Simple Rune":6,"ReplayTheSpireMod:TigerMarble":4,"War Paint":4,"Ancient Tea Set":3,"Smiling Mask":12,"Burning Blood":0,"Pet Ghost":12,"Runic Pyramid":8,"Meat on the Bone":14},{"Replay:Accelerometer":59,"Simple Rune":21,"ReplayTheSpireMod:TigerMarble":15,"War Paint":15,"Ancient Tea Set":10,"Smiling Mask":59,"Burning Blood":0,"Pet Ghost":59,"Runic Pyramid":38,"Meat on the Bone":72}],"Burning Blood":70,"Meat on the Bone":0},"card_choices":[{"not_picked":["Shrug It Off","Perfected Strike"],"picked":"Run Through","floor":1},{"not_picked":["Clash","Reckless Charge"],"picked":"Battle Trance","floor":2},{"not_picked":["Pommel Strike","Armaments"],"picked":"Twin Strike","floor":4},{"not_picked":["Pommel Strike","Clothesline"],"picked":"Ghostly Armor","floor":7},{"not_picked":["Dark Embrace","Iron Wave"],"picked":"Feel No Pain","floor":10},{"not_picked":["Anger","Replay:Undeath\u0027s Touch"],"picked":"Pummel","floor":11},{"not_picked":["Second Wind","Thunderclap"],"picked":"Sword Boomerang","floor":13},{"not_picked":["Metallicize","Flame Barrier"],"picked":"Sword Boomerang","floor":13},{"not_picked":["Seeing Red","Clash"],"picked":"Burning Pact","floor":14},{"not_picked":["Bludgeon","Berserk"],"picked":"Fiend Fire","floor":16},{"not_picked":["Clothesline+1","Clash"],"picked":"Shrug It Off+1","floor":18},{"not_picked":["Burning Pact","Clash+1"],"picked":"Intimidate+1","floor":19},{"not_picked":["Thunderclap+1","Pommel Strike"],"picked":"Heavy Blade","floor":21},{"not_picked":["Burning Pact","ReplayTheSpireMod:Stacked"],"picked":"Second Wind","floor":22},{"not_picked":["Life Link","Body Slam+1"],"picked":"Perfected Strike","floor":28},{"not_picked":["Iron Wave+1","Life Link+1","Warcry"],"picked":"SKIP","floor":29}],"player_experience":29805,"relics_obtained":[{"floor":7,"key":"ReplayTheSpireMod:TigerMarble"},{"floor":9,"key":"War Paint"},{"floor":13,"key":"Simple Rune"},{"floor":26,"key":"Pet Ghost"},{"floor":27,"key":"Replay:Accelerometer"},{"floor":29,"key":"Meat on the Bone"}],"event_choices":[{"damage_healed":0,"gold_gain":0,"player_choice":"Success","damage_taken":7,"relics_obtained":["Ancient Tea Set"],"max_hp_gain":0,"max_hp_loss":0,"event_name":"Scrap Ooze","floor":5,"gold_loss":0},{"damage_healed":0,"gold_gain":0,"player_choice":"Joined the Cult","damage_taken":6,"max_hp_gain":0,"max_hp_loss":0,"event_name":"Nest","floor":25,"gold_loss":0,"cards_obtained":["RitualDagger"]},{"damage_healed":0,"gold_gain":0,"player_choice":"Shed Blood","damage_taken":24,"max_hp_gain":5,"max_hp_loss":0,"event_name":"Forgotten Altar","floor":30,"gold_loss":0},{"damage_healed":0,"gold_gain":0,"player_choice":"Became a Ghost","damage_taken":0,"max_hp_gain":0,"max_hp_loss":51,"event_name":"Ghosts","floor":31,"gold_loss":0,"cards_obtained":["Ghostly","Ghostly","Ghostly","Ghostly","Ghostly"]}],"is_beta":false,"boss_relics":[{"not_picked":["Ooze Armor","Sozu"],"picked":"Runic Pyramid"}],"items_purged_floors":[20,32],"is_endless":false,"potions_floor_spawned":[4,11,16,21,29],"killed_by":"Collector","ascension_level":1}}