{"host":"d8hh7rr4yzitjeuj","time":1608186839,"event":{"mods":["2.2 Compatiblity","AchievementEnabler","BaseMod","CapriCore","Colored Map","Colored Powertips","Highlight Path","Keyboard Shortcuts","Minty Spire (QoL Compilation)","Permanent Neow","Quick Restart","StSLib","SuperFastMode"],"gold_per_floor":[113,133,148,164,164,191,207,207,207,225,225,225,225,258,258,258,258],"floor_reached":16,"playtime":408,"items_purged":[],"score":224,"play_id":"66312d29-0495-41d2-9dd6-796d1ba99efe","local_time":"20201217153359","is_ascension_mode":true,"campfire_choices":[{"data":"Loop","floor":8,"key":"SMITH"},{"floor":11,"key":"REST"},{"floor":13,"key":"REST"},{"data":"Coolheaded","floor":15,"key":"SMITH"}],"circlet_count":0,"master_deck":["AscendersBane","Strike_B","Strike_B","Strike_B","Strike_B","Defend_B","Defend_B","Defend_B","Defend_B","Zap+1","Dualcast","Loop+1","Melter","FTL","Glacier","Self Repair","Skim","Go for the Eyes","Coolheaded+1"],"relics":["Nuclear Battery","Blue Candle","Blood Vial","Pen Nib","Matryoshka"],"acts_visited":["Exordium"],"potions_floor_usage":[6,16],"damage_taken":[{"damage":4,"enemies":"Small Slimes","floor":1,"turns":3},{"damage":3,"enemies":"2 Louse","floor":2,"turns":4},{"damage":7,"enemies":"Jaw Worm","floor":3,"turns":4},{"damage":5,"enemies":"3 Louse","floor":4,"turns":4},{"damage":24,"enemies":"Gremlin Nob","floor":6,"turns":4},{"damage":9,"enemies":"Large Slime","floor":7,"turns":7},{"damage":17,"enemies":"Exordium Thugs","floor":10,"turns":5},{"damage":14,"enemies":"Lagavulin","floor":14,"turns":9},{"damage":56,"enemies":"Slime Boss","floor":16,"turns":9}],"seed_played":"-3015065090156615610","potions_obtained":[{"floor":3,"key":"GamblersBrew"},{"floor":6,"key":"SteroidPotion"},{"floor":14,"key":"Block Potion"}],"is_trial":false,"path_per_floor":["M","M","M","M","?","E","M","R","T","M","R","?","R","E","R","B"],"character_chosen":"DEFECT","items_purchased":[],"campfire_rested":2,"item_purchase_floors":[],"current_hp_per_floor":[60,57,50,45,40,16,16,16,16,8,29,29,50,45,45,0,0],"gold":258,"neow_bonus":"BOSS_RELIC","is_daily":false,"chose_seed":false,"campfire_upgraded":2,"win_rate":0.0,"timestamp":1608186839,"path_taken":["M","M","M","M","?","E","M","R","T","M","R","?","R","E","R","BOSS"],"items_purchased_type":[],"build_version":"2020-12-13","purchased_purges":0,"victory":false,"max_hp_per_floor":[71,71,71,71,71,71,71,71,71,71,71,71,71,71,71,71,71],"card_choices":[{"not_picked":["Stack","Fusion"],"picked":"Loop","floor":1},{"not_picked":["Rebound","Gash"],"picked":"Melter","floor":2},{"not_picked":["Scrape","Steam"],"picked":"FTL","floor":3},{"not_picked":["Doom and Gloom","Gash"],"picked":"Glacier","floor":4},{"not_picked":["Leap","Darkness"],"picked":"Self Repair","floor":6},{"not_picked":["Steam Power","Fusion"],"picked":"Skim","floor":7},{"not_picked":["Hologram","Gash"],"picked":"Go for the Eyes","floor":10},{"not_picked":["Go for the Eyes","Hologram"],"picked":"Coolheaded","floor":14}],"player_experience":1351693,"relics_obtained":[{"floor":6,"key":"Blood Vial"},{"floor":9,"key":"Pen Nib"},{"floor":14,"key":"Matryoshka"}],"event_choices":[{"damage_healed":0,"gold_gain":0,"player_choice":"Success","damage_taken":5,"relics_obtained":["Blue Candle"],"max_hp_gain":0,"max_hp_loss":0,"event_name":"Scrap Ooze","floor":5,"gold_loss":0},{"damage_healed":0,"gold_gain":0,"player_choice":"Grow","damage_taken":0,"max_hp_gain":0,"max_hp_loss":0,"event_name":"Living Wall","floor":12,"gold_loss":0,"cards_upgraded":["Zap"]}],"is_beta":false,"boss_relics":[],"items_purged_floors":[],"is_endless":false,"potions_floor_spawned":[3,6,14],"killed_by":"Slime Boss","ascension_level":20}}