{"host":"684z1xpuwaoqmmh1","time":1608241414,"event":{"mods":["BaseMod","Downfall","Hermit","Jorbs\u0027s Wanderer Trilogy","Marisa????????","Minty Spire (QoL Compilation)","StSLib","The Hierophant","The Mystic"],"gold_per_floor":[99,109,137,137,154,79,79,105,123,148,158,158,32,51,61,61,61],"floor_reached":16,"playtime":726,"items_purged":["champ:Strike"],"score":195,"play_id":"df5c9bf8-4f99-4e0f-a74b-92180e296fff","local_time":"20201217234334","is_ascension_mode":true,"campfire_choices":[{"data":"champ:Taunt","floor":1,"key":"SMITH"},{"floor":4,"key":"RECALL"},{"data":"champ:Encircle","floor":6,"key":"SMITH"}],"circlet_count":0,"master_deck":["AscendersBane","champ:Strike","champ:Strike","champ:Defend","champ:Defend","champ:Defend","champ:Defend","champ:Execute","champ:Taunt+1","champ:Haymaker","champ:Encircle+1","champ:ShieldWall","champ:RecklessLeap","champ:Circumvent","champ:Backstep","champ:SwordThrow","champ:RapidStrikes","champ:Devastate","champ:IronFortress","champ:GladiatorsShout","champ:DefensiveStyle"],"relics":["champ:ChampionCrown","Blood Vial","downfall:HeartBlessingRed","Gremlin Horn","PreservedInsect","Bottled Lightning"],"acts_visited":["Exordium"],"potions_floor_usage":[8,11,16],"damage_taken":[{"damage":11,"enemies":"Jaw Worm","floor":2,"turns":4},{"damage":51,"enemies":"3 Sentries","floor":3,"turns":9},{"damage":7,"enemies":"Cultist","floor":5,"turns":4},{"damage":29,"enemies":"Lagavulin","floor":8,"turns":7},{"damage":20,"enemies":"Small Slimes","floor":9,"turns":2},{"damage":39,"enemies":"Gremlin Nob","floor":10,"turns":3},{"damage":6,"enemies":"Exordium Wildlife","floor":11,"turns":5},{"damage":27,"enemies":"downfall:FleeingMerchant","floor":13,"turns":4},{"damage":7,"enemies":"2 Fungi Beasts","floor":14,"turns":3},{"damage":15,"enemies":"Large Slime","floor":15,"turns":4},{"damage":30,"enemies":"downfall:Silent","floor":16,"turns":9}],"seed_played":"-1299098935738511593","potions_obtained":[{"floor":5,"key":"Weak Potion"},{"floor":8,"key":"SpeedPotion"},{"floor":10,"key":"Swift Potion"},{"floor":15,"key":"Explosive Potion"}],"is_trial":false,"path_per_floor":["R","M","E","R","M","R","T","E","M","E","M","?","$","M","M","B"],"character_chosen":"THE_CHAMP","items_purchased":["champ:IronFortress"],"campfire_rested":0,"item_purchase_floors":[13],"current_hp_per_floor":[90,84,53,53,55,55,55,42,41,27,27,27,24,26,28,0,0],"gold":61,"neow_bonus":"TEN_PERCENT_HP_BONUS","is_daily":false,"chose_seed":false,"campfire_upgraded":2,"win_rate":0.0,"timestamp":1608241414,"path_taken":["R","M","E","R","M","R","T","E","M","E","M","?","$","M","M","BOSS"],"items_purchased_type":["Card"],"build_version":"2020-12-13","purchased_purges":1,"victory":false,"max_hp_per_floor":[99,99,99,99,99,99,99,99,99,99,99,99,99,99,99,99,99],"card_choices":[{"not_picked":["champ:EnGarde","champ:Circumvent"],"picked":"champ:Haymaker","floor":2},{"not_picked":["champ:FocusedDefense","champ:BladeFlurry"],"picked":"champ:Encircle","floor":3},{"not_picked":["champ:EnGarde","champ:CrookedStrike"],"picked":"champ:ShieldWall","floor":5},{"not_picked":["champ:CalledShot","champ:DeathBlow"],"picked":"champ:RecklessLeap","floor":8},{"not_picked":["champ:Haymaker","champ:DeathBlow"],"picked":"champ:Circumvent","floor":9},{"not_picked":["champ:DefensiveShout","champ:Haymaker"],"picked":"champ:Backstep","floor":10},{"not_picked":["champ:RapidStrikes","champ:FocusedDefense"],"picked":"champ:SwordThrow","floor":11},{"not_picked":["champ:FightOn","champ:RapidStrikes"],"picked":"champ:Devastate","floor":13},{"not_picked":["champ:SwordSigil","champ:Haymaker"],"picked":"champ:GladiatorsShout","floor":14},{"not_picked":["champ:Backstep","champ:GladiatorStyle"],"picked":"champ:DefensiveStyle","floor":15}],"player_experience":2328769,"relics_obtained":[{"floor":3,"key":"Blood Vial"},{"floor":7,"key":"Gremlin Horn"},{"floor":8,"key":"PreservedInsect"},{"floor":10,"key":"Bottled Lightning"}],"event_choices":[{"damage_healed":0,"gold_gain":0,"cards_transformed":["champ:Strike"],"player_choice":"Transformed","damage_taken":0,"max_hp_gain":0,"max_hp_loss":0,"event_name":"Transmorgrifier","floor":12,"gold_loss":0,"cards_obtained":["champ:RapidStrikes"]}],"is_beta":false,"boss_relics":[],"items_purged_floors":[13],"is_endless":false,"potions_floor_spawned":[5,8,10,15],"killed_by":"downfall:Silent","ascension_level":12}}