{"host":"yecadp3kwkksam5a","time":1608219962,"event":{"mods":["BaseMod","Minty Spire (QoL Compilation)","StSLib","The Gatherer"],"gold_per_floor":[114,189,204,223,241,269,269,302,302,302,318,350,55,69,69,167,167,177,276,196,215,227,227,240,268,294,321,321,334,352,382,382,484,484,500,500,512,529,546,546,573,573,573,573,586,125,125,153,153,153,153,153,103,135,135],"floor_reached":56,"playtime":2149,"items_purged":["Strike_R","Strike_R","Defend_R","Thunderclap+1"],"score":1998,"play_id":"76d308d7-2d7f-496f-b640-99838c3711af","local_time":"20201218004602","is_ascension_mode":true,"campfire_choices":[{"data":"Bash","floor":7.0,"key":"SMITH"},{"data":"Seeing Red","floor":10.0,"key":"SMITH"},{"data":"Double Tap","floor":15.0,"key":"SMITH"},{"data":"Dropkick","floor":23.0,"key":"SMITH"},{"floor":32.0,"key":"RECALL"},{"data":"Offering","floor":40.0,"key":"SMITH"},{"data":"Shockwave","floor":42.0,"key":"SMITH"},{"floor":47.0,"key":"REST"},{"floor":49.0,"key":"REST"},{"floor":52.0,"key":"REST"}],"circlet_count":0,"master_deck":["Bash+1","Rage+1","Dropkick+1","Headbutt+1","Seeing Red+1","Dropkick+1","Dropkick+1","Double Tap+1","Dropkick+1","Warcry+1","Dropkick+1","Offering+1","Shockwave+1","Warcry+1"],"relics":["Astrolabe","PreservedInsect","Lantern","The Courier","Molten Egg 2","DollysMirror","Runic Pyramid","Sundial","Regal Pillow","White Beast Statue","Empty Cage","Whetstone","Pantograph","Vajra","Akabeko","Bag of Preparation","Smiling Mask","Pocketwatch"],"acts_visited":["Exordium","TheCity","TheBeyond","TheEnding"],"potions_floor_usage":[],"damage_taken":[{"damage":3.0,"enemies":"2 Louse","floor":1.0,"turns":4.0},{"damage":0.0,"enemies":"Small Slimes","floor":3.0,"turns":3.0},{"damage":0.0,"enemies":"Cultist","floor":4.0,"turns":2.0},{"damage":0.0,"enemies":"2 Fungi Beasts","floor":5.0,"turns":3.0},{"damage":0.0,"enemies":"Lagavulin","floor":6.0,"turns":7.0},{"damage":20.0,"enemies":"3 Sentries","floor":8.0,"turns":10.0},{"damage":0.0,"enemies":"Gremlin Gang","floor":11.0,"turns":6.0},{"damage":0.0,"enemies":"Gremlin Nob","floor":12.0,"turns":3.0},{"damage":8.0,"enemies":"Blue Slaver","floor":14.0,"turns":2.0},{"damage":4.0,"enemies":"Hexaghost","floor":16.0,"turns":4.0},{"damage":17.0,"enemies":"2 Thieves","floor":18.0,"turns":3.0},{"damage":6.0,"enemies":"Spheric Guardian","floor":21.0,"turns":3.0},{"damage":0.0,"enemies":"Snecko","floor":22.0,"turns":3.0},{"damage":0.0,"enemies":"Snake Plant","floor":24.0,"turns":3.0},{"damage":0.0,"enemies":"Gremlin Leader","floor":25.0,"turns":3.0},{"damage":4.0,"enemies":"Book of Stabbing","floor":27.0,"turns":2.0},{"damage":16.0,"enemies":"Centurion and Healer","floor":29.0,"turns":3.0},{"damage":7.0,"enemies":"Cultist and Chosen","floor":30.0,"turns":4.0},{"damage":4.0,"enemies":"Gremlin Leader","floor":31.0,"turns":3.0},{"damage":0.0,"enemies":"Automaton","floor":33.0,"turns":4.0},{"damage":1.0,"enemies":"Orb Walker","floor":35.0,"turns":2.0},{"damage":9.0,"enemies":"3 Shapes","floor":37.0,"turns":1.0},{"damage":0.0,"enemies":"Transient","floor":38.0,"turns":5.0},{"damage":6.0,"enemies":"3 Darklings","floor":39.0,"turns":1.0},{"damage":6.0,"enemies":"Reptomancer","floor":41.0,"turns":1.0},{"damage":0.0,"enemies":"Spire Growth","floor":45.0,"turns":2.0},{"damage":6.0,"enemies":"Giant Head","floor":48.0,"turns":1.0},{"damage":6.0,"enemies":"Donu and Deca","floor":50.0,"turns":1.0},{"damage":6.0,"enemies":"Shield and Spear","floor":54.0,"turns":1.0},{"damage":23,"enemies":"The Heart","floor":55,"turns":3}],"seed_played":"-8709676971158541365","potions_obtained":[{"floor":3.0,"key":"Strength Potion"},{"floor":5.0,"key":"BloodPotion"},{"floor":8.0,"key":"DistilledChaos"}],"is_trial":false,"path_per_floor":["M","?","M","M","M","E","R","E","T","R","M","E","$","M","R","B",null,"M","?","$","M","M","R","M","E","T","E","?","M","M","E","R","B",null,"M","?","M","M","M","R","E","R","T","?","M","$","R","E","R","B",null,"R","$","E","B",null],"character_chosen":"IRONCLAD","items_purchased":["DollysMirror","Double Tap","Vajra","Akabeko","Bag of Preparation"],"campfire_rested":3,"item_purchase_floors":[13,13,46,46,46],"current_hp_per_floor":[69,58,58,58,58,58,58,38,38,38,38,38,38,30,30,26,67,50,50,50,44,44,44,44,44,44,40,40,24,17,13,13,13,63,62,62,53,53,47,47,41,41,41,41,41,41,80,74,80,74,79,80,80,74,57],"gold":135,"neow_bonus":"BOSS_RELIC","is_daily":false,"chose_seed":true,"campfire_upgraded":6,"win_rate":0.0,"timestamp":1608219962,"path_taken":["M","?","M","M","M","E","R","E","T","R","M","E","$","M","R","BOSS","M","?","$","M","M","R","M","E","T","E","?","?","M","E","R","BOSS","M","?","M","?","M","R","E","R","T","?","M","$","R","E","R","BOSS","R","$","E","BOSS"],"items_purchased_type":["Relic","Card","Relic","Relic","Relic"],"build_version":"2020-12-13","purchased_purges":4,"victory":true,"max_hp_per_floor":[80,80,80,80,80,80,80,80,80,80,80,80,80,80,80,80,80,80,80,80,80,80,80,80,80,80,80,80,80,80,80,80,80,80,80,80,80,80,80,80,80,80,80,80,80,80,80,80,80,80,80,80,80,80,80],"card_choices":[{"not_picked":["Wild Strike","Clothesline"],"picked":"Seeing Red","floor":1.0},{"not_picked":["Burning Pact","Fire Breathing","Shrug It Off"],"picked":"SKIP","floor":3.0},{"not_picked":["Warcry","Searing Blow","Heavy Blade"],"picked":"SKIP","floor":4.0},{"not_picked":["Twin Strike","Clothesline","Body Slam"],"picked":"SKIP","floor":5.0},{"not_picked":["Dual Wield","Sentinel","Intimidate"],"picked":"SKIP","floor":6.0},{"not_picked":["Reaper","Pommel Strike","Sword Boomerang"],"picked":"SKIP","floor":8.0},{"not_picked":["Sever Soul","Reckless Charge"],"picked":"Dropkick","floor":11.0},{"not_picked":["Blood for Blood+1","Sentinel"],"picked":"Thunderclap+1","floor":12.0},{"not_picked":["Thunderclap+1","Flex"],"picked":"Dropkick+1","floor":14.0},{"not_picked":["Armaments+1","Iron Wave+1"],"picked":"Warcry+1","floor":18.0},{"not_picked":["Twin Strike+1","Clash+1","Body Slam+1"],"picked":"SKIP","floor":21.0},{"not_picked":["Iron Wave+1","Warcry","Cleave+1"],"picked":"SKIP","floor":22.0},{"not_picked":["Reckless Charge+1","Cleave+1","Perfected Strike+1"],"picked":"SKIP","floor":24.0},{"not_picked":["Immolate+1","Anger+1","Whirlwind+1"],"picked":"SKIP","floor":25.0},{"not_picked":["Pommel Strike+1","Thunderclap+1","Infernal Blade+1"],"picked":"SKIP","floor":27.0},{"not_picked":["Whirlwind+1","Pummel+1","Twin Strike+1"],"picked":"SKIP","floor":29.0},{"not_picked":["Shrug It Off","Headbutt+1","Thunderclap+1"],"picked":"SKIP","floor":30.0},{"not_picked":["Fiend Fire+1","Clash+1","Rage"],"picked":"SKIP","floor":31.0},{"not_picked":["Double Tap","Fiend Fire+1"],"picked":"Offering","floor":33.0},{"not_picked":["Shrug It Off+1","Sentinel","Body Slam+1"],"picked":"SKIP","floor":35.0},{"not_picked":["Dark Embrace+1","Reckless Charge+1"],"picked":"Warcry+1","floor":37.0},{"not_picked":["Pommel Strike+1","Intimidate+1","Shockwave+1"],"picked":"SKIP","floor":38.0},{"not_picked":["Havoc+1","Clash+1","Blood for Blood+1"],"picked":"SKIP","floor":39.0},{"not_picked":["Immolate+1","Second Wind","Twin Strike+1"],"picked":"SKIP","floor":41.0},{"not_picked":["Rupture+1","Shrug It Off","True Grit+1"],"picked":"SKIP","floor":45.0},{"not_picked":["Clothesline+1","Cleave+1","Perfected Strike+1"],"picked":"SKIP","floor":48.0},{"not_picked":["Battle Trance+1","Entrench","Heavy Blade+1"],"picked":"SKIP","floor":54.0}],"player_experience":227902,"relics_obtained":[{"floor":6.0,"key":"PreservedInsect"},{"floor":8.0,"key":"Lantern"},{"floor":9.0,"key":"The Courier"},{"floor":12.0,"key":"Molten Egg 2"},{"floor":25.0,"key":"Sundial"},{"floor":27.0,"key":"Regal Pillow"},{"floor":31.0,"key":"White Beast Statue"},{"floor":41.0,"key":"Whetstone"},{"floor":43.0,"key":"Pantograph"},{"floor":48.0,"key":"Smiling Mask"},{"floor":54.0,"key":"Pocketwatch"}],"event_choices":[{"damage_healed":0.0,"max_hp_gain":0.0,"max_hp_loss":0.0,"gold_gain":75.0,"event_name":"World of Goop","player_choice":"Gather Gold","floor":2.0,"gold_loss":0.0,"damage_taken":11.0},{"damage_healed":0.0,"max_hp_gain":0.0,"max_hp_loss":0.0,"gold_gain":99.0,"event_name":"Nest","player_choice":"Stole From Cult","floor":19.0,"gold_loss":0.0,"damage_taken":0.0},{"damage_healed":0.0,"max_hp_gain":0.0,"max_hp_loss":0.0,"gold_gain":0.0,"event_name":"Duplicator","player_choice":"Copied","floor":28.0,"gold_loss":0.0,"damage_taken":0.0,"cards_obtained":["Dropkick"]},{"damage_healed":0.0,"max_hp_gain":0.0,"max_hp_loss":0.0,"gold_gain":0.0,"cards_transformed":["Defend_R"],"event_name":"Transmorgrifier","player_choice":"Transformed","floor":36.0,"gold_loss":0.0,"damage_taken":0.0,"cards_obtained":["Shockwave"]},{"damage_healed":0.0,"max_hp_gain":0.0,"max_hp_loss":0.0,"gold_gain":0.0,"event_name":"Tomb of Lord Red Mask","player_choice":"Ignored","floor":44.0,"gold_loss":0.0,"damage_taken":0.0}],"is_beta":false,"boss_relics":[{"not_picked":["Pandora\u0027s Box","Black Star"],"picked":"Runic Pyramid"},{"not_picked":["SacredBark","Runic Cube"],"picked":"Empty Cage"}],"items_purged_floors":[13,20,46,53],"is_endless":false,"potions_floor_spawned":[3,5,8,12,21,22,29,33,35,37,38,39,41,45,48,54],"ascension_level":7}}