{"host":"p245q48pmopyklqs","time":1608185020,"event":{"mods":["AchievementEnabler","BaseMod","DeckTracker","Minty Spire (QoL Compilation)","Relic Stats","StSLib","SuperFastMode"],"gold_per_floor":[18,18,33,33,53,53,96,96,150,150,150,150,163,184,184,280,280,301,316,336,336,336,336,349,374,421,421,446,446,469,493,493,493,493],"floor_reached":33,"playtime":955,"items_purged":[],"score":502,"play_id":"967d6047-81b0-48a3-b920-42370b1299da","local_time":"20201217150340","is_ascension_mode":true,"campfire_choices":[{"data":"Zap","floor":6,"key":"SMITH"},{"floor":8,"key":"REST"},{"data":"Dualcast","floor":12,"key":"SMITH"},{"data":"Go for the Eyes","floor":15,"key":"SMITH"},{"data":"Defragment","floor":23,"key":"SMITH"},{"data":"Chaos","floor":27,"key":"SMITH"},{"floor":29,"key":"REST"},{"floor":32,"key":"REST"}],"circlet_count":0,"master_deck":["AscendersBane","Strike_B","Defend_B","Defend_B","Defend_B","Zap+1","Dualcast+1","Genetic Algorithm","Compile Driver","Streamline+1","Chill","Conserve Battery","Go for the Eyes+1","Reboot","Cold Snap","Sweeping Beam+1","Defragment+1","Chaos+1","Capacitor+1"],"relics":["Cracked Core","Golden Idol","Pen Nib","Tiny Chest","Unceasing Top","Sozu","Letter Opener"],"acts_visited":["Exordium","TheCity"],"potions_floor_usage":[14,16,30],"damage_taken":[{"damage":6,"enemies":"Jaw Worm","floor":1,"turns":5},{"damage":9,"enemies":"2 Louse","floor":3,"turns":3},{"damage":5,"enemies":"Small Slimes","floor":5,"turns":3},{"damage":32,"enemies":"Gremlin Nob","floor":7,"turns":4},{"damage":2,"enemies":"3 Louse","floor":13,"turns":3},{"damage":0,"enemies":"Gremlin Gang","floor":14,"turns":3},{"damage":19,"enemies":"Hexaghost","floor":16,"turns":10},{"damage":10,"enemies":"2 Thieves","floor":18,"turns":4},{"damage":0,"enemies":"3 Byrds","floor":19,"turns":5},{"damage":12,"enemies":"Shelled Parasite and Fungi","floor":20,"turns":5},{"damage":0,"enemies":"3 Cultists","floor":24,"turns":4},{"damage":9,"enemies":"Snake Plant","floor":25,"turns":4},{"damage":0,"enemies":"Shelled Parasite and Fungi","floor":28,"turns":4},{"damage":0,"enemies":"Cultist and Chosen","floor":30,"turns":4},{"damage":23,"enemies":"Sentry and Sphere","floor":31,"turns":5},{"damage":51,"enemies":"Champ","floor":33,"turns":10}],"seed_played":"-3065679969688655524","potions_obtained":[{"floor":3,"key":"Explosive Potion"},{"floor":7,"key":"PowerPotion"},{"floor":16,"key":"Fire Potion"}],"is_trial":false,"path_per_floor":["M","?","M","?","M","R","E","R","T","?","?","R","M","M","R","B",null,"M","M","M","T","?","R","M","M","T","R","M","R","M","M","R","B"],"character_chosen":"DEFECT","items_purchased":[],"campfire_rested":3,"item_purchase_floors":[],"current_hp_per_floor":[58,58,49,42,37,37,5,24,24,24,24,24,22,22,22,3,49,39,39,27,27,27,27,27,18,18,18,18,37,37,14,33,0,0],"gold":493,"neow_bonus":"REMOVE_TWO","is_daily":false,"chose_seed":false,"campfire_upgraded":5,"win_rate":0.0,"timestamp":1608185020,"path_taken":["M","?","M","?","M","R","E","R","T","?","?","R","M","M","R","BOSS","M","M","?","?","?","R","M","M","T","R","?","R","M","M","R","BOSS"],"items_purchased_type":[],"build_version":"2020-12-13","purchased_purges":0,"victory":false,"max_hp_per_floor":[71,64,64,64,64,64,64,64,64,64,64,64,64,64,64,64,64,64,64,64,64,64,64,64,64,64,64,64,64,64,64,64,64,64],"relic_stats":{"Sozu":4,"counters":[16,76],"Golden Idol":76,"Tiny Chest":1,"Pen Nib":[13],"Letter Opener":[60],"obtain_stats":[{"Sozu":17,"Golden Idol":2,"Tiny Chest":9,"Pen Nib":7,"Letter Opener":21,"Cracked Core":0,"Unceasing Top":10},{"Sozu":7,"Golden Idol":1,"Tiny Chest":4,"Pen Nib":4,"Letter Opener":10,"Cracked Core":0,"Unceasing Top":4},{"Sozu":31,"Golden Idol":5,"Tiny Chest":15,"Pen Nib":15,"Letter Opener":45,"Cracked Core":0,"Unceasing Top":15}],"Unceasing Top":[17]},"card_choices":[{"not_picked":["Beam Cell","Stack"],"picked":"Genetic Algorithm","floor":1},{"not_picked":["Force Field","Barrage"],"picked":"Compile Driver","floor":3},{"not_picked":["Consume","Turbo"],"picked":"Streamline","floor":5},{"not_picked":["Steam Power","Storm"],"picked":"Chill","floor":7},{"not_picked":["Redo","Aggregate"],"picked":"Conserve Battery","floor":13},{"not_picked":["Blizzard","Turbo"],"picked":"Go for the Eyes","floor":14},{"not_picked":["Meteor Strike","All For One"],"picked":"Reboot","floor":16},{"not_picked":["Go for the Eyes","Redo"],"picked":"Cold Snap","floor":18},{"not_picked":["Leap","Turbo"],"picked":"Sweeping Beam+1","floor":19},{"not_picked":["BootSequence","Self Repair"],"picked":"Defragment","floor":20},{"not_picked":["Barrage","Conserve Battery"],"picked":"Chaos","floor":24},{"not_picked":["Gash","Barrage+1"],"picked":"Capacitor+1","floor":25},{"not_picked":["Auto Shields","Redo","Undo"],"picked":"SKIP","floor":28},{"not_picked":["Hyperbeam","Redo","Conserve Battery"],"picked":"SKIP","floor":30},{"not_picked":["Conserve Battery","Turbo","Sunder"],"picked":"SKIP","floor":31}],"player_experience":2294551,"relics_obtained":[{"floor":7,"key":"Pen Nib"},{"floor":9,"key":"Tiny Chest"},{"floor":21,"key":"Letter Opener"}],"event_choices":[{"damage_healed":0,"gold_gain":0,"player_choice":"Lose Max HP","damage_taken":0,"relics_obtained":["Golden Idol"],"max_hp_gain":0,"max_hp_loss":7,"event_name":"Golden Idol","floor":2,"gold_loss":0},{"cards_removed":["Defend_B"],"damage_healed":0,"gold_gain":0,"player_choice":"Card Removal","damage_taken":7,"max_hp_gain":0,"max_hp_loss":0,"event_name":"Golden Wing","floor":4,"gold_loss":0},{"damage_healed":0,"gold_gain":0,"player_choice":"Searched \u00271\u0027 times","damage_taken":0,"relics_obtained":["Unceasing Top"],"max_hp_gain":0,"max_hp_loss":0,"event_name":"Dead Adventurer","floor":10,"gold_loss":0},{"damage_healed":0,"gold_gain":0,"player_choice":"Forge","damage_taken":0,"max_hp_gain":0,"max_hp_loss":0,"event_name":"Accursed Blacksmith","floor":11,"gold_loss":0,"cards_upgraded":["Streamline"]},{"cards_removed":["Strike_B"],"damage_healed":0,"gold_gain":0,"player_choice":"Purged","damage_taken":0,"max_hp_gain":0,"max_hp_loss":0,"event_name":"Purifier","floor":22,"gold_loss":0}],"is_beta":false,"boss_relics":[{"not_picked":["Black Star","Busted Crown"],"picked":"Sozu"}],"items_purged_floors":[],"is_endless":false,"potions_floor_spawned":[3,7,16,20,24,25,30],"killed_by":"Champ","ascension_level":20}}