{"host":"0tiuc76yumknr6qf","time":1608169550,"event":{"mods":["BaseMod","Highlight Path","Jedi Mod","Minty Spire (QoL Compilation)","StSLib"],"gold_per_floor":[111,124,124,124,147,181,181,204,228,253,253,267,267,95,95,186,186,199,217,67,67,67,67,67,88,133,133,133],"floor_reached":27,"playtime":1361,"items_purged":["Hello World","Hello World"],"score":426,"play_id":"43079a7b-3c42-4e51-97b6-311b9fd9b177","local_time":"20201216194550","is_ascension_mode":true,"campfire_choices":[{"floor":7,"key":"REST"},{"floor":11,"key":"REST"},{"data":"Hologram","floor":13,"key":"SMITH"},{"floor":15,"key":"REST"},{"data":"jedi:studyfrost","floor":23,"key":"SMITH"}],"circlet_count":0,"master_deck":["AscendersBane","Zap","Dualcast","Multi-Cast","Compile Driver","Hologram+1","Cold Snap","jedi:studyfrost+1","Barrage","Loop","Cold Snap","Biased Cognition","Force Field","Sweeping Beam","Creative AI","All For One","Aggregate","Lockon","Sunder+1","jedi:spotbugs","jedi:BurstFrost","Capacitor"],"relics":["Cracked Core","jedi:cryingmask","Golden Idol","MealTicket","Art of War","DataDisk","Pandora\u0027s Box","Juzu Bracelet","jedi:arcanewood"],"acts_visited":["Exordium","TheCity"],"potions_floor_usage":[6,12,19],"damage_taken":[{"damage":1.0,"enemies":"Small Slimes","floor":1.0,"turns":4.0},{"damage":2.0,"enemies":"Jaw Worm","floor":2.0,"turns":4.0},{"damage":4.0,"enemies":"2 Louse","floor":5.0,"turns":2.0},{"damage":50,"enemies":"Gremlin Nob","floor":6,"turns":5},{"damage":9,"enemies":"Blue Slaver","floor":8,"turns":4},{"damage":8,"enemies":"Large Slime","floor":10,"turns":4},{"damage":12,"enemies":"Gremlin Gang","floor":12,"turns":3},{"damage":26,"enemies":"Slime Boss","floor":16,"turns":4},{"damage":21,"enemies":"Shell Parasite","floor":18,"turns":8},{"damage":11,"enemies":"2 Thieves","floor":19,"turns":2},{"damage":12,"enemies":"Chosen and Byrds","floor":25,"turns":4},{"damage":26,"enemies":"Shelled Parasite and Fungi","floor":27,"turns":2}],"seed_played":"7720138305403688333","potions_obtained":[{"floor":2.0,"key":"jedi:coolantleak"},{"floor":6,"key":"Strength Potion"},{"floor":10,"key":"SkillPotion"},{"floor":16,"key":"jedi:StrikingPotion"},{"floor":18,"key":"DuplicationPotion"},{"floor":19,"key":"jedi:tentaclejuice"}],"is_trial":false,"path_per_floor":["M","M","?","?","M","E","R","M","T","M","R","M","R","$","R","B",null,"M","M","$","?","?","R","?","M","T","M"],"character_chosen":"DEFECT","items_purchased":["DataDisk"],"campfire_rested":3,"item_purchase_floors":[14],"current_hp_per_floor":[63,61,56,56,52,2,21,12,12,4,23,11,11,26,45,19,53,32,21,36,36,36,36,36,24,24,0,0],"gold":133,"neow_bonus":"ONE_RANDOM_RARE_CARD","is_daily":false,"chose_seed":false,"campfire_upgraded":2,"win_rate":0.0,"timestamp":1608169550,"path_taken":["M","M","?","?","M","E","R","M","T","?","R","M","R","$","R","BOSS","M","M","$","?","?","R","?","M","T","M"],"items_purchased_type":["Relic"],"build_version":"2020-12-13","purchased_purges":2,"victory":false,"max_hp_per_floor":[71,71,71,64,64,64,64,64,64,64,64,64,64,64,64,64,64,64,64,64,64,64,64,64,64,64,64,64],"card_choices":[{"not_picked":["Chaos","Redo"],"picked":"Compile Driver","floor":1.0},{"not_picked":["Recycle","Stack"],"picked":"Hologram","floor":2.0},{"not_picked":["Rip and Tear","Steam"],"picked":"Cold Snap","floor":5.0},{"not_picked":["jedi:blockon","Compile Driver"],"picked":"jedi:studyfrost","floor":6},{"not_picked":["Cold Snap","FTL"],"picked":"Barrage","floor":8},{"not_picked":["Cold Snap","jedi:reiji"],"picked":"Loop","floor":10},{"not_picked":["Hologram","Gash"],"picked":"Cold Snap","floor":12},{"not_picked":["jedi:meditation","Amplify"],"picked":"Biased Cognition","floor":16},{"not_picked":["jedi:sharpshooter","Stack"],"picked":"Sunder","floor":18},{"not_picked":["Rebound","Sweeping Beam"],"picked":"jedi:spotbugs","floor":19},{"not_picked":["Lockon","Gash"],"picked":"Capacitor","floor":25}],"player_experience":1808048,"relics_obtained":[{"floor":6,"key":"MealTicket"},{"floor":9,"key":"Art of War"},{"floor":21,"key":"Juzu Bracelet"},{"floor":26,"key":"jedi:arcanewood"}],"event_choices":[{"damage_healed":0.0,"max_hp_gain":0.0,"max_hp_loss":0.0,"gold_gain":0.0,"event_name":"Scrap Ooze","player_choice":"Success","floor":3.0,"gold_loss":0.0,"damage_taken":5.0,"relics_obtained":["jedi:cryingmask"]},{"damage_healed":0.0,"max_hp_gain":0.0,"max_hp_loss":7.0,"gold_gain":0.0,"event_name":"Golden Idol","player_choice":"Lose Max HP","floor":4.0,"gold_loss":0.0,"damage_taken":0.0,"relics_obtained":["Golden Idol"]},{"damage_healed":0,"gold_gain":0,"player_choice":"Read","damage_taken":0,"max_hp_gain":0,"max_hp_loss":0,"event_name":"The Library","floor":22,"gold_loss":0,"cards_obtained":["jedi:BurstFrost"]},{"damage_healed":0,"gold_gain":0,"player_choice":"Forge","damage_taken":0,"max_hp_gain":0,"max_hp_loss":0,"event_name":"Accursed Blacksmith","floor":24,"gold_loss":0,"cards_upgraded":["Sunder"]}],"is_beta":false,"boss_relics":[{"not_picked":["SacredBark","Snecko Eye"],"picked":"Pandora\u0027s Box"}],"items_purged_floors":[20,20],"is_endless":false,"potions_floor_spawned":[2,6,10,16,18,19],"killed_by":"Shelled Parasite and Fungi","ascension_level":20}}