{"host":"ye7dkdlypz0ka1od","time":1608238015,"event":{"mods":["Aspiration","BaseMod","Downfall","Infinite Spire","Marisa????????","Minty Spire (QoL Compilation)","StSLib","The Exalted"],"gold_per_floor":[99,109,129,140,50,67,67,67,93,93,93,93,113,123,140,244,244,169,154,185,195,195,195,248,283,168,93,111,122,138,138,150,254,254,254,114,114,114,114,128,128,128,128,128,128,128,142,142,153,153],"floor_reached":51,"playtime":3397,"items_purged":["champ:Strike","champ:Defend","champ:PerfectForm","champ:Defend","Guardian:Aged"],"score":685,"play_id":"6e4fe591-377c-4dd8-8597-d46ac52d61d0","local_time":"20201217154655","is_ascension_mode":false,"campfire_choices":[{"data":"champ:Taunt","floor":1.0,"key":"SMITH"},{"data":"champ:GladiatorStyle","floor":8.0,"key":"SMITH"},{"floor":10.0,"key":"RECALL"},{"data":"champ:ViciousMockery","floor":18.0,"key":"SMITH"},{"data":"champ:TornadoPunch","floor":27,"key":"SMITH"},{"data":"champ:CheapShot","floor":35,"key":"SMITH"},{"data":"champ:Lariat","floor":39,"key":"SMITH"},{"data":"champ:CrookedStrike","floor":42,"key":"SMITH"},{"data":"champ:SteelEdge","floor":44,"key":"SMITH"}],"circlet_count":0,"master_deck":["champ:Strike","champ:Strike","champ:Defend","champ:Execute","champ:Taunt+1","champ:GladiatorStyle+1","champ:ShieldWall","champ:Shatter","champ:Lariat+1","champ:BringItOn","champ:ViciousMockery+1","champ:FanOfKnives","champ:DefensiveShout+1","champ:ShieldSlam","champ:TornadoPunch+1","champ:Backstep+1","champ:Riposte","champ:RisingSlash+1","champ:SteelEdge+1","champ:CheapShot+1","champ:Lariat+1","Writhe","champ:CrookedStrike+1","infinitespire:Pacifist"],"relics":["champ:ChampionCrown","Meat on the Bone","Nunchaku","Bromod:ArcaneBarrier","downfall:HeartBlessingRed","aspiration:HatOfInfinitePower","aspiration:Lifesprig","infinitespire:Satchel","downfall:HeartBlessingGreen","Cursed Key","Centennial Puzzle","Mercury Hourglass"],"acts_visited":["Exordium","TheCity","TheBeyond"],"potions_floor_usage":[21,36,50],"damage_taken":[{"damage":19.0,"enemies":"Cultist","floor":2.0,"turns":4.0},{"damage":15.0,"enemies":"Small Slimes","floor":3.0,"turns":4.0},{"damage":14.0,"enemies":"Jaw Worm","floor":4.0,"turns":4.0},{"damage":11.0,"enemies":"downfall:FleeingMerchant","floor":5.0,"turns":4.0},{"damage":21.0,"enemies":"Large Slime","floor":6.0,"turns":7.0},{"damage":29.0,"enemies":"3 Sentries","floor":9.0,"turns":8.0},{"damage":19.0,"enemies":"Blue Slaver","floor":13.0,"turns":5.0},{"damage":0.0,"enemies":"3 Louse","floor":14.0,"turns":4.0},{"damage":0.0,"enemies":"Lots of Slimes","floor":15.0,"turns":7.0},{"damage":82.0,"enemies":"downfall:Silent","floor":16.0,"turns":15.0},{"damage":6.0,"enemies":"downfall:FleeingMerchant","floor":19.0,"turns":4.0},{"damage":41,"enemies":"Book of Stabbing","floor":20,"turns":7},{"damage":20,"enemies":"3 Byrds","floor":21,"turns":5},{"damage":86,"enemies":"Gremlin Leader","floor":25,"turns":15},{"damage":6,"enemies":"downfall:FleeingMerchant","floor":26,"turns":4},{"damage":21,"enemies":"Shell Parasite","floor":28,"turns":4},{"damage":2,"enemies":"Chosen and Byrds","floor":29,"turns":4},{"damage":22,"enemies":"Shelled Parasite and Fungi","floor":30,"turns":4},{"damage":8,"enemies":"Snecko","floor":32,"turns":5},{"damage":42,"enemies":"downfall:Watcher","floor":33,"turns":11},{"damage":8,"enemies":"downfall:FleeingMerchant","floor":36,"turns":5},{"damage":0,"enemies":"3 Darklings","floor":40,"turns":5},{"damage":1,"enemies":"Orb Walker","floor":47,"turns":3},{"damage":10,"enemies":"Jaw Worm Horde","floor":49,"turns":3},{"damage":92,"enemies":"downfall:Defect","floor":50,"turns":12}],"seed_played":"-2089632211319374471","potions_obtained":[{"floor":2.0,"key":"GamblersBrew"},{"floor":14.0,"key":"Swift Potion"},{"floor":16.0,"key":"DuplicationPotion"},{"floor":20,"key":"Fire Potion"},{"floor":30,"key":"Ancient Potion"},{"floor":40,"key":"Explosive Potion"},{"floor":46,"key":"SkillPotion"}],"is_trial":false,"path_per_floor":["R","M","M","M","$","M","T","R","E","R","?","?","M","M","M","B",null,"R","$","E","M","?","?","T","E","$","R","M","M","M","AVR","M","B",null,"R","$","?","?","R","M","T","R","AVR","R","T","?","M","?","M","B",null],"character_chosen":"THE_CHAMP","items_purchased":[],"campfire_rested":0,"item_purchase_floors":[],"current_hp_per_floor":[99,90,85,79,74,61,61,61,49,49,59,59,69,69,69,47,109,109,109,91,80,80,80,80,46,58,58,67,65,60,60,67,59,109,109,109,109,109,109,109,109,109,109,109,109,109,108,108,98,45],"gold":153,"neow_bonus":"TEN_PERCENT_HP_BONUS","is_daily":false,"chose_seed":false,"campfire_upgraded":8,"win_rate":0.0,"timestamp":1608238015,"path_taken":["R","M","?","M","$","M","T","R","E","R","?","?","M","?","M","BOSS","R","$","E","M","?","?","T","E","$","R","M","M","M","AVR","M","BOSS","R","$","?","?","R","M","T","R","AVR","R","?","?","?","?","M","BOSS"],"items_purchased_type":[],"build_version":"2020-12-13","purchased_purges":5,"victory":true,"max_hp_per_floor":[99,99,99,99,99,99,99,99,99,99,109,109,109,109,109,109,109,109,109,109,109,109,109,109,109,109,109,109,109,109,109,109,109,109,109,109,109,109,109,109,109,109,109,109,109,109,109,109,109,109],"card_choices":[{"not_picked":["champ:FlashCut","champ:StanceDance"],"picked":"champ:GladiatorStyle","floor":2.0},{"not_picked":["champ:TornadoPunch","champ:StanceDance"],"picked":"champ:ShieldWall","floor":3.0},{"not_picked":["champ:GladiatorsShout","champ:FightOn"],"picked":"champ:Shatter","floor":4.0},{"not_picked":["champ:Encircle","champ:HeartStrike","champ:RecklessLeap"],"picked":"SKIP","floor":5.0},{"not_picked":["champ:DefensiveShout","champ:AdrenalArmor","champ:Encircle"],"picked":"SKIP","floor":6.0},{"not_picked":["champ:Encircle","champ:PerfectedStrike"],"picked":"champ:Lariat","floor":9.0},{"not_picked":["champ:CrookedStrike","champ:FanOfKnives"],"picked":"champ:BringItOn","floor":13.0},{"not_picked":["champ:Backstep","champ:Haymaker"],"picked":"champ:ViciousMockery","floor":14.0},{"not_picked":["champ:BladeFlurry","champ:BerserkersShout"],"picked":"champ:FanOfKnives","floor":15.0},{"not_picked":["champ:SwordThrow","champ:LastStand"],"picked":"champ:PerfectForm","floor":16.0},{"not_picked":["champ:Encircle","champ:FanOfKnives"],"picked":"champ:DefensiveShout+1","floor":19},{"not_picked":["champ:GladiatorsShout","champ:CrownThrow"],"picked":"champ:ShieldSlam","floor":20},{"not_picked":["champ:Backstep+1","champ:BerserkersShout+1","champ:BladeFlurry"],"picked":"SKIP","floor":21},{"not_picked":["champ:DefensiveStyle","champ:FightOn"],"picked":"champ:TornadoPunch","floor":25},{"not_picked":["champ:BringItOn","champ:BerserkersShout"],"picked":"champ:Backstep+1","floor":26},{"not_picked":["champ:RecklessLeap+1","champ:FanOfKnives"],"picked":"champ:Riposte","floor":28},{"not_picked":["champ:FocusedDefense","champ:SkillfulDodge"],"picked":"champ:RisingSlash+1","floor":29},{"not_picked":["champ:FanOfKnives","champ:AdrenalArmor"],"picked":"champ:SteelEdge","floor":30},{"not_picked":["champ:TornadoPunch","champ:EnragedBash","champ:CrookedStrike+1"],"picked":"SKIP","floor":32},{"not_picked":["champ:SteelEdge","champ:IgnorePain"],"picked":"champ:CheapShot","floor":33},{"not_picked":["champ:BladeFlurry","champ:HeartStrike"],"picked":"champ:Lariat","floor":36},{"not_picked":["champ:TornadoPunch+1","champ:Haymaker+1"],"picked":"champ:CrookedStrike","floor":40},{"not_picked":["champ:Circumvent","champ:CalledShot","champ:StanceDance"],"picked":"SKIP","floor":47},{"not_picked":["champ:EnragedBash","champ:TornadoPunch+1","champ:CrookedStrike+1"],"picked":"SKIP","floor":49}],"player_experience":1446634,"relics_obtained":[{"floor":7.0,"key":"Meat on the Bone"},{"floor":9.0,"key":"Nunchaku"},{"floor":20,"key":"aspiration:HatOfInfinitePower"},{"floor":24,"key":"aspiration:Lifesprig"},{"floor":25,"key":"infinitespire:Satchel"},{"floor":38,"key":"Centennial Puzzle"},{"floor":41,"key":"Mercury Hourglass"}],"event_choices":[{"damage_healed":0.0,"max_hp_gain":0.0,"max_hp_loss":0.0,"gold_gain":0.0,"event_name":"Accursed Blacksmith","player_choice":"Forge","floor":12.0,"gold_loss":0.0,"damage_taken":0.0,"cards_upgraded":["champ:Lariat"]},{"cards_removed":["champ:Defend"],"damage_healed":0,"gold_gain":0,"player_choice":"Elegance","damage_taken":0,"max_hp_gain":0,"max_hp_loss":0,"event_name":"Back to Basics","floor":22,"gold_loss":0},{"damage_healed":0,"gold_gain":0,"player_choice":"Got Potions","damage_taken":0,"max_hp_gain":0,"max_hp_loss":0,"event_name":"Lab","floor":46,"gold_loss":0},{"damage_healed":0,"gold_gain":0,"player_choice":"Ignored","damage_taken":0,"max_hp_gain":0,"max_hp_loss":0,"event_name":"Mysterious Sphere","floor":48,"gold_loss":0}],"is_beta":false,"boss_relics":[{"not_picked":["Busted Crown","infinitespire:Cupcake"],"picked":"Bromod:ArcaneBarrier"},{"not_picked":["Sozu","Velvet Choker"],"picked":"Cursed Key"}],"items_purged_floors":[5,26,31,36,43],"is_endless":false,"potions_floor_spawned":[2,14,16,20,30,32,40,49],"ascension_level":0}}