{"host":"y6ogtdgt8z4md30g","time":1608166297,"event":{"mods":["AchievementEnabler","BaseMod","Better Third Choice","Colored Powertips","Downfall","Hubris","Minty Spire (QoL Compilation)","Replay The Spire","Shop Mod","Spicy Shops","StSLib"],"gold_per_floor":[99,99,24,74,174,204,231,244,263,188,363,378,394,394,409,512,512,512,512,512],"floor_reached":19,"playtime":1276,"items_purged":[],"score":215,"play_id":"751a783b-0516-4f12-a681-ed38c3ce089f","local_time":"20201216195137","is_ascension_mode":false,"campfire_choices":[{"floor":1,"key":"RECALL"},{"data":"sneckomod:Unknown","floor":3,"key":"SMITH"},{"data":"sneckomod:SerpentIdol","floor":10,"key":"SMITH"}],"circlet_count":0,"master_deck":["sneckomod:Strike","sneckomod:Strike","sneckomod:Strike","sneckomod:Defend","sneckomod:Defend","sneckomod:Defend","sneckomod:TailWhip","sneckomod:SnekBite","sneckomod:Unknown+1","sneckomod:Unknown","Hallucinations","Clumsy","sneckomod:SerpentIdol+1","sneckomod:UnknownClassPURPLE","sneckomod:UnknownClassRED","Doubt","sneckomod:SnakeSap","sneckomod:DiceBlock","sneckomod:UnknownVulnerable","CommonCold","sneckomod:Nope","sneckomod:UnknownClassRED","sneckomod:UnknownUncommonPower+1","sneckomod:Restock+1"],"relics":["sneckomod:SneckoSoul","downfall:BrokenWingStatue","downfall:HeartBlessingRed","Ring of Peace","Ring of Greed","Replay:Wax Seal","Golden Egg","Strawberry","downfall:HeartBlessingBlue","Prayer Wheel","hubris:BlackHole"],"acts_visited":["Exordium","TheCity"],"potions_floor_usage":[16,16,16],"damage_taken":[{"damage":1,"enemies":"Replay:BlueRogue","floor":6,"turns":7},{"damage":0,"enemies":"2 Louse","floor":8,"turns":2},{"damage":0,"enemies":"Small Slimes","floor":9,"turns":4},{"damage":5,"enemies":"Jaw Worm","floor":12,"turns":4},{"damage":4,"enemies":"2 Fungi Beasts","floor":13,"turns":4},{"damage":0,"enemies":"Blue Slaver","floor":15,"turns":2},{"damage":68,"enemies":"downfall:Silent","floor":16,"turns":8},{"damage":0,"enemies":"3 Byrds","floor":19,"turns":4}],"seed_played":"2900734125794423263","potions_obtained":[{"floor":6,"key":"sneckomod:DiceRollPotion"},{"floor":12,"key":"Death Potion"},{"floor":13,"key":"Milkshake"},{"floor":16,"key":"hexamod:EctoCoolerPotion"}],"is_trial":false,"path_per_floor":["R","?","R","?","?","E","T","M","M","R","?","M","M","?","M","B",null,"R","M"],"character_chosen":"THE_SNECKO","items_purchased":[],"campfire_rested":0,"item_purchase_floors":[],"current_hp_per_floor":[99,99,99,99,99,105,105,106,107,117,117,112,109,109,110,48,121,96,102,102],"gold":512,"neow_bonus":"TEN_PERCENT_HP_BONUS","is_daily":false,"chose_seed":false,"campfire_upgraded":2,"win_rate":0.0,"timestamp":1608166297,"path_taken":["R","?","R","?","?","E","T","M","M","R","?","M","?","?","M","BOSS","R","M"],"items_purchased_type":[],"build_version":"2020-12-13","purchased_purges":0,"victory":false,"max_hp_per_floor":[99,99,99,99,99,106,106,107,108,118,118,118,119,119,120,121,121,126,126,126],"card_choices":[{"not_picked":["sneckomod:DiceBlock","sneckomod:UnknownBlock"],"picked":"sneckomod:SerpentIdol","floor":6},{"not_picked":["sneckomod:UnknownCommonAttack","sneckomod:DiceCrush"],"picked":"sneckomod:UnknownClassPURPLE","floor":8},{"not_picked":["sneckomod:SerpentIdol","sneckomod:WideSting"],"picked":"sneckomod:UnknownClassRED","floor":9},{"not_picked":["sneckomod:MasterEye","sneckomod:QuickBite"],"picked":"sneckomod:SnakeSap","floor":12},{"not_picked":["sneckomod:RainOfDice","sneckomod:QuickMove"],"picked":"sneckomod:DiceBlock","floor":13},{"not_picked":["sneckomod:IronFang","sneckomod:UnknownUncommonSkill"],"picked":"sneckomod:UnknownVulnerable","floor":13},{"not_picked":["sneckomod:UnknownCommonSkill","sneckomod:WideSting"],"picked":"sneckomod:Nope","floor":15},{"not_picked":["sneckomod:SoulRoll","sneckomod:QuickBite"],"picked":"sneckomod:UnknownClassRED","floor":15},{"not_picked":["sneckomod:UnknownWeak+1","sneckomod:UnknownVulnerable+1"],"picked":"sneckomod:UnknownUncommonPower+1","floor":16},{"not_picked":["sneckomod:DangerNoodle","sneckomod:SoulExchange"],"picked":"sneckomod:Restock","floor":16}],"player_experience":52000,"relics_obtained":[{"floor":4,"key":"Ring of Peace"},{"floor":4,"key":"Ring of Greed"},{"floor":4,"key":"Replay:Wax Seal"},{"floor":4,"key":"Golden Egg"},{"floor":6,"key":"Strawberry"}],"event_choices":[{"cards_removed":["CommonCold"],"damage_healed":0,"gold_gain":0,"player_choice":"Forget","damage_taken":0,"max_hp_gain":0,"max_hp_loss":0,"event_name":"Living Wall","floor":14,"gold_loss":0}],"is_beta":false,"boss_relics":[{"not_picked":["Ectoplasm","Busted Crown"],"picked":"hubris:BlackHole"}],"items_purged_floors":[],"is_endless":false,"potions_floor_spawned":[6,12,13,16],"killed_by":"3 Byrds","ascension_level":0}}