{"host":"qgwlv9366poilr0p","time":1608237562,"event":{"mods":["BaseMod","Colored Powertips","Conspire","Dota2Spire","Friendly Minions","Halation","Hubris","Infinite Spire","Minty Spire (QoL Compilation)","Relic Stats","Replay The Spire","Shop Mod","StSLib","The Blue Laboratory","Wandering Minibosses","vexMod"],"gold_per_floor":[114,125,4,20,37,69,69,82,82,82,82,82,82,112,112,187,187,204,216,216,216],"floor_reached":20,"playtime":920,"items_purged":[],"score":322,"play_id":"c9555331-7007-4a55-984d-b5835c6b2180","local_time":"20201217213922","is_ascension_mode":true,"campfire_choices":[{"data":"Barrage","floor":7,"key":"SMITH"},{"data":"Hologram","floor":11,"key":"SMITH"},{"data":"Static Discharge","floor":13,"key":"SMITH"},{"data":"Dualcast","floor":15,"key":"SMITH"}],"circlet_count":0,"master_deck":["AscendersBane","Strike_B","Strike_B","Strike_B","Strike_B","Defend_B","Defend_B","Defend_B","Defend_B","Zap+1","Dualcast+1","Barrage+1","Static Discharge+1","Sweeping Beam","Ball Lightning","Coolheaded","Hologram+1","Amplify","Conserve Battery","Chaos"],"relics":["Cracked Core","NeowsBlessing","infinitespire:Satchel","Cables","Anchor","Philosopher\u0027s Stone"],"acts_visited":["Exordium","TheCity"],"potions_floor_usage":[6,16,20],"damage_taken":[{"damage":0,"enemies":"Jaw Worm","floor":1,"turns":1},{"damage":0,"enemies":"2 Louse","floor":2,"turns":1},{"damage":0,"enemies":"Small Slimes","floor":4,"turns":1},{"damage":2,"enemies":"3 Louse","floor":5,"turns":3},{"damage":32,"enemies":"Gremlin Nob","floor":6,"turns":4},{"damage":16,"enemies":"Gremlin Gang","floor":8,"turns":3},{"damage":15,"enemies":"Lagavulin","floor":14,"turns":6},{"damage":21,"enemies":"The Guardian","floor":16,"turns":8},{"damage":2,"enemies":"Spheric Guardian","floor":18,"turns":3},{"damage":5,"enemies":"conspire:FuzzyDice","floor":19,"turns":7},{"damage":50,"enemies":"Shelled Parasite and Fungi","floor":20,"turns":4}],"seed_played":"-3583673918175568462","potions_obtained":[{"floor":4,"key":"Swift Potion"},{"floor":5,"key":"Elixir"},{"floor":16,"key":"blueLaboratory:NullPotion"},{"floor":19,"key":"blueLaboratory:StoneskinPotion"}],"is_trial":false,"path_per_floor":["M","M","$","M","M","E","R","M","T","?","R","?","R","E","R","B",null,"M","M","M"],"character_chosen":"DEFECT","items_purchased":["Static Discharge","Sweeping Beam"],"campfire_rested":0,"item_purchase_floors":[3,3],"current_hp_per_floor":[64,64,64,64,62,30,30,14,14,14,14,37,37,22,22,1,54,52,47,0,0],"gold":216,"neow_bonus":"THREE_ENEMY_KILL","is_daily":false,"chose_seed":false,"campfire_upgraded":4,"win_rate":0.0,"timestamp":1608237562,"path_taken":["M","M","$","M","M","E","R","M","T","?","R","?","R","E","R","BOSS","M","M","M"],"items_purchased_type":["Card","Card"],"build_version":"2020-12-13","purchased_purges":0,"victory":false,"max_hp_per_floor":[71,71,71,71,71,71,71,71,71,71,71,71,71,71,71,71,71,71,71,71,71],"relic_stats":{"counters":[11,41],"obtain_stats":[{"Anchor":14,"NeowsBlessing":0,"infinitespire:Satchel":6,"Philosopher\u0027s Stone":17,"Cracked Core":0,"Cables":9},{"Anchor":7,"NeowsBlessing":0,"infinitespire:Satchel":5,"Philosopher\u0027s Stone":8,"Cracked Core":0,"Cables":6},{"Anchor":19,"NeowsBlessing":0,"infinitespire:Satchel":10,"Philosopher\u0027s Stone":27,"Cracked Core":0,"Cables":13}],"Cables":[24,16,7,0,1]},"card_choices":[{"not_picked":["Leap","Aggregate"],"picked":"Barrage","floor":1},{"not_picked":["Aggregate","Force Field","Barrage"],"picked":"SKIP","floor":2},{"not_picked":["Stack","Cold Snap"],"picked":"Ball Lightning","floor":4},{"not_picked":["Ball Lightning","Seek"],"picked":"Coolheaded","floor":5},{"not_picked":["Meteor Strike","Multi-Cast"],"picked":"Hologram","floor":6},{"not_picked":["Hologram","Gash","Sweeping Beam"],"picked":"SKIP","floor":8},{"not_picked":["Hologram","Streamline","Barrage"],"picked":"SKIP","floor":14},{"not_picked":["Multi-Cast","Thunder Strike"],"picked":"Amplify","floor":16},{"not_picked":["conspire:Rain","Rebound"],"picked":"Conserve Battery","floor":18},{"not_picked":["Compile Driver","Gash"],"picked":"Chaos","floor":19}],"player_experience":1062408,"relics_obtained":[{"floor":6,"key":"infinitespire:Satchel"},{"floor":9,"key":"Cables"},{"floor":14,"key":"Anchor"}],"event_choices":[{"damage_healed":0,"gold_gain":0,"player_choice":"Grow","damage_taken":0,"max_hp_gain":0,"max_hp_loss":0,"event_name":"Living Wall","floor":10,"gold_loss":0,"cards_upgraded":["Zap"]},{"damage_healed":23,"gold_gain":0,"player_choice":"Banana","damage_taken":0,"max_hp_gain":0,"max_hp_loss":0,"event_name":"Big Fish","floor":12,"gold_loss":0}],"is_beta":false,"boss_relics":[{"not_picked":["hubris:Stopwatch","conspire:SeveredTorchhead"],"picked":"Philosopher\u0027s Stone"}],"items_purged_floors":[],"is_endless":false,"potions_floor_spawned":[4,5,16,19],"killed_by":"Shelled Parasite and Fungi","ascension_level":15}}