{"host":"kag8mfq4or8nkqb2","time":1608232205,"event":{"mods":["2.2 Compatiblity","BaseMod","Downfall","Minty Spire (QoL Compilation)","StSLib"],"gold_per_floor":[99,134,134,134,134,162,216,234,234,184,20,20,39,39,54,54,54],"floor_reached":16,"playtime":634,"items_purged":[],"score":203,"play_id":"e3465387-9233-49fb-8c8a-227958d45797","local_time":"20201217191005","is_ascension_mode":true,"campfire_choices":[{"data":"Slimebound:Split","floor":1,"key":"SMITH"},{"data":"Slimebound:SlimeSpikes","floor":4,"key":"SMITH"},{"data":"Slimebound:SplitLeeching","floor":10,"key":"SMITH"}],"circlet_count":0,"master_deck":["AscendersBane","Slimebound:Strike_Slimebound","Slimebound:Strike_Slimebound+1","Slimebound:Strike_Slimebound","Slimebound:Tackle","Slimebound:Defend_Slimebound","Slimebound:Defend_Slimebound","Slimebound:Defend_Slimebound","Slimebound:Defend_Slimebound","Slimebound:Split+1","Slimebound:CorrosiveSpit+1","Slimebound:SplitMire","Slimebound:SlimeSpikes+1","Slimebound:SplitLeeching+1","Slimebound:SplitAcid+1","Slimebound:SplitAcid","Slimebound:FormOfPuddle","Slimebound:SlimeSpikes"],"relics":["Slimebound:AbsorbEndCombat","downfall:HeartsMalice","Mummified Hand","Singing Bowl","Potion Belt","Slimebound:GreedOozeRelic","Membership Card"],"acts_visited":["Exordium"],"potions_floor_usage":[],"damage_taken":[{"damage":0,"enemies":"Lagavulin","floor":2,"turns":1},{"damage":0,"enemies":"Cultist","floor":3,"turns":1},{"damage":0,"enemies":"2 Louse","floor":5,"turns":1},{"damage":25,"enemies":"3 Sentries","floor":6,"turns":8},{"damage":20,"enemies":"Jaw Worm","floor":8,"turns":4},{"damage":28,"enemies":"downfall:FleeingMerchant","floor":11,"turns":4},{"damage":8,"enemies":"3 Louse","floor":13,"turns":2},{"damage":17,"enemies":"Gremlin Gang","floor":15,"turns":2},{"damage":65,"enemies":"downfall:Defect","floor":16,"turns":5}],"seed_played":"-3125644017726818672","potions_obtained":[{"floor":6,"key":"Fire Potion"},{"floor":15,"key":"Block Potion"}],"is_trial":false,"path_per_floor":["R","E","M","R","M","E","T","M","?","R","$","?","M","?","M","B"],"character_chosen":"SLIMEBOUND","items_purchased":["Membership Card"],"campfire_rested":0,"item_purchase_floors":[11],"current_hp_per_floor":[54,54,54,54,54,41,41,43,43,43,45,45,45,45,46,0,0],"gold":54,"neow_bonus":"THREE_ENEMY_KILL","is_daily":false,"chose_seed":false,"campfire_upgraded":3,"win_rate":0.0,"timestamp":1608232205,"path_taken":["R","E","?","R","M","E","T","M","?","R","$","?","M","?","M","BOSS"],"items_purchased_type":["Relic"],"build_version":"2020-12-13","purchased_purges":0,"victory":false,"max_hp_per_floor":[60,60,60,60,60,60,60,60,60,60,60,60,60,60,62,62,62],"card_choices":[{"not_picked":["Slimebound:Schlurp","Slimebound:GrowthPunch"],"picked":"Slimebound:SplitMire","floor":2},{"not_picked":["Slimebound:Repurpose","Slimebound:PressTheAttack"],"picked":"Slimebound:SlimeSpikes","floor":3},{"not_picked":["Slimebound:SplitBruiser","Slimebound:SamplingLick"],"picked":"Slimebound:SplitLeeching","floor":5},{"not_picked":["Slimebound:Schlurp","Slimebound:SamplingLick"],"picked":"Slimebound:SplitAcid","floor":6},{"not_picked":["Slimebound:Dissolve","Slimebound:PrepareCrush"],"picked":"Slimebound:SplitAcid","floor":8},{"not_picked":["Slimebound:SplitBruiser","Slimebound:Chomp"],"picked":"Slimebound:FormOfPuddle","floor":11},{"not_picked":["Slimebound:RollThrough","Slimebound:SplitMire"],"picked":"Slimebound:SlimeSpikes","floor":13},{"not_picked":["Slimebound:SlimeBarrage","Slimebound:SplitSpecialist","Slimebound:GoopSpray"],"picked":"Singing Bowl","floor":15}],"player_experience":1035055,"relics_obtained":[{"floor":2,"key":"Mummified Hand"},{"floor":6,"key":"Singing Bowl"},{"floor":7,"key":"Potion Belt"}],"event_choices":[{"cards_removed":["Regret"],"damage_healed":0,"gold_gain":0,"player_choice":"Card Removal","damage_taken":0,"max_hp_gain":0,"max_hp_loss":0,"event_name":"The Cleric","floor":14,"gold_loss":0}],"is_beta":false,"boss_relics":[],"items_purged_floors":[],"is_endless":false,"potions_floor_spawned":[6,15],"killed_by":"downfall:Defect","ascension_level":11}}