{"host":"5f8ute538gzudddu","time":1608191018,"event":{"mods":["BaseMod","Highlight Path","Minty Spire (QoL Compilation)","Relic Stats","StSLib"],"gold_per_floor":[118,136,24,41,55,86,86,114,183,183,200,200,232,23,23,100,100,135,154,184,24,24,54,54,54,54,98,148,0,0,0,0,85,85,133,185,185,238,276,276,309,309,309,56,116,210,210,256,256,256,256,256,256,77,117,117,117],"floor_reached":56,"playtime":3669,"items_purged":["Strike_P","Strike_P"],"score":2115,"play_id":"b3a65e43-0687-4313-a379-2eb986584c88","local_time":"20201216234338","is_ascension_mode":true,"campfire_choices":[{"data":"Eruption","floor":7.0,"key":"SMITH"},{"data":"Scrawl","floor":10.0,"key":"SMITH"},{"data":"BowlingBash","floor":15.0,"key":"SMITH"},{"data":"Worship","floor":24.0,"key":"SMITH"},{"data":"Fasting2","floor":32.0,"key":"SMITH"},{"data":"Meditate","floor":40.0,"key":"SMITH"},{"data":"After Image","floor":42.0,"key":"SMITH"},{"floor":49.0,"key":"RECALL"},{"data":"EmptyMind","floor":53.0,"key":"SMITH"}],"circlet_count":0,"master_deck":["AscendersBane","Eruption+1","Vigilance","Consecrate","Scrawl+1","BowlingBash+1","FlyingSleeves","Conclude","EmptyMind+1","CutThroughFate","Weave","InnerPeace","Wallop","Tantrum","Wish","ThirdEye+1","Meditate+1","Tantrum","Worship+1","JustLucky","Distraction+1","Fasting2+1","After Image+1","Blade Dance+1","Self Repair","Sanctity","Blur","EmptyBody","Leap+1","Blur","Establishment","Sanctity"],"relics":["HolyWater","InkBottle","Prayer Wheel","The Courier","Blood Vial","Medical Kit","Coffee Dripper","Red Mask","PrismaticShard","CeramicFish","Pantograph","Chemical X","Akabeko","Orichalcum","Happy Flower","Bronze Scales","Regal Pillow","Strawberry"],"acts_visited":["Exordium","TheCity","TheBeyond","TheEnding"],"potions_floor_usage":[56,56,56,56],"damage_taken":[{"damage":1.0,"enemies":"Cultist","floor":1.0,"turns":3.0},{"damage":0.0,"enemies":"Jaw Worm","floor":2.0,"turns":2.0},{"damage":0.0,"enemies":"2 Louse","floor":4.0,"turns":1.0},{"damage":0.0,"enemies":"Exordium Wildlife","floor":5.0,"turns":2.0},{"damage":32.0,"enemies":"Lagavulin","floor":6.0,"turns":6.0},{"damage":0.0,"enemies":"Gremlin Nob","floor":8.0,"turns":2.0},{"damage":1.0,"enemies":"2 Fungi Beasts","floor":11.0,"turns":2.0},{"damage":12.0,"enemies":"Lagavulin","floor":13.0,"turns":4.0},{"damage":0.0,"enemies":"Slime Boss","floor":16.0,"turns":4.0},{"damage":6.0,"enemies":"3 Byrds","floor":18.0,"turns":3.0},{"damage":22.0,"enemies":"2 Thieves","floor":19.0,"turns":2.0},{"damage":0.0,"enemies":"Masked Bandits","floor":20.0,"turns":1.0},{"damage":2.0,"enemies":"Book of Stabbing","floor":23.0,"turns":3.0},{"damage":0.0,"enemies":"Centurion and Healer","floor":27.0,"turns":6.0},{"damage":14.0,"enemies":"Snake Plant","floor":28.0,"turns":4.0},{"damage":9.0,"enemies":"Collector","floor":33.0,"turns":5.0},{"damage":5.0,"enemies":"3 Shapes","floor":35.0,"turns":8.0},{"damage":6.0,"enemies":"3 Darklings","floor":36.0,"turns":4.0},{"damage":25.0,"enemies":"Writhing Mass","floor":38.0,"turns":6.0},{"damage":0.0,"enemies":"Transient","floor":39.0,"turns":6.0},{"damage":0.0,"enemies":"Reptomancer","floor":41.0,"turns":2.0},{"damage":11.0,"enemies":"4 Shapes","floor":45.0,"turns":7.0},{"damage":24.0,"enemies":"Giant Head","floor":46.0,"turns":6.0},{"damage":4.0,"enemies":"Jaw Worm Horde","floor":48.0,"turns":2.0},{"damage":37.0,"enemies":"Time Eater","floor":50.0,"turns":9.0},{"damage":44.0,"enemies":"Awakened One","floor":51.0,"turns":11.0},{"damage":37.0,"enemies":"Shield and Spear","floor":55.0,"turns":8.0},{"damage":61,"enemies":"The Heart","floor":56,"turns":3}],"seed_played":"-8411429423536871148","potions_obtained":[{"floor":4.0,"key":"Fruit Juice"},{"floor":5.0,"key":"LiquidMemories"},{"floor":8.0,"key":"StancePotion"},{"floor":23.0,"key":"ColorlessPotion"},{"floor":36.0,"key":"SteroidPotion"},{"floor":45.0,"key":"PowerPotion"},{"floor":48.0,"key":"Dexterity Potion"}],"is_trial":false,"path_per_floor":["M","M","$","M","M","E","R","E","T","R","M","?","E","$","R","B",null,"M","M","?","$","?","E","R","?","T","M","M","$","T","$","R","B",null,"M","M","?","M","M","R","E","R","T","$","M","E","?","M","R","B","B",null,"R","$","E","B"],"character_chosen":"WATCHER","items_purchased":["Conclude","Medical Kit","Tantrum","PrismaticShard","Fasting2","Chemical X","Happy Flower","Bronze Scales","Establishment","Swift Potion","EntropicBrew"],"campfire_rested":0,"item_purchase_floors":[3,14,21,21,29,29,44,44,54,54,54],"current_hp_per_floor":[60,60,60,60,60,28,28,33,33,33,32,25,13,13,13,15,54,50,30,32,32,32,32,32,32,32,34,22,22,22,22,22,40,60,57,53,49,33,42,42,44,44,44,44,42,27,27,25,25,22,12,53,53,53,32,0,0],"gold":117,"neow_bonus":"TRANSFORM_TWO_CARDS","is_daily":false,"chose_seed":false,"campfire_upgraded":8,"win_rate":0.0,"timestamp":1608191018,"path_taken":["M","?","$","M","M","E","R","E","T","R","M","?","E","$","R","BOSS","M","M","?","$","?","E","R","?","T","M","M","$","?","?","R","BOSS","M","M","?","M","?","R","E","R","T","$","M","E","?","M","R","BOSS","BOSS","R","$","E","BOSS"],"items_purchased_type":["Card","Relic","Card","Relic","Card","Relic","Relic","Relic","Card","Potion","Potion"],"build_version":"2020-12-13","purchased_purges":2,"victory":false,"max_hp_per_floor":[62,62,62,62,62,62,62,67,67,67,67,67,67,67,67,67,67,67,67,67,67,67,67,67,67,67,67,67,67,67,67,67,67,67,67,67,67,67,67,67,67,67,67,67,67,67,67,67,67,67,67,67,67,67,74,74,74],"relic_stats":{"Regal Pillow":0,"Happy Flower":[15],"counters":[28,122],"CeramicFish":108,"Orichalcum":[6],"Medical Kit":[5],"Blood Vial":40,"Pantograph":100,"Bronze Scales":[201],"Prayer Wheel":11,"Chemical X":[1],"obtain_stats":[{"Regal Pillow":46,"Happy Flower":44,"CeramicFish":23,"The Courier":9,"Orichalcum":41,"Medical Kit":14,"PrismaticShard":21,"Akabeko":30,"Blood Vial":13,"Pantograph":26,"Bronze Scales":44,"Strawberry":55,"HolyWater":34,"Prayer Wheel":8,"Coffee Dripper":17,"Red Mask":20,"Chemical X":29,"PureWater":0,"InkBottle":6},{"Regal Pillow":23,"Happy Flower":21,"CeramicFish":13,"The Courier":6,"Orichalcum":21,"Medical Kit":8,"PrismaticShard":12,"Akabeko":15,"Blood Vial":8,"Pantograph":13,"Bronze Scales":21,"Strawberry":27,"HolyWater":16,"Prayer Wheel":6,"Coffee Dripper":9,"Red Mask":12,"Chemical X":15,"PureWater":0,"InkBottle":5},{"Regal Pillow":89,"Happy Flower":76,"CeramicFish":35,"The Courier":16,"Orichalcum":76,"Medical Kit":22,"PrismaticShard":32,"Akabeko":45,"Blood Vial":22,"Pantograph":35,"Bronze Scales":76,"Strawberry":119,"HolyWater":50,"Prayer Wheel":16,"Coffee Dripper":26,"Red Mask":32,"Chemical X":45,"PureWater":0,"InkBottle":14}],"InkBottle":[64]},"card_choices":[{"not_picked":["EmptyBody","WreathOfFlame"],"picked":"BowlingBash","floor":1.0},{"not_picked":["Consecrate","Indignation"],"picked":"FlyingSleeves","floor":2.0},{"not_picked":["Perseverance","FlurryOfBlows"],"picked":"EmptyMind","floor":4.0},{"not_picked":["EmptyMind","ClearTheMind"],"picked":"CutThroughFate","floor":5.0},{"not_picked":["SignatureMove","Ragnarok"],"picked":"Weave","floor":6.0},{"not_picked":["BattleHymn","EmptyFist"],"picked":"InnerPeace","floor":8.0},{"not_picked":["CutThroughFate","Evaluate"],"picked":"Wallop","floor":11.0},{"not_picked":["FollowUp","JustLucky","FlyingSleeves"],"picked":"SKIP","floor":11.0},{"not_picked":["FollowUp","JustLucky","FlyingSleeves"],"picked":"SKIP","floor":11.0},{"not_picked":["Brilliance","Perseverance"],"picked":"Tantrum","floor":13.0},{"not_picked":["DeusExMachina","Establishment"],"picked":"Wish","floor":16.0},{"not_picked":["JustLucky","Halt"],"picked":"ThirdEye+1","floor":18.0},{"not_picked":["Evaluate","Consecrate","CutThroughFate"],"picked":"SKIP","floor":18.0},{"not_picked":["FlyingSleeves","FollowUp","JustLucky"],"picked":"SKIP","floor":19.0},{"not_picked":["EmptyBody","ForeignInfluence","ClearTheMind"],"picked":"SKIP","floor":19.0},{"not_picked":["WaveOfTheHand","WreathOfFlame"],"picked":"Meditate","floor":20.0},{"not_picked":["Feel No Pain+1","Redo","Ragnarok"],"picked":"SKIP","floor":23.0},{"not_picked":["Deadly Poison","ThirdEye","Enlightenment"],"picked":"SKIP","floor":27.0},{"not_picked":["Wild Strike","Twin Strike+1","FlyingSleeves"],"picked":"SKIP","floor":27.0},{"not_picked":["CrushJoints","FTL"],"picked":"Distraction+1","floor":28.0},{"not_picked":["Twin Strike","Heatsinks","Barrage"],"picked":"SKIP","floor":28.0},{"not_picked":["The Bomb","Judgement"],"picked":"After Image","floor":33.0},{"not_picked":["Forethought+1","EmptyBody"],"picked":"Blade Dance+1","floor":35.0},{"not_picked":["CrushJoints","Blade Dance","Turbo"],"picked":"SKIP","floor":35.0},{"not_picked":["Riddle With Holes","Enlightenment"],"picked":"Self Repair","floor":36.0},{"not_picked":["Chill+1","Steam+1","Meteor Strike"],"picked":"SKIP","floor":36.0},{"not_picked":["Anger","Bane"],"picked":"Sanctity","floor":38.0},{"not_picked":["Flying Knee","Acrobatics","Heavy Blade"],"picked":"SKIP","floor":38.0},{"not_picked":["FlurryOfBlows+1","Steam","Quick Slash"],"picked":"SKIP","floor":39.0},{"not_picked":["Quick Slash+1","Prepared","Twin Strike"],"picked":"SKIP","floor":39.0},{"not_picked":["Immolate","Havoc","ReachHeaven"],"picked":"SKIP","floor":41.0},{"not_picked":["Conserve Battery","Enlightenment"],"picked":"Blur","floor":45.0},{"not_picked":["Perfected Strike+1","FlurryOfBlows"],"picked":"EmptyBody","floor":45.0},{"not_picked":["Reckless Charge","Streamline"],"picked":"Leap+1","floor":46.0},{"not_picked":["Study","Acrobatics+1"],"picked":"Blur","floor":48.0},{"not_picked":["Gash","Caltrops","Ball Lightning+1"],"picked":"SKIP","floor":48.0},{"not_picked":["Clash","Eviscerate"],"picked":"Sanctity","floor":55.0}],"player_experience":880534,"relics_obtained":[{"floor":6.0,"key":"InkBottle"},{"floor":8.0,"key":"Prayer Wheel"},{"floor":9.0,"key":"The Courier"},{"floor":13.0,"key":"Blood Vial"},{"floor":20.0,"key":"Red Mask"},{"floor":23.0,"key":"CeramicFish"},{"floor":26.0,"key":"Pantograph"},{"floor":30.0,"key":"Akabeko"},{"floor":41.0,"key":"Orichalcum"},{"floor":46.0,"key":"Regal Pillow"},{"floor":55.0,"key":"Strawberry"}],"event_choices":[{"cards_removed":["Strike_P"],"damage_healed":0.0,"max_hp_gain":0.0,"max_hp_loss":0.0,"gold_gain":0.0,"event_name":"Golden Wing","player_choice":"Card Removal","floor":12.0,"gold_loss":0.0,"damage_taken":7.0},{"damage_healed":0.0,"max_hp_gain":0.0,"max_hp_loss":0.0,"gold_gain":0.0,"event_name":"Masked Bandits","player_choice":"Fought Bandits","floor":20.0,"gold_loss":0.0,"damage_taken":0.0},{"damage_healed":0.0,"max_hp_gain":0.0,"max_hp_loss":0.0,"gold_gain":0.0,"cards_transformed":["Defend_P","Strike_P"],"event_name":"Drug Dealer","player_choice":"Became Test Subject","floor":22.0,"gold_loss":0.0,"damage_taken":0.0,"cards_obtained":["Worship","JustLucky"]},{"cards_removed":["Defend_P"],"damage_healed":0.0,"max_hp_gain":0.0,"max_hp_loss":0.0,"gold_gain":0.0,"event_name":"Back to Basics","player_choice":"Elegance","floor":25.0,"gold_loss":0.0,"damage_taken":0.0},{"damage_healed":0.0,"max_hp_gain":0.0,"max_hp_loss":0.0,"gold_gain":0.0,"event_name":"The Woman in Blue","player_choice":"Bought 0 Potions","floor":37.0,"gold_loss":0.0,"damage_taken":0.0},{"damage_healed":0.0,"max_hp_gain":0.0,"max_hp_loss":0.0,"gold_gain":0.0,"event_name":"Mysterious Sphere","player_choice":"Ignored","floor":47.0,"gold_loss":0.0,"damage_taken":0.0}],"is_beta":false,"boss_relics":[{"not_picked":["Busted Crown","SacredBark"],"picked":"Coffee Dripper"},{"not_picked":["Cursed Key","Snecko Eye"],"picked":"HolyWater"}],"items_purged_floors":[3,14],"is_endless":false,"potions_floor_spawned":[4,5,8,18,20,23,27,36,38,41,45,48,55],"killed_by":"The Heart","ascension_level":20}}