{"host":"nk1hwk2qadwaubm5","time":1608238927,"event":{"mods":["BaseMod","Hermit","Infinite Spire","Minty Spire (QoL Compilation)","Replay The Spire","StSLib","The Animator","The Cursed","The Jungle","The Servant 0.9.4"],"gold_per_floor":[118,133,152,9,24,59,59,92,145,145,70,102,121,152,152,257,257,272,291,291,304,65,65,65,97,97,97,126,137,137,194,194,293,293,323,354,354,354,47,47,78,78,102,119,157,7,27,40,40,40],"floor_reached":51,"playtime":4319,"items_purged":["TheCursedMod:Strike_TheCursed","TheCursedMod:Strike_TheCursed"],"score":1383,"play_id":"6052b585-2537-4e58-8085-6485a88694ba","local_time":"20201217220207","is_ascension_mode":true,"campfire_choices":[{"data":"TheCursedMod:CleanUpWorkshop","floor":7,"key":"SMITH"},{"floor":10,"key":"REST"},{"data":"TheCursedMod:CircleOfFlame","floor":15,"key":"SMITH"},{"data":"TheCursedMod:VoidForm","floor":23,"key":"SMITH"},{"data":"TheCursedMod:CursedStaff","floor":27,"key":"SMITH"},{"floor":30,"key":"REST"},{"data":"TheCursedMod:EmpowerCircles","floor":32,"key":"SMITH"},{"floor":40,"key":"RECALL"},{"data":"TheCursedMod:SpitefulPlan","floor":49,"key":"SMITH"}],"circlet_count":0,"master_deck":["TheCursedMod:Strike_TheCursed","TheCursedMod:Strike_TheCursed","TheCursedMod:Defend_TheCursed","TheCursedMod:Defend_TheCursed","TheCursedMod:Defend_TheCursed","TheCursedMod:Defend_TheCursed","TheCursedMod:CursedWand","TheCursedMod:CleanUpWorkshop+1","TheCursedMod:Dregs","animator:Curse_Nutcracker","TheCursedMod:CircleOfBlood+1","TheCursedMod:SurpriseAttack+1","TheCursedMod:DoubleShield","TheCursedMod:Obscuration","TheCursedMod:CursedStaff+1","TheCursedMod:CircleOfFlame+1","TheCursedMod:VoidForm+1","TheCursedMod:CursedSpellbook","TheCursedMod:RapidMovement","Languid","Finesse","TheCursedMod:RavingStaff+1","Pain","TheCursedMod:EmpowerCircles+1","TheCursedMod:RapidMovement","animator:Curse_Nutcracker","TheCursedMod:RapidMovement+1","TheCursedMod:CursedBlade","TheCursedMod:ForbiddenAlchemy","AbeCurse","TheCursedMod:CollectTribute","infinitespire:Execution","TheCursedMod:SpitefulPlan+1","Sadistic Nature","Replay:Hysterical Blindness","TheCursedMod:CursedMace+1","TheCursedMod:Grudge","TheCursedMod:CircleOfFlame+1","TheCursedMod:CircleOfBlood+1"],"relics":["TheCursedMod:BlackMagic101","infinitespire:CursedDice","Guide Book","Replay:Bottled Eggs","Onion Ring","Vajra","Replay:Wax Seal","Chameleon Ring","Cursed Key","Centennial Puzzle","Bronze Scales","Honey Jar","ReplayTheSpireMod:EnergyBall","Replay:Rubber Ducky","Blue Doll","infinitespire:ShieldingShard","Replay:Grab Bag","infinitespire:EvilPickle","infinitespire:Cupcake","Abe\u0027s Treasure","TheCursedMod:FourLeafCloverCharm","Snecko Eye","ClockworkSouvenir","Simple Rune","Dream Catcher","TheCursedMod:Tack","Happy Flower","Orichalcum"],"acts_visited":["Exordium","TheCity","TheBeyond"],"potions_floor_usage":[6,6,16,16,21,36,36,48,48,48,48,48,48,50,50,50,50,50,50,50],"damage_taken":[{"damage":1,"enemies":"Cultist","floor":1,"turns":4},{"damage":3,"enemies":"2 Louse","floor":2,"turns":2},{"damage":2,"enemies":"Small Slimes","floor":3,"turns":4},{"damage":2,"enemies":"Red Slaver","floor":5,"turns":5},{"damage":23,"enemies":"Gremlin Nob","floor":6,"turns":5},{"damage":54,"enemies":"Lagavulin","floor":8,"turns":14},{"damage":8,"enemies":"Replay:BlueRogue","floor":12,"turns":7},{"damage":0,"enemies":"3 Louse","floor":13,"turns":5},{"damage":9,"enemies":"Lagavulin","floor":14,"turns":5},{"damage":37,"enemies":"Slime Boss","floor":16,"turns":14},{"damage":0,"enemies":"Spheric Guardian","floor":18,"turns":3},{"damage":10,"enemies":"2 Thieves","floor":19,"turns":4},{"damage":21,"enemies":"Shelled Parasite and Fungi","floor":21,"turns":7},{"damage":7,"enemies":"Slavers","floor":25,"turns":3},{"damage":45,"enemies":"Gremlin Leader","floor":28,"turns":5},{"damage":3,"enemies":"Snecko","floor":29,"turns":3},{"damage":0,"enemies":"Pondfish","floor":33,"turns":7},{"damage":0,"enemies":"Orb Walker","floor":35,"turns":3},{"damage":0,"enemies":"3 Darklings","floor":36,"turns":3},{"damage":0,"enemies":"R_Hoarder","floor":41,"turns":5},{"damage":3,"enemies":"Spire Growth","floor":44,"turns":3},{"damage":0,"enemies":"Giant Head","floor":45,"turns":6},{"damage":0,"enemies":"Maw","floor":47,"turns":4},{"damage":12,"enemies":"Jaw Worm Horde","floor":48,"turns":3},{"damage":3,"enemies":"Awakened One","floor":50,"turns":5}],"seed_played":"-1620862942416973461","potions_obtained":[{"floor":2,"key":"Swift Potion"},{"floor":5,"key":"Strength Potion"},{"floor":8,"key":"Swift Potion"},{"floor":13,"key":"GamblersBrew"},{"floor":16,"key":"BlessingOfTheForge"},{"floor":18,"key":"Weak Potion"},{"floor":21,"key":"SteroidPotion"},{"floor":25,"key":"Explosive Potion"},{"floor":41,"key":"Reflective Coating"},{"floor":45,"key":"LiquidBronze"}],"is_trial":false,"path_per_floor":["M","M","M","$","M","E","R","E","T","R","$","E","M","E","R","B",null,"M","M","?","M","$","R","AVR","E","T","R","E","M","R","?","R","B",null,"M","M","?","?","$","R","E","?","T","M","E","$","M","M","R","B",null],"character_chosen":"THE_CURSED","items_purchased":["Guide Book","Finesse","Bronze Scales","ClockworkSouvenir","Simple Rune","Orichalcum"],"campfire_rested":2,"item_purchase_floors":[4,22,22,39,39,46],"current_hp_per_floor":[74,75,75,75,74,52,52,6,6,28,28,32,40,35,35,2,75,75,65,65,52,52,52,52,53,53,53,12,17,39,39,39,47,75,75,75,75,56,56,56,60,60,60,61,69,69,73,63,63,72],"gold":40,"neow_bonus":"ONE_RARE_RELIC","is_daily":false,"chose_seed":false,"campfire_upgraded":6,"win_rate":0.0,"timestamp":1608238927,"path_taken":["M","?","?","?","?","E","R","E","T","R","$","E","M","E","R","BOSS","M","M","?","M","$","R","AVR","E","T","R","E","?","R","?","R","BOSS","M","M","?","?","$","R","E","?","T","M","E","?","M","M","R","BOSS"],"items_purchased_type":["Relic","Card","Relic","Relic","Relic","Relic"],"build_version":"2020-12-13","purchased_purges":2,"victory":true,"max_hp_per_floor":[75,75,75,75,75,75,75,75,75,75,75,75,75,75,75,75,75,75,75,75,75,75,75,75,75,75,75,75,75,75,75,75,75,75,75,75,75,75,75,75,75,75,75,75,75,75,75,75,75,75],"card_choices":[{"not_picked":["TheCursedMod:FleshFromBone","TheCursedMod:TacticalStrike"],"picked":"TheCursedMod:CircleOfBlood","floor":1},{"not_picked":["TheCursedMod:BlessingInDisguise","TheCursedMod:CursedAmulet"],"picked":"TheCursedMod:SurpriseAttack","floor":2},{"not_picked":["TheCursedMod:PrepareRite","TheCursedMod:FuryStrike","TheCursedMod:Obscuration"],"picked":"SKIP","floor":3},{"not_picked":["TheCursedMod:CursedSpellbook","TheCursedMod:Grudge"],"picked":"TheCursedMod:DoubleShield","floor":5},{"not_picked":["TheCursedMod:CircleOfAmplification","TheCursedMod:RapidMovement","TheCursedMod:VitalStrike"],"picked":"SKIP","floor":6},{"not_picked":["TheCursedMod:CursedArmor","TheCursedMod:BlessingInDisguise","TheCursedMod:Evocation"],"picked":"SKIP","floor":8},{"not_picked":["TheCursedMod:Stigma","TheCursedMod:SmokeScreen"],"picked":"TheCursedMod:Obscuration","floor":12},{"not_picked":["TheCursedMod:CursedSpellbook","TheCursedMod:CursedShiv"],"picked":"TheCursedMod:CursedStaff","floor":13},{"not_picked":["TheCursedMod:SoulCrush","TheCursedMod:Stretching"],"picked":"TheCursedMod:CircleOfFlame","floor":14},{"not_picked":["TheCursedMod:CircleOfAbyss","TheCursedMod:ParallelWorld"],"picked":"TheCursedMod:VoidForm","floor":16},{"not_picked":["TheCursedMod:CircleOfFlame+1","TheCursedMod:FleshFromBone"],"picked":"TheCursedMod:CursedSpellbook","floor":18},{"not_picked":["TheCursedMod:Wield","TheCursedMod:WearCloak+1"],"picked":"TheCursedMod:RapidMovement","floor":19},{"not_picked":["TheCursedMod:CircleOfFocus","TheCursedMod:WearCloak","TheCursedMod:Stretching"],"picked":"SKIP","floor":21},{"not_picked":["TheCursedMod:Stigma","TheCursedMod:UltimatePain","TheCursedMod:SaltUponWound"],"picked":"TheCursedMod:RavingStaff+1","floor":25},{"not_picked":["TheCursedMod:SpitefulStrike","TheCursedMod:CursedAmulet","TheCursedMod:CircleOfBlood"],"picked":"TheCursedMod:EmpowerCircles","floor":28},{"not_picked":["TheCursedMod:Torture","TheCursedMod:CursedSpellbook","TheCursedMod:SmokeScreen"],"picked":"TheCursedMod:RapidMovement","floor":29},{"not_picked":["TheCursedMod:Stigma+1","TheCursedMod:RavingStaff","TheCursedMod:WearCloak"],"picked":"TheCursedMod:RapidMovement+1","floor":31},{"not_picked":["TheCursedMod:VitalStrike","TheCursedMod:CursedShiv","TheCursedMod:ParallelWorld"],"picked":"TheCursedMod:CursedBlade","floor":31},{"not_picked":["TheCursedMod:ManaCirculation","TheCursedMod:AntiAging","TheCursedMod:DarkBarrier"],"picked":"TheCursedMod:ForbiddenAlchemy","floor":33},{"not_picked":["TheCursedMod:TroublousMinions+1","TheCursedMod:VitalStrike","TheCursedMod:SoulReap"],"picked":"TheCursedMod:CursedStaff+1","floor":35},{"not_picked":["TheCursedMod:CursedBlade","TheCursedMod:Mangle","TheCursedMod:Wield"],"picked":"TheCursedMod:CollectTribute","floor":36},{"not_picked":["infinitespire:SealOfDarkness+","infinitespire:Gouge"],"picked":"infinitespire:Execution","floor":38},{"not_picked":["TheCursedMod:SpreadPlague","TheCursedMod:BloodBarrier+1","TheCursedMod:CursedBoomerang+1"],"picked":"TheCursedMod:SpitefulPlan","floor":41},{"not_picked":["Deep Breath","Metamorphosis","ReplayTheSpireMod:Trickstab"],"picked":"Sadistic Nature","floor":42},{"not_picked":["TheCursedMod:CircleOfBlood","TheCursedMod:CursedBoomerang+1","TheCursedMod:AntiAging"],"picked":"TheCursedMod:CursedMace+1","floor":44},{"not_picked":["TheCursedMod:SmokeScreen","TheCursedMod:RavingStaff+1","TheCursedMod:CursedShiv+1"],"picked":"TheCursedMod:Grudge","floor":45},{"not_picked":["TheCursedMod:SpreadPlague+1","TheCursedMod:CursedAmulet+1","TheCursedMod:CircleOfFocus"],"picked":"TheCursedMod:CircleOfFlame+1","floor":47},{"not_picked":["TheCursedMod:Stigma","TheCursedMod:BloodBarrier+1","TheCursedMod:Hemoplague"],"picked":"TheCursedMod:CircleOfBlood+1","floor":48}],"player_experience":176106,"relics_obtained":[{"floor":6,"key":"Replay:Bottled Eggs"},{"floor":8,"key":"Onion Ring"},{"floor":9,"key":"Vajra"},{"floor":12,"key":"Replay:Wax Seal"},{"floor":14,"key":"Chameleon Ring"},{"floor":25,"key":"Replay:Rubber Ducky"},{"floor":28,"key":"Blue Doll"},{"floor":31,"key":"infinitespire:ShieldingShard"},{"floor":41,"key":"Dream Catcher"},{"floor":43,"key":"TheCursedMod:Tack"},{"floor":45,"key":"Happy Flower"}],"event_choices":[{"cards_removed":["TheCursedMod:CursedStaff"],"damage_healed":0,"gold_gain":0,"player_choice":"Removed Attack","damage_taken":0,"max_hp_gain":0,"max_hp_loss":0,"event_name":"Falling","floor":37,"gold_loss":0},{"damage_healed":0,"gold_gain":0,"player_choice":"Memory 1","damage_taken":0,"max_hp_gain":0,"max_hp_loss":0,"event_name":"SensoryStone","floor":42,"gold_loss":0}],"is_beta":false,"boss_relics":[{"not_picked":["Painkiller Herb","Empty Cage"],"picked":"Cursed Key"},{"not_picked":["Velvet Choker","SlaversCollar"],"picked":"Replay:Grab Bag"},{"not_picked":["ReplayTheSpireMod:Onyx Gauntlets","Sozu"],"picked":"infinitespire:Cupcake"},{"not_picked":["Runic Dome","Replay:Fungal Core"],"picked":"Abe\u0027s Treasure"},{"not_picked":["Calling Bell","Kintsugi"],"picked":"TheCursedMod:FourLeafCloverCharm"},{"not_picked":["Snecko Heart","Ring of Chaos"],"picked":"Snecko Eye"}],"items_purged_floors":[11,24],"is_endless":false,"potions_floor_spawned":[2,5,8,13,16,18,21,25,41,45,47],"ascension_level":2}}