{"host":"oiai0qxasotny765","time":1608191948,"event":{"mods":["2.2 Compatiblity","AchievementEnabler","BaseMod","Colored Map","Minty Spire (QoL Compilation)","Permanent Neow","Relic Stats","StSLib","SuperFastMode","everything is the same but u backflip on backflip"],"gold_per_floor":[111,27,45,145,163,163,178,178,178,178,195,195,209,222,222,298,298,314,325,15,31,81,81,92,92,92,17,17,37,37,48,48,122,122,134,159,175,185,85,85,111,128,128,128,49,68,68,84,84,84],"floor_reached":51,"playtime":1558,"items_purged":["Strike_G","Flechettes"],"score":1252,"play_id":"d10b473c-64e8-4b88-b4cc-1bbf24b86abb","local_time":"20201217165908","is_ascension_mode":true,"campfire_choices":[{"data":"Cloak And Dagger","floor":6.0,"key":"SMITH"},{"data":"Accuracy","floor":8.0,"key":"SMITH"},{"data":"Neutralize","floor":10.0,"key":"SMITH"},{"data":"Footwork","floor":15.0,"key":"SMITH"},{"data":"Blade Dance","floor":23.0,"key":"SMITH"},{"data":"Accuracy","floor":25.0,"key":"SMITH"},{"data":"Blade Dance","floor":30.0,"key":"SMITH"},{"data":"Accuracy","floor":32.0,"key":"SMITH"},{"data":"Adrenaline","floor":40.0,"key":"SMITH"},{"data":"Venomology","floor":44,"key":"SMITH"},{"data":"Calculated Gamble","floor":47,"key":"SMITH"},{"data":"Prepared","floor":49,"key":"SMITH"}],"circlet_count":0,"master_deck":["AscendersBane","Survivor","Neutralize+1","Cloak And Dagger+1","Accuracy+1","Blur","Cloak And Dagger","Unload","Footwork+1","Backflip","Blade Dance+1","Accuracy+1","Accuracy+1","Flash of Steel","Blade Dance+1","Reflex","Adrenaline+1","Venomology+1","Dodge and Roll","Backflip","Setup","Infinite Blades","Acrobatics+1","Acrobatics","Calculated Gamble+1","Prepared+1"],"relics":["Ring of the Snake","CaptainsWheel","HoveringKite","Lantern","Tiny Chest","Pandora\u0027s Box","Regal Pillow","Dream Catcher","Mummified Hand"],"acts_visited":["Exordium","TheCity","TheBeyond"],"potions_floor_usage":[42,46,48,50],"damage_taken":[{"damage":6.0,"enemies":"Cultist","floor":1.0,"turns":5.0},{"damage":4.0,"enemies":"Small Slimes","floor":3.0,"turns":6.0},{"damage":1.0,"enemies":"2 Louse","floor":5.0,"turns":3.0},{"damage":2.0,"enemies":"2 Fungi Beasts","floor":7.0,"turns":5.0},{"damage":15.0,"enemies":"Exordium Thugs","floor":11.0,"turns":7.0},{"damage":2.0,"enemies":"3 Louse","floor":13.0,"turns":3.0},{"damage":0.0,"enemies":"Red Slaver","floor":14.0,"turns":4.0},{"damage":0.0,"enemies":"Hexaghost","floor":16.0,"turns":11.0},{"damage":2.0,"enemies":"Spheric Guardian","floor":18.0,"turns":6.0},{"damage":0.0,"enemies":"Shell Parasite","floor":19.0,"turns":6.0},{"damage":0.0,"enemies":"Cultist and Chosen","floor":21.0,"turns":6.0},{"damage":5.0,"enemies":"Snecko","floor":24.0,"turns":5.0},{"damage":0.0,"enemies":"Centurion and Healer","floor":29.0,"turns":5.0},{"damage":0.0,"enemies":"Sentry and Sphere","floor":31.0,"turns":4.0},{"damage":3.0,"enemies":"Collector","floor":33.0,"turns":5.0},{"damage":0.0,"enemies":"3 Darklings","floor":35.0,"turns":4.0},{"damage":2.0,"enemies":"Orb Walker","floor":37.0,"turns":2.0},{"damage":0.0,"enemies":"Writhing Mass","floor":38.0,"turns":5.0},{"damage":0,"enemies":"Jaw Worm Horde","floor":42,"turns":4},{"damage":0,"enemies":"Transient","floor":46,"turns":5},{"damage":0,"enemies":"Maw","floor":48,"turns":3},{"damage":11,"enemies":"Awakened One","floor":50,"turns":8}],"seed_played":"473548034033237442","potions_obtained":[{"floor":1.0,"key":"CultistPotion"},{"floor":3.0,"key":"SpeedPotion"},{"floor":7.0,"key":"Explosive Potion"},{"floor":21.0,"key":"GhostInAJar"},{"floor":31.0,"key":"Energy Potion"},{"floor":35.0,"key":"EssenceOfSteel"},{"floor":48,"key":"Block Potion"}],"is_trial":false,"path_per_floor":["M","$","M","?","M","R","M","R","T","R","M","?","M","M","R","B",null,"M","M","$","M","?","R","M","R","T","$","?","M","R","M","R","B",null,"M","T","M","M","$","R","T","M","T","R","$","M","R","M","R","B",null],"character_chosen":"THE_SILENT","items_purchased":["Accuracy","Lantern","Accuracy","Flash of Steel","Calculated Gamble"],"campfire_rested":0,"item_purchase_floors":[2,20,20,20,45],"current_hp_per_floor":[53,53,49,49,48,48,46,46,46,46,31,31,29,29,29,29,57,55,55,55,55,55,55,50,50,50,50,50,50,50,50,50,47,61,61,61,59,59,59,59,59,59,59,59,59,59,59,59,59,48],"gold":84,"neow_bonus":"REMOVE_CARD","is_daily":false,"chose_seed":false,"campfire_upgraded":12,"win_rate":0.0,"timestamp":1608191948,"path_taken":["M","$","?","?","M","R","?","R","T","R","?","?","M","M","R","BOSS","M","M","$","M","?","R","M","R","T","?","?","M","R","M","R","BOSS","M","?","M","M","$","R","?","M","T","R","$","M","R","?","R","BOSS"],"items_purchased_type":["Card","Relic","Card","Card","Card"],"build_version":"2020-12-13","purchased_purges":2,"victory":true,"max_hp_per_floor":[66,66,66,66,66,66,66,66,66,66,66,66,66,66,66,66,66,66,66,66,66,66,66,66,66,66,66,66,66,66,66,66,66,66,66,66,66,66,66,66,66,66,66,66,66,66,66,66,66,66],"relic_stats":{"Regal Pillow":0,"Dream Catcher":0,"counters":[22,112],"Mummified Hand":[14],"HoveringKite":[27],"Tiny Chest":1,"Pandora\u0027s Box":["Venomology","Dodge and Roll","Backflip","Setup","Infinite Blades","Flechettes"],"obtain_stats":[{"CaptainsWheel":9,"Lantern":20,"Regal Pillow":36,"Dream Catcher":41,"Mummified Hand":43,"HoveringKite":17,"Tiny Chest":26,"Pandora\u0027s Box":34,"Ring of the Snake":0},{"CaptainsWheel":4,"Lantern":10,"Regal Pillow":16,"Dream Catcher":18,"Mummified Hand":19,"HoveringKite":8,"Tiny Chest":12,"Pandora\u0027s Box":15,"Ring of the Snake":0},{"CaptainsWheel":19,"Lantern":56,"Regal Pillow":85,"Dream Catcher":92,"Mummified Hand":96,"HoveringKite":44,"Tiny Chest":67,"Pandora\u0027s Box":81,"Ring of the Snake":0}],"Ring of the Snake":[44]},"card_choices":[{"not_picked":["Setup","Underhanded Strike"],"picked":"Cloak And Dagger","floor":1.0},{"not_picked":["Sucker Punch","Slice"],"picked":"Blur","floor":3.0},{"not_picked":["Poisoned Stab","Slice","Bane"],"picked":"SKIP","floor":5.0},{"not_picked":["Catalyst","Prepared","Outmaneuver"],"picked":"SKIP","floor":7.0},{"not_picked":["Infinite Blades","Noxious Fumes"],"picked":"Cloak And Dagger","floor":11.0},{"not_picked":["Glass Knife","Deadly Poison"],"picked":"Footwork","floor":13.0},{"not_picked":["Outmaneuver","Infinite Blades"],"picked":"Backflip","floor":14.0},{"not_picked":["Cloak And Dagger","Dagger Spray"],"picked":"Blade Dance","floor":18.0},{"not_picked":["Outmaneuver","Setup+1"],"picked":"Accuracy","floor":19.0},{"not_picked":["Sucker Punch","Outmaneuver+1"],"picked":"Blade Dance","floor":21.0},{"not_picked":["Infinite Blades","Flying Knee","Bane"],"picked":"SKIP","floor":24.0},{"not_picked":["Predator","Backflip+1"],"picked":"Reflex","floor":29.0},{"not_picked":["Flying Knee","Endless Agony","Poisoned Stab"],"picked":"SKIP","floor":31.0},{"not_picked":["Unload","Doppelganger"],"picked":"Adrenaline","floor":33.0},{"not_picked":["Dagger Throw","Blade Dance+1"],"picked":"Acrobatics+1","floor":35.0},{"not_picked":["Prepared","Underhanded Strike"],"picked":"Acrobatics","floor":37.0},{"not_picked":["Cloak And Dagger","Riddle With Holes","Slice"],"picked":"SKIP","floor":38.0},{"not_picked":["Backstab","Backflip","Slice"],"picked":"SKIP","floor":42},{"not_picked":["Bouncing Flask","Noxious Fumes","Deadly Poison"],"picked":"SKIP","floor":46},{"not_picked":["All Out Attack+1","Dash","Prepared"],"picked":"SKIP","floor":48},{"not_picked":["All Out Attack+1","Dash"],"picked":"Prepared","floor":48}],"player_experience":265912,"relics_obtained":[{"floor":9.0,"key":"CaptainsWheel"},{"floor":26.0,"key":"Tiny Chest"},{"floor":36.0,"key":"Regal Pillow"},{"floor":41.0,"key":"Dream Catcher"},{"floor":43,"key":"Mummified Hand"}],"event_choices":[{"damage_healed":0.0,"max_hp_gain":0.0,"max_hp_loss":0.0,"gold_gain":100.0,"event_name":"Wheel of Change","player_choice":"Gold","floor":4.0,"gold_loss":0.0,"damage_taken":0.0},{"damage_healed":0.0,"max_hp_gain":0.0,"max_hp_loss":0.0,"gold_gain":0.0,"cards_transformed":["Strike_G"],"event_name":"Living Wall","player_choice":"Change","floor":12.0,"gold_loss":0.0,"damage_taken":0.0,"cards_obtained":["Unload"]},{"damage_healed":0.0,"max_hp_gain":0.0,"max_hp_loss":0.0,"gold_gain":50.0,"event_name":"Golden Shrine","player_choice":"Pray","floor":22.0,"gold_loss":0.0,"damage_taken":0.0},{"cards_removed":["Strike_G"],"damage_healed":0.0,"max_hp_gain":0.0,"max_hp_loss":0.0,"gold_gain":0.0,"event_name":"Purifier","player_choice":"Purged","floor":28.0,"gold_loss":0.0,"damage_taken":0.0}],"is_beta":false,"boss_relics":[{"not_picked":["Snecko Eye","SlaversCollar"],"picked":"HoveringKite"},{"not_picked":["Ring of the Serpent","Black Star"],"picked":"Pandora\u0027s Box"}],"items_purged_floors":[27,39],"is_endless":false,"potions_floor_spawned":[1,3,7,11,21,24,29,31,35,37,48],"ascension_level":16}}