{"host":"4u66lrbz4v7cei5p","time":1608225513,"event":{"mods":["BaseMod","Bestiary","Colored Map","Downfall","Minty Spire (QoL Compilation)","Permanent Neow","Relic Sorter","StSLib"],"gold_per_floor":[99,117,143,143,176,176,176,192,192,220,237,109,127,181,194,290,290,215,249,249,266,296,315,315,315,315,341,359,378,393,147,161,258,258,183,183,196,201,201,87,87,117,42,70,70,86,98,98,117,117,117,145,50,50,50],"floor_reached":56,"playtime":5139,"items_purged":["hexamod:Strike"],"score":1414,"play_id":"29793a17-b588-4b62-8562-e56b1ac71a66","local_time":"20201217091833","is_ascension_mode":true,"campfire_choices":[{"data":"hexamod:Float","floor":1,"key":"SMITH"},{"data":"hexamod:Toasty","floor":6,"key":"SMITH"},{"data":"hexamod:WildfireWeapon","floor":18,"key":"SMITH"},{"data":"expansioncontent:BronzeBeam","floor":20,"key":"SMITH"},{"floor":26,"key":"RECALL"},{"data":"hexamod:HeatShield","floor":35,"key":"SMITH"},{"data":"hexamod:WildfireWeapon","floor":43,"key":"SMITH"},{"data":"hexamod:BurningTouch","floor":54,"key":"SMITH"}],"circlet_count":0,"master_deck":["hexamod:Strike+1","hexamod:Defend","hexamod:Defend","hexamod:Sear","hexamod:Float+1","expansioncontent:BronzeBeam+1","hexamod:Toasty+1","hexamod:BurningTouch+1","hexamod:ThermalTransfer+1","hexamod:FirstSeal","hexamod:BurningTouch","hexamod:TimeWarp+1","hexamod:ThermalTransfer+1","hexamod:SpectralSpark","hexamod:GhostShield","hexamod:WildfireWeapon+1","hexamod:HeatCrush+1","hexamod:Hexaguard","hexamod:WildfireWeapon+1","hexamod:GhostOfSpirePresent","hexamod:SpectralSpark+1","hexamod:GhostflameBarrier","hexamod:ExtraCrispy","hexamod:HeatShield+1","hexamod:SpectralAdrenaline+1","hexamod:TimeOfNeed","hexamod:NightmareGuise+1","expansioncontent:DashGenerateEvil+1","hexamod:Incineration+1","hexamod:ExtraCrispy","hexamod:Incineration+1","hexamod:FlamesFromBeyond+1","expansioncontent:LastStand"],"relics":["hexamod:SpiritBrand","Vajra","Bottled Flame","Molten Egg 2","Boot","Lantern","Empty Cage","downfall:HeartBlessingGreen","Centennial Puzzle","Mummified Hand","Bottled Lightning","Ancient Tea Set","Bag of Preparation","Snecko Eye","downfall:HeartBlessingRed","Art of War","Ice Cream","Omamori","downfall:HeartBlessingBlue","Sundial","Anchor"],"acts_visited":["Exordium","TheCity","TheBeyond","TheEnding"],"potions_floor_usage":[10,19,22,27,30,44,55,55,55,55,55],"damage_taken":[{"damage":0,"enemies":"Jaw Worm","floor":2,"turns":3},{"damage":19,"enemies":"3 Sentries","floor":3,"turns":9},{"damage":14,"enemies":"Lagavulin","floor":5,"turns":5},{"damage":0,"enemies":"2 Louse","floor":8,"turns":2},{"damage":17,"enemies":"3 Sentries","floor":10,"turns":7},{"damage":0,"enemies":"Cultist","floor":11,"turns":3},{"damage":0,"enemies":"downfall:FleeingMerchant","floor":12,"turns":4},{"damage":0,"enemies":"3 Louse","floor":13,"turns":2},{"damage":0,"enemies":"2 Fungi Beasts","floor":15,"turns":3},{"damage":13,"enemies":"downfall:Watcher","floor":16,"turns":6},{"damage":0,"enemies":"Book of Stabbing","floor":19,"turns":4},{"damage":0,"enemies":"Chosen","floor":21,"turns":3},{"damage":36,"enemies":"Gremlin Leader","floor":22,"turns":5},{"damage":0,"enemies":"Centurion and Healer","floor":23,"turns":5},{"damage":4,"enemies":"Slavers","floor":27,"turns":4},{"damage":0,"enemies":"Snecko","floor":28,"turns":3},{"damage":12,"enemies":"3 Cultists","floor":29,"turns":4},{"damage":15,"enemies":"Cultist and Chosen","floor":30,"turns":5},{"damage":0,"enemies":"downfall:FleeingMerchant","floor":31,"turns":4},{"damage":0,"enemies":"Snake Plant","floor":32,"turns":3},{"damage":6,"enemies":"downfall:Defect","floor":33,"turns":6},{"damage":3,"enemies":"3 Shapes","floor":37,"turns":3},{"damage":5,"enemies":"downfall:FleeingMerchant","floor":38,"turns":3},{"damage":0,"enemies":"Nemesis","floor":42,"turns":3},{"damage":16,"enemies":"Reptomancer","floor":44,"turns":4},{"damage":0,"enemies":"3 Darklings","floor":46,"turns":5},{"damage":2,"enemies":"Sphere and 2 Shapes","floor":47,"turns":3},{"damage":0,"enemies":"4 Shapes","floor":49,"turns":3},{"damage":0,"enemies":"downfall:Ironclad","floor":50,"turns":6},{"damage":17,"enemies":"downfall:CharBossMerchant","floor":52,"turns":5},{"damage":49,"enemies":"downfall:NeowBoss","floor":55,"turns":20}],"seed_played":"-9217807178562707034","potions_obtained":[{"floor":3,"key":"GamblersBrew"},{"floor":8,"key":"champ:CounterPotion"},{"floor":10,"key":"Energy Potion"},{"floor":11,"key":"Weak Potion"},{"floor":21,"key":"EssenceOfSteel"},{"floor":23,"key":"sneckomod:MuddlingPotion"},{"floor":28,"key":"Explosive Potion"},{"floor":29,"key":"EntropicBrew"},{"floor":30,"key":"LiquidMemories"},{"floor":47,"key":"BlessingOfTheForge"},{"floor":52,"key":"SpeedPotion"}],"is_trial":false,"path_per_floor":["R","M","E","?","E","R","T","M","?","E","M","$","M","T","M","B",null,"R","E","R","M","E","M","T","?","R","E","M","M","M","$","M","B",null,"R","?","M","$","?","$","T","E","R","E","?","M","M","?","M","B",null,"E","$","R","B",null],"character_chosen":"THE_SPIRIT","items_purchased":["hexamod:SpectralSpark","Bag of Preparation","hexamod:HeatShield","Art of War","expansioncontent:DashGenerateEvil+1","hexamod:Incineration+1","hexamod:ExtraCrispy","expansioncontent:LastStand"],"campfire_rested":0,"item_purchase_floors":[12,31,31,38,38,40,40,53],"current_hp_per_floor":[70,70,51,51,37,37,37,37,30,13,20,27,27,27,27,21,70,70,70,70,70,41,48,48,40,40,43,43,38,30,37,44,45,70,70,70,70,65,65,65,65,70,80,71,71,78,76,76,76,80,80,70,70,70,28],"gold":50,"neow_bonus":"RANDOM_COLORLESS","is_daily":false,"chose_seed":false,"campfire_upgraded":7,"win_rate":0.0,"timestamp":1608225513,"path_taken":["R","M","E","?","E","R","T","M","?","E","M","$","M","?","M","BOSS","R","E","R","M","E","M","T","?","R","E","?","M","M","$","M","BOSS","R","?","M","$","?","$","T","E","R","E","?","M","M","?","M","BOSS","E","$","R","BOSS"],"items_purchased_type":["Card","Relic","Card","Relic","Card","Card","Card","Card"],"build_version":"2020-12-13","purchased_purges":1,"victory":true,"max_hp_per_floor":[70,70,70,70,70,70,70,70,70,70,70,70,70,70,70,70,70,70,70,70,70,70,70,70,70,70,70,70,70,70,70,70,70,70,70,70,70,70,70,70,70,70,80,80,80,80,80,80,80,80,80,80,80,80,80],"card_choices":[{"not_picked":["Trip","Blind"],"picked":"expansioncontent:BronzeBeam","floor":0},{"not_picked":["hexamod:Firestarter","hexamod:GhostShield"],"picked":"hexamod:FastForward","floor":2},{"not_picked":["hexamod:GhostShield","hexamod:NightmareStrike"],"picked":"hexamod:Toasty","floor":3},{"not_picked":["hexamod:InspiringFlames","hexamod:ShieldOfDarkness"],"picked":"hexamod:BurningTouch","floor":5},{"not_picked":["hexamod:StepThrough+1","hexamod:ShieldOfDarkness"],"picked":"hexamod:ThermalTransfer+1","floor":8},{"not_picked":["hexamod:InspiringFlames","hexamod:FastForward"],"picked":"hexamod:BurningTouch","floor":10},{"not_picked":["hexamod:PowerFromBeyond","hexamod:SwordOfDarkness+1"],"picked":"hexamod:TimeWarp+1","floor":11},{"not_picked":["hexamod:ThirdSeal","hexamod:Rewind"],"picked":"hexamod:ThermalTransfer+1","floor":12},{"not_picked":["hexamod:AdvancingGuard","hexamod:EtherealExpedition"],"picked":"hexamod:GhostShield","floor":13},{"not_picked":["hexamod:ThirdSeal","hexamod:SpectersWail+1","hexamod:EmpoweredFlame"],"picked":"SKIP","floor":15},{"not_picked":["hexamod:TimeWarp+1","hexamod:SixthSeal"],"picked":"hexamod:WildfireWeapon","floor":16},{"not_picked":["hexamod:EtherealExpedition","hexamod:GhostOfSpirePresent+1"],"picked":"hexamod:HeatCrush+1","floor":19},{"not_picked":["hexamod:SwordOfDarkness+1","hexamod:Rewind"],"picked":"hexamod:Hexaguard","floor":21},{"not_picked":["hexamod:SecondSeal","hexamod:HeatCrush+1"],"picked":"hexamod:WildfireWeapon","floor":22},{"not_picked":["hexamod:SwordOfDarkness+1","hexamod:GhostLash+1","hexamod:EtherealExpedition"],"picked":"SKIP","floor":23},{"not_picked":["hexamod:ShieldOfDarkness+1","hexamod:GhostShield"],"picked":"hexamod:GhostOfSpirePresent","floor":27},{"not_picked":["hexamod:HauntingEcho+1","hexamod:SwordOfDarkness+1","hexamod:BurningTouch"],"picked":"SKIP","floor":28},{"not_picked":["hexamod:UnleashSpirits+1","hexamod:InspiringFlames"],"picked":"hexamod:SpectralSpark+1","floor":29},{"not_picked":["hexamod:SwordOfDarkness+1","hexamod:NightmareStrike+1"],"picked":"hexamod:GhostflameBarrier","floor":30},{"not_picked":["hexamod:FirstSeal","hexamod:ThermalTransfer+1"],"picked":"hexamod:ExtraCrispy","floor":31},{"not_picked":["hexamod:BurningTouch","hexamod:BacktrackSmack+1"],"picked":"hexamod:SpectralAdrenaline+1","floor":32},{"not_picked":["hexamod:UnleashSpirits+1","hexamod:TurnItUp"],"picked":"hexamod:TimeOfNeed","floor":33},{"not_picked":["hexamod:FirstSeal","hexamod:CatchUp+1","hexamod:BurningTouch+1"],"picked":"SKIP","floor":37},{"not_picked":["hexamod:RetreatToShadows","hexamod:NightmareStrike+1"],"picked":"hexamod:NightmareGuise+1","floor":38},{"not_picked":["hexamod:SpectralSpark","hexamod:InspiringFlames+1","hexamod:SpectersWail+1"],"picked":"SKIP","floor":42},{"not_picked":["hexamod:GhostLash+1","hexamod:RadiantFlame+1"],"picked":"hexamod:Incineration+1","floor":44},{"not_picked":["hexamod:Incineration+1","hexamod:RainOfEmbers+1","hexamod:BurningTouch+1"],"picked":"SKIP","floor":46},{"not_picked":["hexamod:SecondSeal","hexamod:FifthSeal","hexamod:NightmareStrike+1"],"picked":"SKIP","floor":47},{"not_picked":["hexamod:NightmareStrike+1","hexamod:Hexaguard+1","hexamod:Again"],"picked":"SKIP","floor":49},{"not_picked":["hexamod:FastForward+1","hexamod:NightmareStrike+1"],"picked":"hexamod:FlamesFromBeyond+1","floor":52}],"player_experience":88112,"relics_obtained":[{"floor":3,"key":"Vajra"},{"floor":5,"key":"Bottled Flame"},{"floor":7,"key":"Molten Egg 2"},{"floor":10,"key":"Boot"},{"floor":14,"key":"Lantern"},{"floor":19,"key":"Centennial Puzzle"},{"floor":22,"key":"Mummified Hand"},{"floor":24,"key":"Bottled Lightning"},{"floor":27,"key":"Ancient Tea Set"},{"floor":41,"key":"Ice Cream"},{"floor":42,"key":"Omamori"},{"floor":44,"key":"Sundial"},{"floor":52,"key":"Anchor"}],"event_choices":[{"cards_removed":["hexamod:Strike"],"damage_healed":0,"gold_gain":0,"player_choice":"Card Removal","damage_taken":0,"max_hp_gain":0,"max_hp_loss":0,"event_name":"The Cleric","floor":4,"gold_loss":0},{"cards_removed":["hexamod:FastForward"],"damage_healed":0,"gold_gain":0,"player_choice":"Purged","damage_taken":0,"max_hp_gain":0,"max_hp_loss":0,"event_name":"Purifier","floor":48,"gold_loss":0}],"is_beta":false,"boss_relics":[{"not_picked":["Cursed Key","SacredBark"],"picked":"Empty Cage"},{"not_picked":["SlaversCollar","Velvet Choker"],"picked":"Snecko Eye"}],"items_purged_floors":[12],"is_endless":false,"potions_floor_spawned":[3,8,10,11,16,21,23,28,29,30,32,47,52],"ascension_level":1}}