{"host":"gp6kafy53r5vaktt","time":1608235648,"event":{"mods":["BaseMod","Colored Map","Highlight Path","Minty Spire (QoL Compilation)"],"gold_per_floor":[111,10,22,34,34,34,64,94,94,126,126,144,64,99,99,99,99],"floor_reached":16,"playtime":1437,"items_purged":[],"score":124,"play_id":"4fe2ef97-bcac-466a-9f23-b30344634277","local_time":"20201217220728","is_ascension_mode":true,"campfire_choices":[{"data":"Armaments","floor":6.0,"key":"SMITH"},{"data":"True Grit","floor":15.0,"key":"SMITH"}],"circlet_count":0,"master_deck":["Strike_R","Strike_R","Strike_R","Strike_R","Defend_R","Defend_R","Defend_R","Bash","Dropkick","Searing Blow","True Grit+1","Armaments+1","Shrug It Off","Pommel Strike","Intimidate","Evolve","Seeing Red","Rage","Uppercut","Body Slam"],"relics":["Burning Blood","Question Card","Shuriken","Art of War","Dream Catcher"],"acts_visited":["Exordium"],"potions_floor_usage":[],"damage_taken":[{"damage":0.0,"enemies":"Cultist","floor":1.0,"turns":2.0},{"damage":2.0,"enemies":"Jaw Worm","floor":3.0,"turns":5.0},{"damage":2.0,"enemies":"Small Slimes","floor":4.0,"turns":3.0},{"damage":12.0,"enemies":"Lagavulin","floor":7.0,"turns":8.0},{"damage":27.0,"enemies":"3 Sentries","floor":10.0,"turns":8.0},{"damage":15.0,"enemies":"Gremlin Gang","floor":12.0,"turns":6.0},{"damage":20.0,"enemies":"Gremlin Nob","floor":14.0,"turns":5.0},{"damage":35,"enemies":"Slime Boss","floor":16,"turns":3}],"seed_played":"-3116126827561704243","potions_obtained":[{"floor":1.0,"key":"GamblersBrew"},{"floor":10.0,"key":"Swift Potion"},{"floor":12.0,"key":"EssenceOfSteel"}],"is_trial":false,"path_per_floor":["M","$","M","M","$","R","E","?","T","E","?","M","$","E","R","B"],"character_chosen":"IRONCLAD","items_purchased":["Armaments","Shrug It Off","Uppercut"],"campfire_rested":0,"item_purchase_floors":[2,2,13],"current_hp_per_floor":[80,80,80,80,80,80,74,74,74,53,53,44,44,30,30,0,0],"gold":99,"neow_bonus":"TRANSFORM_TWO_CARDS","is_daily":false,"chose_seed":false,"campfire_upgraded":2,"win_rate":0.0,"timestamp":1608235648,"path_taken":["M","$","M","M","$","R","E","?","T","E","?","M","?","E","R","BOSS"],"items_purchased_type":["Card","Card","Card"],"build_version":"2020-12-13","purchased_purges":0,"victory":false,"max_hp_per_floor":[80,80,80,80,80,80,80,80,80,80,77,77,77,77,77,77,77],"card_choices":[{"not_picked":["Dropkick","Heavy Blade"],"picked":"True Grit","floor":1.0},{"not_picked":["Clothesline","Inflame"],"picked":"Pommel Strike","floor":3.0},{"not_picked":["True Grit","Rampage"],"picked":"Intimidate","floor":4.0},{"not_picked":["Infernal Blade","Reckless Charge"],"picked":"Evolve","floor":7.0},{"not_picked":["Twin Strike","Clash","Burning Pact"],"picked":"Seeing Red","floor":10.0},{"not_picked":["Flex","Bloodletting","Second Wind"],"picked":"Rage","floor":12.0},{"not_picked":["Sword Boomerang","Heavy Blade","Berserk"],"picked":"Body Slam","floor":14.0}],"player_experience":12743,"relics_obtained":[{"floor":7.0,"key":"Question Card"},{"floor":9.0,"key":"Shuriken"},{"floor":10.0,"key":"Art of War"},{"floor":14.0,"key":"Dream Catcher"}],"event_choices":[{"damage_healed":0.0,"max_hp_gain":0.0,"max_hp_loss":0.0,"gold_gain":30.0,"event_name":"Dead Adventurer","player_choice":"Searched \u00272\u0027 times","floor":8.0,"gold_loss":0.0,"damage_taken":0.0},{"cards_removed":["Parasite"],"damage_healed":0.0,"max_hp_gain":0.0,"max_hp_loss":0.0,"gold_gain":0.0,"event_name":"Living Wall","player_choice":"Forget","floor":11.0,"gold_loss":0.0,"damage_taken":0.0}],"is_beta":false,"boss_relics":[],"items_purged_floors":[],"is_endless":false,"potions_floor_spawned":[1,10,12],"killed_by":"Slime Boss","ascension_level":1}}