{"host":"dw8189mw8rzr4e13","time":1608201952,"event":{"mods":["Act Like it!","BaseMod","Better Vampires","Colored Powertips","Downfall","Minty Spire (QoL Compilation)","Rare Cards Sparkle","StSLib"],"gold_per_floor":[99,110,137,137,168,184,184,203,203,228,241,26,26,45,62,62,62],"floor_reached":16,"playtime":1018,"items_purged":["sneckomod:Strike"],"score":147,"play_id":"865381d7-173d-45c5-830c-e7bf3c8c15dc","local_time":"20201217184552","is_ascension_mode":false,"campfire_choices":[{"data":"sneckomod:SnekBite","floor":1.0,"key":"SMITH"},{"data":"sneckomod:UnknownUncommonPower","floor":4.0,"key":"SMITH"},{"data":"sneckomod:Unknown1Cost","floor":9.0,"key":"SMITH"}],"circlet_count":0,"master_deck":["sneckomod:Strike+1","sneckomod:Strike+1","sneckomod:Defend+1","sneckomod:Defend+1","sneckomod:Defend+1","sneckomod:TailWhip+1","sneckomod:SnekBite+1","sneckomod:Unknown","sneckomod:Unknown","sneckomod:Unknown1Cost+1","hexamod:SixthSeal","sneckomod:UnknownUncommonPower+1","sneckomod:QuickBite","sneckomod:QuickMove","sneckomod:SerpentMind","sneckomod:Unknown0Cost","sneckomod:CheapStock","sneckomod:UnknownStrike+1","sneckomod:ImprovisedGuard+1","sneckomod:ImprovisedAttack+1"],"relics":["sneckomod:SneckoSoul","CaptainsWheel","sneckomod:ConfusingCodex","Pocketwatch","Molten Egg 2"],"acts_visited":["Exordium"],"potions_floor_usage":[16,16],"damage_taken":[{"damage":2.0,"enemies":"2 Louse","floor":2.0,"turns":3.0},{"damage":24.0,"enemies":"Gremlin Nob","floor":3.0,"turns":5.0},{"damage":28.0,"enemies":"3 Sentries","floor":5.0,"turns":5.0},{"damage":15.0,"enemies":"Jaw Worm","floor":6.0,"turns":3.0},{"damage":1.0,"enemies":"Cultist","floor":8.0,"turns":3.0},{"damage":0.0,"enemies":"Lagavulin","floor":10.0,"turns":7.0},{"damage":0,"enemies":"Gremlin Gang","floor":11,"turns":4},{"damage":0,"enemies":"downfall:FleeingMerchant","floor":12,"turns":4},{"damage":0,"enemies":"2 Fungi Beasts","floor":14,"turns":4},{"damage":18,"enemies":"Gremlin Gang","floor":15,"turns":6},{"damage":33,"enemies":"downfall:Defect","floor":16,"turns":4}],"seed_played":"7592560006268896206","potions_obtained":[{"floor":3.0,"key":"Fire Potion"},{"floor":10.0,"key":"Regen Potion"},{"floor":11,"key":"AttackPotion"}],"is_trial":false,"path_per_floor":["R","M","E","R","E","M","T","M","R","E","M","$","?","M","M","B"],"character_chosen":"THE_SNECKO","items_purchased":["sneckomod:CheapStock","sneckomod:UnknownStrike+1"],"campfire_rested":0,"item_purchase_floors":[12,12],"current_hp_per_floor":[99,98,75,75,47,36,36,35,35,35,35,37,37,37,19,0,0],"gold":62,"neow_bonus":"TEN_PERCENT_HP_BONUS","is_daily":false,"chose_seed":false,"campfire_upgraded":3,"win_rate":0.0,"timestamp":1608201952,"path_taken":["R","M","E","R","E","M","T","M","R","E","M","$","?","M","M","BOSS"],"items_purchased_type":["Card","Card"],"build_version":"2020-12-13","purchased_purges":1,"victory":false,"max_hp_per_floor":[99,100,101,101,101,101,101,101,101,101,101,103,103,103,103,103,103],"card_choices":[{"not_picked":["sneckomod:SoulDraw","sneckomod:UnknownCommonSkill"],"picked":"sneckomod:Unknown1Cost","floor":2.0},{"not_picked":["hexamod:FourthSeal","hexamod:FirstSeal"],"picked":"hexamod:SixthSeal","floor":3.0},{"not_picked":["sneckomod:UnknownCommonSkill","sneckomod:UnknownClassPURPLE"],"picked":"sneckomod:UnknownUncommonPower","floor":3.0},{"not_picked":["sneckomod:UnknownUncommonSkill","sneckomod:UnknownStrike"],"picked":"sneckomod:QuickBite","floor":5.0},{"not_picked":["sneckomod:ImprovisedAttack","sneckomod:UnknownCommonSkill","sneckomod:UnknownCommonAttack"],"picked":"SKIP","floor":6.0},{"not_picked":["sneckomod:SnakeSap","sneckomod:DiceBlock","sneckomod:IronFang"],"picked":"SKIP","floor":8.0},{"not_picked":["sneckomod:RainOfDice+1","sneckomod:ImprovisedGuard"],"picked":"sneckomod:QuickMove","floor":10.0},{"not_picked":["sneckomod:IronFang+1","sneckomod:DiceCrush+1"],"picked":"sneckomod:SerpentMind","floor":11},{"not_picked":["sneckomod:TrashToTreasure","sneckomod:UnknownClassPURPLE"],"picked":"sneckomod:Unknown0Cost","floor":12},{"not_picked":["sneckomod:DiceCrush+1","sneckomod:SnekBeam+1"],"picked":"sneckomod:ImprovisedGuard","floor":14},{"not_picked":["sneckomod:UnknownClassGUARDIAN","sneckomod:UnknownClassSLIMEBOUND"],"picked":"sneckomod:ImprovisedAttack+1","floor":15}],"player_experience":639884,"relics_obtained":[{"floor":3.0,"key":"CaptainsWheel"},{"floor":5.0,"key":"sneckomod:ConfusingCodex"},{"floor":7.0,"key":"Pocketwatch"},{"floor":10.0,"key":"Molten Egg 2"}],"event_choices":[],"is_beta":false,"boss_relics":[],"items_purged_floors":[12],"is_endless":false,"potions_floor_spawned":[3,10,11,14,15],"killed_by":"downfall:Defect","ascension_level":0}}