{"host":"dntw6kil9p09eemm","time":1608249383,"event":{"mods":["BaseMod","BetterRewards","Colored Powertips","Downfall","Hermit","Minty Spire (QoL Compilation)","Permanent Neow","Shop Mod","Spicy Shops","StSLib","The Factory","The Runesmith","Waifu the Spire","vexMod"],"gold_per_floor":[110,110,124,143,159,159,178,193,244,260,289,309,7,27,27,128,128,143,143,157,157,29,29,43,43,43,43,59,69,69,87,87,87,87],"floor_reached":33,"playtime":2976,"items_purged":["hexamod:Defend"],"score":280,"play_id":"7b2c9698-9222-4065-b0db-f67acb03de2b","local_time":"20201218085623","is_ascension_mode":false,"campfire_choices":[{"data":"hexamod:ThermalTransfer","floor":6.0,"key":"SMITH"},{"data":"hexamod:ApocalypticArmor","floor":15.0,"key":"SMITH"},{"data":"hexamod:Incineration","floor":23.0,"key":"SMITH"},{"floor":30.0,"key":"REST"},{"data":"hexamod:EmpoweredFlame","floor":32.0,"key":"SMITH"}],"circlet_count":0,"master_deck":["hexamod:Defend","hexamod:Defend","hexamod:Defend","hexamod:Sear","hexamod:Float+1","hexamod:ThermalTransfer+1","hexamod:Firestarter","hexamod:EmpoweredFlame+1","hexamod:BurningTouch","hexamod:ApocalypticArmor+1","hexamod:FirstSeal","hexamod:Incineration+1","Bite","Bite","Bite","Bite","Bite","hexamod:ThermalTransfer","hexamod:SpectralSpark","hexamod:ExtraCrispy","hexamod:StepThrough+1"],"relics":["hexamod:SpiritBrand","hexamod:BolsterEngine","Membership Card","MerchantsRug","Blood Vial","Molten Egg 2","hexamod:SoulConsumer","Pen Nib","Smiling Mask"],"acts_visited":["Exordium","TheCity"],"potions_floor_usage":[],"damage_taken":[{"damage":0.0,"enemies":"2 Louse","floor":1.0,"turns":3.0},{"damage":0.0,"enemies":"Cultist","floor":3.0,"turns":3.0},{"damage":0.0,"enemies":"Small Slimes","floor":4.0,"turns":3.0},{"damage":0.0,"enemies":"2 Fungi Beasts","floor":5.0,"turns":2.0},{"damage":0.0,"enemies":"Lots of Slimes","floor":7.0,"turns":4.0},{"damage":0.0,"enemies":"Blue Slaver","floor":8.0,"turns":3.0},{"damage":4.0,"enemies":"Looter","floor":10.0,"turns":2.0},{"damage":16.0,"enemies":"Gremlin Nob","floor":11.0,"turns":5.0},{"damage":13.0,"enemies":"Red Slaver","floor":12.0,"turns":4.0},{"damage":5.0,"enemies":"Lots of Slimes","floor":14.0,"turns":4.0},{"damage":25.0,"enemies":"Hexaghost","floor":16.0,"turns":9.0},{"damage":4.0,"enemies":"3 Byrds","floor":18.0,"turns":4.0},{"damage":17.0,"enemies":"2 Thieves","floor":20.0,"turns":4.0},{"damage":16.0,"enemies":"Centurion and Healer","floor":24.0,"turns":7.0},{"damage":24.0,"enemies":"Cultist and Chosen","floor":28.0,"turns":7.0},{"damage":35.0,"enemies":"3 Cultists","floor":29.0,"turns":6.0},{"damage":32.0,"enemies":"Centurion and Healer","floor":31.0,"turns":8.0},{"damage":89,"enemies":"Champ","floor":33,"turns":13}],"seed_played":"-5868295199204108579","potions_obtained":[{"floor":2.0,"key":"Fire Potion"},{"floor":2.0,"key":"Ancient Potion"},{"floor":2.0,"key":"Explosive Potion"},{"floor":5.0,"key":"SkillPotion"},{"floor":14.0,"key":"sneckomod:MuddlingPotion"},{"floor":18.0,"key":"PowerPotion"},{"floor":25.0,"key":"Fire Potion"},{"floor":28.0,"key":"Swift Potion"}],"is_trial":false,"path_per_floor":["M","?","M","M","M","R","M","M","T","M","E","M","$","M","R","B",null,"M","?","M","?","$","R","M","?","T","?","M","M","R","M","R","B"],"character_chosen":"THE_SPIRIT","items_purchased":["Membership Card","MerchantsRug","Blood Vial","Molten Egg 2","hexamod:SpectralSpark","hexamod:SoulConsumer"],"campfire_rested":1,"item_purchase_floors":[13,13,13,22,22,22],"current_hp_per_floor":[70,70,70,70,70,70,70,70,70,66,50,37,37,41,41,25,70,70,49,46,59,59,59,57,57,57,57,50,31,48,40,40,0,0],"gold":87,"neow_bonus":"UPGRADE_CARD","is_daily":false,"chose_seed":false,"campfire_upgraded":4,"win_rate":0.0,"timestamp":1608249383,"path_taken":["M","?","M","?","?","R","?","M","T","M","E","M","$","M","R","BOSS","M","?","M","?","$","R","?","?","T","?","?","M","R","M","R","BOSS"],"items_purchased_type":["Relic","Relic","Relic","Relic","Card","Relic"],"build_version":"2020-12-13","purchased_purges":1,"victory":false,"max_hp_per_floor":[70,70,70,70,70,70,70,70,70,70,70,70,70,70,70,70,70,70,49,49,59,59,59,59,59,59,59,59,59,59,59,59,59,59],"card_choices":[{"not_picked":["hexamod:RainOfEmbers","hexamod:HeatCrush"],"picked":"hexamod:ThermalTransfer","floor":1.0},{"not_picked":["hexamod:FirstSeal","hexamod:ThermalTransfer"],"picked":"hexamod:Firestarter","floor":3.0},{"not_picked":["hexamod:ChargedBarrage","hexamod:InspiringFlames","hexamod:HeatCrush"],"picked":"SKIP","floor":4.0},{"not_picked":["hexamod:NecessarySacrifice","hexamod:Hexaguard","hexamod:Haunt"],"picked":"SKIP","floor":5.0},{"not_picked":["hexamod:SkipABeat","hexamod:FlamesFromBeyond"],"picked":"hexamod:EmpoweredFlame","floor":7.0},{"not_picked":["hexamod:SwordOfDarkness","hexamod:GhostLash"],"picked":"hexamod:BurningTouch","floor":8.0},{"not_picked":["hexamod:SpectersWail","hexamod:ShieldOfDarkness","hexamod:ChargedBarrage"],"picked":"SKIP","floor":10.0},{"not_picked":["hexamod:SwordOfDarkness","hexamod:EtherealExpedition"],"picked":"hexamod:ApocalypticArmor","floor":11.0},{"not_picked":["hexamod:HauntingEcho","hexamod:AdvancingGuard"],"picked":"hexamod:FirstSeal","floor":12.0},{"not_picked":["hexamod:FourthSeal","hexamod:SpectersWail"],"picked":"hexamod:Incineration","floor":14.0},{"not_picked":["hexamod:TimeOfNeed","hexamod:WildfireWeapon"],"picked":"hexamod:GhostflameInferno","floor":16.0},{"not_picked":["hexamod:SpectersWail","hexamod:SkipABeat+1","hexamod:BurningTouch"],"picked":"SKIP","floor":18.0},{"not_picked":["hexamod:AdvancingGuard","hexamod:SwordOfDarkness"],"picked":"hexamod:ThermalTransfer","floor":20.0},{"not_picked":["hexamod:DynamicBlow+1","hexamod:SpectersWail+1","hexamod:Incineration+1"],"picked":"SKIP","floor":24.0},{"not_picked":["hexamod:NightmareGuise","hexamod:GhostOfSpirePresent+1","hexamod:HeatCrush+1"],"picked":"SKIP","floor":28.0},{"not_picked":["hexamod:Hexaguard","hexamod:SwordOfDarkness+1"],"picked":"hexamod:ExtraCrispy","floor":29.0},{"not_picked":["hexamod:GhostLash+1","hexamod:ShieldOfDarkness+1"],"picked":"hexamod:StepThrough+1","floor":31.0}],"player_experience":389639,"relics_obtained":[{"floor":9.0,"key":"Regal Pillow"},{"floor":11.0,"key":"hexamod:BolsterEngine"},{"floor":26.0,"key":"Pen Nib"}],"event_choices":[{"damage_healed":0.0,"max_hp_gain":0.0,"max_hp_loss":0.0,"gold_gain":0.0,"event_name":"Lab","player_choice":"Got Potions","floor":2.0,"gold_loss":0.0,"damage_taken":0.0},{"damage_healed":0.0,"max_hp_gain":0.0,"max_hp_loss":21.0,"gold_gain":0.0,"event_name":"Vampires","player_choice":"Became a vampire","floor":19.0,"gold_loss":0.0,"damage_taken":0.0,"cards_obtained":["Bite","Bite","Bite","Bite","Bite"]},{"cards_removed":["hexamod:GhostflameInferno"],"damage_healed":3.0,"max_hp_gain":10.0,"max_hp_loss":0.0,"gold_gain":0.0,"event_name":"Bonfire Elementals","player_choice":"Offered Rare","floor":21.0,"gold_loss":0.0,"damage_taken":0.0},{"damage_healed":0.0,"max_hp_gain":0.0,"max_hp_loss":0.0,"gold_gain":0.0,"event_name":"WeMeetAgain","player_choice":"Gave Potion","floor":27.0,"gold_loss":0.0,"damage_taken":0.0,"relics_obtained":["Smiling Mask"]}],"is_beta":false,"boss_relics":[{"not_picked":["vexMod:NewClearReactor","Fusion Hammer"],"picked":"vexMod:DeviousBotling"}],"items_purged_floors":[22],"is_endless":false,"potions_floor_spawned":[4,5,7,14,18,28],"killed_by":"Champ","ascension_level":0}}