{"host":"30nnj7p8788fovb1","time":1608226512,"event":{"mods":["2.2 Compatiblity","AchievementEnabler","Act Like it!","BaseMod","Better Altar","Better Match","Better Note","Better Skull","Better Third Choice","Better Vampires","BetterRewards","Block Reminder","CapriCore","Colored Map","Colored Powertips","Curses Come First","Defuse TimeMaze Blight","Displayed Cursed Tome","Downfall","Hallownest","Hermit","Luminous","Marisa????????","Minty Spire (QoL Compilation)","Permanent Neow","Quick Restart","RNG Fix","Rare Cards Sparkle","Reimu??????","Relic Stats","Replay The Spire","Shade Mod","StSLib","The Bladedancer","The Bug Knight","The Cursed","The Exalted","The Forsaken","The Mystic","The Problem Sleuth","The Servant 0.9.4","The Vixen","Transform Curses","???????????mod"],"gold_per_floor":[99,118,128,53,70,104,129,54,73,73,248,248,273,30,44,139,139,64,95,106,106,141,141,192,203,203,228,25,35,46,60,74,178,178,178,192,192,273,299,299,299,325,325,354,368,368,368,368,385,385,385,412,37,37,37],"floor_reached":56,"playtime":4771,"items_purged":["Doubt","Defend_S","Defend_S","Alleviate+1"],"score":1995,"play_id":"6e2f946b-2292-405d-96a8-7709a35ca02c","local_time":"20201217133512","is_ascension_mode":true,"campfire_choices":[{"floor":1,"key":"RECALL"},{"data":"KidneyShot","floor":4,"key":"SMITH"},{"data":"FloweringNight","floor":8,"key":"SMITH"},{"floor":10,"key":"REST"},{"data":"Defend_S","floor":18,"key":"SMITH"},{"data":"KillingDoll","floor":23,"key":"SMITH"},{"data":"Misdirection","floor":26,"key":"SMITH"},{"data":"GearUp","floor":35,"key":"SMITH"},{"data":"Potential","floor":37,"key":"SMITH"},{"data":"Misdirection","floor":40,"key":"SMITH"},{"data":"Sadistic Nature","floor":43,"key":"SMITH"},{"floor":54,"key":"REST"}],"circlet_count":0,"master_deck":["Strike_S+1","Strike_S+1","Strike_S+1","Defend_S+1","Defend_S+1","KidneyShot+1","Exchange+1","Defy+1","Potential+1","FloweringNight+1","ShatteredReality+1","TimeWarp+1","Advance+1","KillingDoll+1","Misdirection+1","Ricochet+1","Rearm+1","BestPractice+1","GearUp+1","RealityMarble+1","Misdirection+1","Solidify+1","Defy+1","Sadistic Nature+1","Rearm+1","Moonlight+1","SilverBlades+1","Replay:SS_fish_1","Duplication","KillingDoll"],"relics":["Uniform","Bromod:ArcaneNullifier","downfall:HeartBlessingRed","Replay:Rubber Ducky","downfall:HeartBlessingGreen","ReplayTheSpireMod:Lightbulb","Membership Card","Replay:Grab Bag","Philosopher\u0027s Stone","ReplayTheSpireMod:DimensionalGlitch","Bromod:ArcaneBarrier","Bromod:ArcaneEnergize","downfall:HeartBlessingBlue","theForsaken:Gavel","Iron Hammer","Red Mask","Strawberry","Kunai","Pan","Calling Bell","Bromod:ArcaneConsequence","HornCleat","Calipers","BargainBundle","Orichalcum","PreservedInsect","Guardian:PocketSentry","Bromod:ArcaneTrickery","Singing Bowl","War Paint","theForsaken:Kindling","Centennial Puzzle","OrangePellets"],"acts_visited":["Exordium","TheCity","TheBeyond","TheEnding"],"potions_floor_usage":[16,55],"damage_taken":[{"damage":0,"enemies":"Cultist","floor":2,"turns":3},{"damage":3,"enemies":"Jaw Worm","floor":3,"turns":6},{"damage":0,"enemies":"2 Louse","floor":5,"turns":2},{"damage":30,"enemies":"3 Sentries","floor":6,"turns":11},{"damage":0,"enemies":"Large Slime","floor":9,"turns":3},{"damage":5,"enemies":"downfall:FleeingMerchant","floor":14,"turns":4},{"damage":7,"enemies":"Blue Slaver","floor":15,"turns":2},{"damage":10,"enemies":"downfall:Defect","floor":16,"turns":6},{"damage":13,"enemies":"Slavers","floor":19,"turns":4},{"damage":0,"enemies":"3 Byrds","floor":20,"turns":2},{"damage":1,"enemies":"Masked Bandits","floor":22,"turns":3},{"damage":0,"enemies":"Spheric Guardian","floor":25,"turns":1},{"damage":1,"enemies":"Book of Stabbing","floor":27,"turns":4},{"damage":1,"enemies":"downfall:FleeingMerchant","floor":28,"turns":4},{"damage":0,"enemies":"Cultist and Chosen","floor":29,"turns":3},{"damage":4,"enemies":"Snake Plant","floor":30,"turns":3},{"damage":0,"enemies":"3 Cultists","floor":31,"turns":3},{"damage":0,"enemies":"Snecko","floor":32,"turns":3},{"damage":0,"enemies":"downfall:Silent","floor":33,"turns":4},{"damage":3,"enemies":"3 Shapes","floor":36,"turns":3},{"damage":0,"enemies":"downfall:FleeingMerchant","floor":38,"turns":2},{"damage":0,"enemies":"Nemesis","floor":39,"turns":3},{"damage":0,"enemies":"R_Hoarder","floor":42,"turns":6},{"damage":2,"enemies":"Reptomancer","floor":44,"turns":3},{"damage":0,"enemies":"3 Darklings","floor":45,"turns":3},{"damage":0,"enemies":"3 Darklings","floor":47,"turns":11},{"damage":7,"enemies":"Jaw Worm Horde","floor":49,"turns":2},{"damage":0,"enemies":"downfall:Watcher","floor":50,"turns":4},{"damage":59,"enemies":"downfall:CharBossMerchant","floor":52,"turns":4},{"damage":0,"enemies":"downfall:NeowBoss","floor":55,"turns":14}],"seed_played":"-3496332285333822328","potions_obtained":[{"floor":3,"key":"GrandPatriotsElixir:ReiMu"},{"floor":5,"key":"EssenceOfSteel"},{"floor":6,"key":"BlessingOfTheForge"},{"floor":16,"key":"Energy Potion"},{"floor":22,"key":"AttackPotion"},{"floor":33,"key":"PowerPotion"}],"is_trial":false,"path_per_floor":["R","M","M","R","M","E","T","R","M","R","?","?","T","$","M","B",null,"R","E","M","?","?","R","T","M","R","E","$","M","M","M","M","B",null,"R","M","R","?","E","R","T","E","R","E","M","?","?","?","M","B",null,"E","$","R","B",null],"character_chosen":"THE_SERVANT","items_purchased":["Membership Card","Advance","GearUp","Pan","RealityMarble+1","BargainBundle","Orichalcum","PreservedInsect","Sadistic Nature","Duplication","KillingDoll","Centennial Puzzle","OrangePellets"],"campfire_rested":2,"item_purchase_floors":[14,14,28,28,28,38,38,38,38,53,53,53,53],"current_hp_per_floor":[65,65,62,62,62,32,32,32,32,51,51,56,56,51,44,34,70,80,67,67,67,66,66,73,73,73,72,71,71,67,67,67,67,87,87,84,84,84,84,84,84,84,84,84,84,72,89,89,84,84,91,34,34,66,66],"gold":37,"neow_bonus":"RANDOM_COMMON_RELIC","is_daily":false,"chose_seed":false,"campfire_upgraded":9,"win_rate":0.0,"timestamp":1608226512,"path_taken":["R","M","M","R","M","E","T","R","M","R","?","?","?","$","M","BOSS","R","E","M","?","?","R","T","M","R","E","$","M","?","?","M","BOSS","R","M","R","?","E","R","T","E","R","E","?","?","?","?","M","BOSS","E","$","R","BOSS"],"items_purchased_type":["Relic","Card","Card","Relic","Card","Relic","Relic","Relic","Card","Card","Card","Relic","Relic"],"build_version":"2020-12-13","purchased_purges":4,"victory":true,"max_hp_per_floor":[65,65,65,65,65,65,65,65,65,65,65,70,70,70,70,70,70,80,80,80,80,80,80,87,87,87,87,87,87,87,87,87,87,87,87,87,87,87,87,87,87,87,87,89,89,89,89,89,91,91,91,93,93,98,98],"relic_stats":{"OrangePellets":[1],"Centennial Puzzle":[0],"Singing Bowl":6,"counters":[30,125],"PreservedInsect":280,"Kunai":[33],"Orichalcum":[42],"War Paint":["Exchange","Defy"],"obtain_stats":[{"Calipers":34,"Bromod:ArcaneNullifier":0,"Singing Bowl":42,"downfall:HeartBlessingGreen":8,"Uniform":0,"theForsaken:Gavel":19,"Replay:Rubber Ducky":6,"Centennial Puzzle":53,"HornCleat":34,"downfall:HeartBlessingBlue":18,"Bromod:ArcaneTrickery":41,"theForsaken:Kindling":52,"Strawberry":24,"Philosopher\u0027s Stone":17,"Iron Hammer":21,"Red Mask":22,"Kunai":27,"BargainBundle":38,"downfall:HeartBlessingRed":4,"Replay:Grab Bag":17,"PreservedInsect":38,"Guardian:PocketSentry":39,"Orichalcum":38,"War Paint":44,"Bromod:ArcaneConsequence":34,"Calling Bell":34,"OrangePellets":53,"Bromod:ArcaneEnergize":17,"Bromod:ArcaneBarrier":17,"Membership Card":14,"Pan":28,"ReplayTheSpireMod:Lightbulb":13,"ReplayTheSpireMod:DimensionalGlitch":17},{"Calipers":19,"Bromod:ArcaneNullifier":0,"Singing Bowl":23,"downfall:HeartBlessingGreen":4,"Uniform":0,"theForsaken:Gavel":9,"Replay:Rubber Ducky":4,"Centennial Puzzle":29,"HornCleat":19,"downfall:HeartBlessingBlue":8,"Bromod:ArcaneTrickery":22,"theForsaken:Kindling":29,"Strawberry":11,"Philosopher\u0027s Stone":8,"Iron Hammer":10,"Red Mask":11,"Kunai":13,"BargainBundle":21,"downfall:HeartBlessingRed":2,"Replay:Grab Bag":8,"PreservedInsect":21,"Guardian:PocketSentry":22,"Orichalcum":21,"War Paint":24,"Bromod:ArcaneConsequence":19,"Calling Bell":19,"OrangePellets":29,"Bromod:ArcaneEnergize":8,"Bromod:ArcaneBarrier":8,"Membership Card":6,"Pan":14,"ReplayTheSpireMod:Lightbulb":5,"ReplayTheSpireMod:DimensionalGlitch":8},{"Calipers":71,"Bromod:ArcaneNullifier":0,"Singing Bowl":85,"downfall:HeartBlessingGreen":22,"Uniform":0,"theForsaken:Gavel":41,"Replay:Rubber Ducky":22,"Centennial Puzzle":112,"HornCleat":71,"downfall:HeartBlessingBlue":37,"Bromod:ArcaneTrickery":79,"theForsaken:Kindling":112,"Strawberry":46,"Philosopher\u0027s Stone":37,"Iron Hammer":43,"Red Mask":46,"Kunai":51,"BargainBundle":76,"downfall:HeartBlessingRed":9,"Replay:Grab Bag":37,"PreservedInsect":76,"Guardian:PocketSentry":79,"Orichalcum":76,"War Paint":88,"Bromod:ArcaneConsequence":71,"Calling Bell":71,"OrangePellets":112,"Bromod:ArcaneEnergize":37,"Bromod:ArcaneBarrier":37,"Membership Card":29,"Pan":55,"ReplayTheSpireMod:Lightbulb":25,"ReplayTheSpireMod:DimensionalGlitch":37}]},"card_choices":[{"not_picked":["Shuttle","DoubleEdge"],"picked":"Defy","floor":2},{"not_picked":["BottledTime","ShatteredReality"],"picked":"Potential","floor":3},{"not_picked":["Ricochet","Spin"],"picked":"FloweringNight","floor":5},{"not_picked":["Deadline","Potential"],"picked":"ShatteredReality","floor":6},{"not_picked":["BottledTime","Deadline","Potential"],"picked":"SKIP","floor":9},{"not_picked":["Gouge","FastForward"],"picked":"TimeWarp","floor":14},{"not_picked":["Starlight","Spin","Shuttle"],"picked":"SKIP","floor":15},{"not_picked":["Deny","PendulumOfEternity"],"picked":"KillingDoll","floor":16},{"not_picked":["Revamp","Unruled+1","Comet"],"picked":"SKIP","floor":19},{"not_picked":["Unruled","Sabotage"],"picked":"Misdirection","floor":20},{"not_picked":["StarChef","Duplication"],"picked":"Ricochet","floor":22},{"not_picked":["Read+1","Rewind","DoubleEdge"],"picked":"SKIP","floor":25},{"not_picked":["FastForward","Misdirection"],"picked":"Rearm","floor":27},{"not_picked":["Starlight","DoubleEdge"],"picked":"BestPractice","floor":28},{"not_picked":["Ricochet+1","Desolation"],"picked":"Misdirection","floor":29},{"not_picked":["Unruled","FastForward","RealityMarble"],"picked":"SKIP","floor":30},{"not_picked":["Moondial+1","TimeTheft","Desolation+1"],"picked":"SKIP","floor":31},{"not_picked":["TimeWarp","ShatteredReality","Potential"],"picked":"SKIP","floor":32},{"not_picked":["ForgedInTime","Sunlight"],"picked":"Solidify","floor":33},{"not_picked":["Hightail+1","ShatteredReality+1","Replace+1"],"picked":"SKIP","floor":36},{"not_picked":["Solidify","BottledTime"],"picked":"Defy+1","floor":38},{"not_picked":["Misdirection","Manipulate"],"picked":"Alleviate+1","floor":39},{"not_picked":["Moondial+1","FastForward+1"],"picked":"Rearm+1","floor":42},{"not_picked":["FanOfKnives","Spin","MoonPhase+1"],"picked":"Singing Bowl","floor":44},{"not_picked":["Alleviate","Unruled"],"picked":"Moonlight+1","floor":45},{"not_picked":["Revamp","Alleviate"],"picked":"SilverBlades+1","floor":47},{"not_picked":["Replay:SS_forest_2","Replay:SS_forest_6"],"picked":"Replay:SS_fish_1","floor":48},{"not_picked":["FastForward","Deny","Defy"],"picked":"Singing Bowl","floor":49},{"not_picked":["Spin+1","Rearm+1","SpecialFormula"],"picked":"Singing Bowl","floor":52}],"player_experience":911129,"relics_obtained":[{"floor":6,"key":"Replay:Rubber Ducky"},{"floor":13,"key":"ReplayTheSpireMod:Lightbulb"},{"floor":19,"key":"theForsaken:Gavel"},{"floor":22,"key":"Red Mask"},{"floor":24,"key":"Strawberry"},{"floor":27,"key":"Kunai"},{"floor":34,"key":"Bromod:ArcaneConsequence"},{"floor":34,"key":"HornCleat"},{"floor":34,"key":"Calipers"},{"floor":39,"key":"Guardian:PocketSentry"},{"floor":41,"key":"Bromod:ArcaneTrickery"},{"floor":42,"key":"Singing Bowl"},{"floor":44,"key":"War Paint"},{"floor":52,"key":"theForsaken:Kindling"}],"event_choices":[{"damage_healed":0,"gold_gain":0,"player_choice":"Donut","damage_taken":0,"max_hp_gain":5,"max_hp_loss":0,"event_name":"Big Fish","floor":12,"gold_loss":0},{"damage_healed":0,"gold_gain":0,"player_choice":"Fought Bandits","damage_taken":0,"max_hp_gain":0,"max_hp_loss":0,"event_name":"Masked Bandits","floor":22,"gold_loss":0}],"is_beta":false,"boss_relics":[{"not_picked":["Coffee Dripper","Painkiller Herb"],"picked":"Replay:Grab Bag"},{"not_picked":["Abe\u0027s Treasure","Velvet Choker"],"picked":"Philosopher\u0027s Stone"},{"not_picked":["Busted Crown","Cursed Key"],"picked":"ReplayTheSpireMod:DimensionalGlitch"},{"not_picked":["SacredBark","Astrolabe"],"picked":"Bromod:ArcaneBarrier"},{"not_picked":["SlaversCollar","Bromod:ArcaneGrace"],"picked":"Bromod:ArcaneEnergize"},{"not_picked":["Replay:Wanted Poster","Replay:Bronze Core"],"picked":"Calling Bell"}],"items_purged_floors":[14,28,38,53],"is_endless":false,"potions_floor_spawned":[3,5,6,16,22,27,31,32,33,39,42,45],"ascension_level":2}}