{"host":"zekcc3vicrep0och","time":1608195600,"event":{"mods":["AchievementEnabler","BaseMod","Colored Map","Colored Powertips","Displayed Cursed Tome","Minty Spire (QoL Compilation)","Relic Stats","Replay The Spire","StSLib"],"gold_per_floor":[112,112,112,132,152,152,169,196,196,196,231,251,264,329,329,329,329],"floor_reached":16,"playtime":734,"items_purged":[],"score":168,"play_id":"3cc19717-1501-4fb3-932c-71e1f97d3036","local_time":"20201217120000","is_ascension_mode":true,"campfire_choices":[{"data":"Underhanded Strike","floor":6.0,"key":"SMITH"},{"data":"Dagger Spray","floor":10.0,"key":"SMITH"},{"data":"Sneak Up","floor":15,"key":"SMITH"}],"circlet_count":0,"master_deck":["AscendersBane","Strike_G","Strike_G","Strike_G","Strike_G","Strike_G","Defend_G","Defend_G","Defend_G","Defend_G","Defend_G","Survivor","Neutralize+1","Underhanded Strike+1","Dagger Spray+1","Poisoned Stab","Adrenaline","Reflex","Sneak Up+1","PiercingWail"],"relics":["Ring of the Snake","Ice Cream","ReplayTheSpireMod:Ninjato","Pocketwatch","Eternal Feather","Mercury Hourglass","Frozen Egg 2"],"acts_visited":["Exordium"],"potions_floor_usage":[16,16],"damage_taken":[{"damage":0.0,"enemies":"2 Louse","floor":1.0,"turns":3.0},{"damage":6.0,"enemies":"Jaw Worm","floor":4.0,"turns":5.0},{"damage":2.0,"enemies":"Small Slimes","floor":5.0,"turns":3.0},{"damage":0.0,"enemies":"Blue Slaver","floor":7.0,"turns":4.0},{"damage":28.0,"enemies":"Replay:BlueRogue","floor":8.0,"turns":11.0},{"damage":14.0,"enemies":"3 Sentries","floor":11.0,"turns":6.0},{"damage":0.0,"enemies":"3 Louse","floor":12.0,"turns":1.0},{"damage":3.0,"enemies":"Large Slime","floor":13.0,"turns":4.0},{"damage":13.0,"enemies":"3 Sentries","floor":14.0,"turns":4.0},{"damage":27,"enemies":"Slime Boss","floor":16,"turns":6}],"seed_played":"-5729271029370202473","potions_obtained":[{"floor":4.0,"key":"SneckoOil"},{"floor":8.0,"key":"Milkshake"},{"floor":11.0,"key":"Ancient Potion"},{"floor":12.0,"key":"Dexterity Potion"},{"floor":14.0,"key":"Weak Potion"}],"is_trial":false,"path_per_floor":["M","?","T","M","M","R","M","E","T","R","E","M","M","?","R_BF","B"],"character_chosen":"THE_SILENT","items_purchased":[],"campfire_rested":0,"item_purchase_floors":[],"current_hp_per_floor":[63,63,63,57,55,55,55,27,27,36,22,22,19,6,18,0,0],"gold":329,"neow_bonus":"ONE_RARE_RELIC","is_daily":false,"chose_seed":false,"campfire_upgraded":3,"win_rate":0.0,"timestamp":1608195600,"path_taken":["M","?","?","M","M","R","M","E","T","R","E","M","M","?","R_BF","BOSS"],"items_purchased_type":[],"build_version":"2020-12-13","purchased_purges":0,"victory":false,"max_hp_per_floor":[63,63,63,63,63,63,63,63,63,63,63,63,63,63,63,63,63],"relic_stats":{"counters":[10,47],"Eternal Feather":21,"obtain_stats":[{"Ice Cream":0,"ReplayTheSpireMod:Ninjato":3,"Eternal Feather":9,"Frozen Egg 2":14,"Ring of the Snake":0,"Pocketwatch":8,"Mercury Hourglass":11},{"Ice Cream":0,"ReplayTheSpireMod:Ninjato":1,"Eternal Feather":5,"Frozen Egg 2":9,"Ring of the Snake":0,"Pocketwatch":5,"Mercury Hourglass":6},{"Ice Cream":0,"ReplayTheSpireMod:Ninjato":3,"Eternal Feather":26,"Frozen Egg 2":41,"Ring of the Snake":0,"Pocketwatch":26,"Mercury Hourglass":32}],"Ring of the Snake":[20],"Pocketwatch":[27],"Mercury Hourglass":[84]},"card_choices":[{"not_picked":["Acrobatics","Dagger Throw"],"picked":"Underhanded Strike","floor":1.0},{"not_picked":["Quick Slash","Slice","Blade Dance"],"picked":"SKIP","floor":4.0},{"not_picked":["Infinite Blades","Blade Dance","Wraith Form v2"],"picked":"SKIP","floor":5.0},{"not_picked":["Flying Knee","Deadly Poison"],"picked":"Dagger Spray","floor":7.0},{"not_picked":["Concentrate","Finisher"],"picked":"Poisoned Stab","floor":8.0},{"not_picked":["Poisoned Stab","Blade Dance"],"picked":"Adrenaline","floor":11.0},{"not_picked":["Deadly Poison","Underhanded Strike"],"picked":"Reflex","floor":12.0},{"not_picked":["Deflect","Cloak And Dagger"],"picked":"Sneak Up","floor":13.0},{"not_picked":["Riddle With Holes","ReplayTheSpireMod:The Works"],"picked":"PiercingWail","floor":14.0}],"player_experience":427300,"relics_obtained":[{"floor":3.0,"key":"ReplayTheSpireMod:Ninjato"},{"floor":8.0,"key":"Pocketwatch"},{"floor":9.0,"key":"Eternal Feather"},{"floor":11.0,"key":"Mercury Hourglass"},{"floor":14.0,"key":"Frozen Egg 2"}],"event_choices":[{"damage_healed":0.0,"max_hp_gain":0.0,"max_hp_loss":0.0,"gold_gain":0.0,"event_name":"Living Wall","player_choice":"Grow","floor":2.0,"gold_loss":0.0,"damage_taken":0.0,"cards_upgraded":["Neutralize"]},{"damage_healed":0.0,"max_hp_gain":0.0,"max_hp_loss":0.0,"gold_gain":0.0,"event_name":"Dead Adventurer","player_choice":"Searched \u00272\u0027 times","floor":14.0,"gold_loss":0.0,"damage_taken":0.0}],"is_beta":false,"boss_relics":[],"items_purged_floors":[],"is_endless":false,"potions_floor_spawned":[4,8,11,12,14],"killed_by":"Slime Boss","ascension_level":10}}