{"host":"2o3sockympbxxanu","time":1608189473,"event":{"mods":["BaseMod","Colored Map","Colored Powertips","Downfall","Marisa£®ÏF”Í°°ƒß¿Ì…≥£©","Minty Spire (QoL Compilation)","StSLib"],"gold_per_floor":[113,288,288,302,302,302,329,329,329,341,358,384,399,399,399,495,495,513,613,629,641,665,665,665,665,665,180,180,80,80,180,180,279,279,298,173,25,25,0,0,16,47,47,47,67,67,84,103,103,103,103],"floor_reached":50,"playtime":2068,"items_purged":["Writhe","Strike_G","Strike_G"],"score":528,"play_id":"17d57930-ac93-4605-a68f-0ce5686a1898","local_time":"20201217151753","is_ascension_mode":true,"campfire_choices":[{"data":"Neutralize","floor":6.0,"key":"SMITH"},{"data":"Noxious Fumes","floor":8.0,"key":"SMITH"},{"data":"Envenom","floor":15.0,"key":"SMITH"},{"floor":25.0,"key":"REST"},{"data":"Envenom","floor":28.0,"key":"SMITH"},{"floor":30.0,"key":"REST"},{"data":"Infinite Blades","floor":32.0,"key":"SMITH"},{"floor":40.0,"key":"REST"},{"floor":44.0,"key":"REST"},{"data":"Crippling Poison","floor":46.0,"key":"SMITH"},{"floor":49.0,"key":"RECALL"}],"circlet_count":0,"master_deck":["Strike_G","Strike_G","Defend_G","Defend_G","Survivor","Neutralize+1","Slice","Outmaneuver+1","Noxious Fumes+1","Crippling Poison+1","Slice","Infinite Blades+1","Envenom+1","Envenom+1","Deadly Poison+1","Bane","Venomology+1","All Out Attack+1","Expertise+1","Endless Agony+1","Cloak And Dagger+1","Dagger Spray+1"],"relics":["Ring of the Snake","NeowsBlessing","Bag of Preparation","Orichalcum","Akabeko","Runic Pyramid","Boot","Vajra","Toxic Egg 2","Juzu Bracelet","Mercury Hourglass","Astrolabe","Strange Spoon","Red Mask","Regal Pillow","FossilizedHelix"],"acts_visited":["Exordium","TheCity","TheBeyond"],"potions_floor_usage":[50,50],"damage_taken":[{"damage":0.0,"enemies":"Small Slimes","floor":1.0,"turns":1.0},{"damage":0.0,"enemies":"Jaw Worm","floor":4.0,"turns":1.0},{"damage":0.0,"enemies":"3 Sentries","floor":7.0,"turns":1.0},{"damage":0.0,"enemies":"2 Louse","floor":10.0,"turns":3.0},{"damage":0.0,"enemies":"Blue Slaver","floor":11.0,"turns":5.0},{"damage":4.0,"enemies":"Lagavulin","floor":12.0,"turns":7.0},{"damage":6.0,"enemies":"Exordium Wildlife","floor":13.0,"turns":4.0},{"damage":18.0,"enemies":"The Guardian","floor":16.0,"turns":7.0},{"damage":27.0,"enemies":"Spheric Guardian","floor":18.0,"turns":6.0},{"damage":0.0,"enemies":"Chosen","floor":20.0,"turns":4.0},{"damage":27.0,"enemies":"Snake Plant","floor":21.0,"turns":5.0},{"damage":0.0,"enemies":"Centurion and Healer","floor":23.0,"turns":1.0},{"damage":36.0,"enemies":"Collector","floor":33.0,"turns":8.0},{"damage":31.0,"enemies":"3 Shapes","floor":35.0,"turns":4.0},{"damage":10.0,"enemies":"3 Darklings","floor":41.0,"turns":3.0},{"damage":29.0,"enemies":"Giant Head","floor":42.0,"turns":7.0},{"damage":0.0,"enemies":"Transient","floor":45.0,"turns":5.0},{"damage":13.0,"enemies":"Jaw Worm Horde","floor":47.0,"turns":4.0},{"damage":10.0,"enemies":"Writhing Mass","floor":48.0,"turns":4.0},{"damage":61,"enemies":"Time Eater","floor":50,"turns":6}],"seed_played":"-917291357901963080","potions_obtained":[{"floor":1.0,"key":"DistilledChaos"},{"floor":10.0,"key":"Explosive Potion"},{"floor":11.0,"key":"SmokeBomb"},{"floor":13.0,"key":"Slimebound:ThreeZeroPotion"},{"floor":20.0,"key":"EntropicBrew"},{"floor":42.0,"key":"Explosive Potion"},{"floor":48.0,"key":"FearPotion"}],"is_trial":false,"path_per_floor":["M","?","?","M","?","R","E","R","T","M","M","E","M","T","R","B",null,"M","?","M","M","T","M","?","R","T","$","R","$","R","?","R","B",null,"M","$","$","?","?","R","M","E","T","R","M","R","M","M","R","B"],"character_chosen":"THE_SILENT","items_purchased":["Juzu Bracelet","Mercury Hourglass","Strange Spoon"],"campfire_rested":4,"item_purchase_floors":[27,27,37],"current_hp_per_floor":[70,70,70,70,63,63,63,63,63,63,63,59,53,53,53,35,70,43,43,43,16,16,16,16,37,37,37,37,37,58,58,58,22,70,39,39,39,39,39,60,50,21,21,57,57,57,44,34,34,0,0],"gold":103,"neow_bonus":"THREE_ENEMY_KILL","is_daily":false,"chose_seed":false,"campfire_upgraded":6,"win_rate":0.0,"timestamp":1608189473,"path_taken":["M","?","?","M","?","R","E","R","T","M","M","E","?","?","R","BOSS","M","?","?","M","?","M","?","R","T","$","R","$","R","?","R","BOSS","M","?","$","?","?","R","M","E","T","R","M","R","M","M","R","BOSS"],"items_purchased_type":["Relic","Relic","Relic"],"build_version":"2020-12-13","purchased_purges":3,"victory":false,"max_hp_per_floor":[70,70,70,70,70,70,70,70,70,70,70,70,70,70,70,70,70,70,70,70,70,70,70,70,70,70,70,70,70,70,70,70,70,70,70,70,70,70,70,70,70,70,70,70,70,70,70,70,70,70,70],"card_choices":[{"not_picked":["Quick Slash","Acrobatics","Sucker Punch"],"picked":"SKIP","floor":1.0},{"not_picked":["Setup","Concentrate"],"picked":"Outmaneuver","floor":4.0},{"not_picked":["Predator","Dodge and Roll"],"picked":"Noxious Fumes","floor":7.0},{"not_picked":["Wraith Form v2","Dash"],"picked":"Crippling Poison","floor":10.0},{"not_picked":["PiercingWail","Choke"],"picked":"Slice","floor":11.0},{"not_picked":["Sucker Punch","Well Laid Plans"],"picked":"Infinite Blades","floor":12.0},{"not_picked":["Finisher","Sucker Punch"],"picked":"Envenom","floor":13.0},{"not_picked":["Doppelganger","Bullet Time"],"picked":"Envenom","floor":16.0},{"not_picked":["Concentrate+1","Outmaneuver+1"],"picked":"Deadly Poison+1","floor":18.0},{"not_picked":["Concentrate","Slice"],"picked":"Bane","floor":20.0},{"not_picked":["Dagger Throw","Eviscerate","Bane"],"picked":"SKIP","floor":21.0},{"not_picked":["Unload","Envenom"],"picked":"Venomology+1","floor":33.0},{"not_picked":["Setup+1","Dagger Throw+1","Eviscerate+1"],"picked":"SKIP","floor":35.0},{"not_picked":["Leg Sweep+1","Bane"],"picked":"Cloak And Dagger+1","floor":41.0},{"not_picked":["Skewer+1","Prepared+1","Caltrops+1"],"picked":"SKIP","floor":42.0},{"not_picked":["Outmaneuver+1","Underhanded Strike"],"picked":"Dagger Spray+1","floor":45.0},{"not_picked":["Dagger Throw","Prepared+1","Dagger Spray"],"picked":"SKIP","floor":47.0},{"not_picked":["Masterful Stab+1","Storm of Steel+1","Outmaneuver+1"],"picked":"SKIP","floor":48.0}],"player_experience":230609,"relics_obtained":[{"floor":7.0,"key":"Bag of Preparation"},{"floor":9.0,"key":"Orichalcum"},{"floor":12.0,"key":"Akabeko"},{"floor":22.0,"key":"Boot"},{"floor":26.0,"key":"Toxic Egg 2"},{"floor":42.0,"key":"Regal Pillow"},{"floor":43.0,"key":"FossilizedHelix"}],"event_choices":[{"damage_healed":0.0,"max_hp_gain":0.0,"max_hp_loss":0.0,"gold_gain":175.0,"event_name":"Liars Game","player_choice":"AGREE","floor":2.0,"gold_loss":0.0,"damage_taken":0.0,"cards_obtained":["Doubt"]},{"damage_healed":0.0,"max_hp_gain":0.0,"max_hp_loss":0.0,"gold_gain":0.0,"cards_transformed":["Defend_G"],"event_name":"Living Wall","player_choice":"Change","floor":3.0,"gold_loss":0.0,"damage_taken":0.0,"cards_obtained":["Slice"]},{"cards_removed":["Doubt"],"damage_healed":0.0,"max_hp_gain":0.0,"max_hp_loss":0.0,"gold_gain":0.0,"event_name":"Golden Wing","player_choice":"Card Removal","floor":5.0,"gold_loss":0.0,"damage_taken":7.0},{"damage_healed":0.0,"max_hp_gain":0.0,"max_hp_loss":0.0,"gold_gain":100.0,"event_name":"Golden Shrine","player_choice":"Pray","floor":19.0,"gold_loss":0.0,"damage_taken":0.0},{"damage_healed":0.0,"max_hp_gain":0.0,"max_hp_loss":0.0,"gold_gain":0.0,"event_name":"The Mausoleum","player_choice":"Opened","floor":24.0,"gold_loss":0.0,"damage_taken":0.0,"relics_obtained":["Vajra"],"cards_obtained":["Writhe"]},{"damage_healed":0.0,"max_hp_gain":0.0,"max_hp_loss":0.0,"gold_gain":100.0,"event_name":"Golden Shrine","player_choice":"Pray","floor":31.0,"gold_loss":0.0,"damage_taken":0.0},{"damage_healed":0.0,"max_hp_gain":0.0,"max_hp_loss":0.0,"gold_gain":0.0,"event_name":"Upgrade Shrine","player_choice":"Upgraded","floor":38.0,"gold_loss":0.0,"damage_taken":0.0,"cards_upgraded":["Outmaneuver"]},{"damage_healed":0.0,"max_hp_gain":0.0,"max_hp_loss":0.0,"gold_gain":0.0,"event_name":"Tomb of Lord Red Mask","player_choice":"Paid","floor":39.0,"gold_loss":25.0,"damage_taken":0.0,"relics_obtained":["Red Mask"]}],"is_beta":false,"boss_relics":[{"not_picked":["Coffee Dripper","Ectoplasm"],"picked":"Runic Pyramid"},{"not_picked":["Busted Crown","Cursed Key"],"picked":"Astrolabe"}],"items_purged_floors":[27,29,36],"is_endless":false,"potions_floor_spawned":[1,10,11,13,20,23,42,48],"killed_by":"Time Eater","ascension_level":1}}