{"host":"ssbj2e5691x5ub3h","time":1608174387,"event":{"mods":["BaseMod","Minty Spire (QoL Compilation)","StSLib"],"gold_per_floor":[119,138,154,75,92,92,103,103,127,127,152,168,168,186,186,291,291,231,231],"floor_reached":18,"playtime":1144,"items_purged":[],"score":164,"play_id":"69babd05-54d8-43f3-91b2-64c78291c53d","local_time":"20201217010627","is_ascension_mode":false,"campfire_choices":[{"data":"Crescendo","floor":6,"key":"SMITH"},{"data":"Perseverance","floor":10,"key":"SMITH"},{"floor":15,"key":"REST"}],"circlet_count":0,"master_deck":["Strike_P","Strike_P","Strike_P","Strike_P","Defend_P","Defend_P","Defend_P","Defend_P","Eruption+1","Vigilance","Crescendo+1","EmptyFist","Perseverance+1","Tantrum","SandsOfTime","ClearTheMind","FlyingSleeves","Consecrate","Vault"],"relics":["PureWater","GremlinMask","Happy Flower","Smiling Mask","Cursed Key"],"acts_visited":["Exordium","TheCity"],"potions_floor_usage":[7,7,16],"damage_taken":[{"damage":1,"enemies":"Cultist","floor":1,"turns":4},{"damage":6,"enemies":"Small Slimes","floor":2,"turns":3},{"damage":0,"enemies":"2 Louse","floor":3,"turns":2},{"damage":3,"enemies":"Red Slaver","floor":5,"turns":4},{"damage":0,"enemies":"Large Slime","floor":7,"turns":2},{"damage":25,"enemies":"3 Sentries","floor":11,"turns":6},{"damage":2,"enemies":"Exordium Thugs","floor":12,"turns":5},{"damage":6,"enemies":"2 Fungi Beasts","floor":14,"turns":4},{"damage":12,"enemies":"Slime Boss","floor":16,"turns":4},{"damage":22,"enemies":"2 Thieves","floor":18,"turns":3}],"seed_played":"4075191176469441271","potions_obtained":[{"floor":1,"key":"DuplicationPotion"},{"floor":5,"key":"AttackPotion"},{"floor":14,"key":"FearPotion"},{"floor":16,"key":"AttackPotion"}],"is_trial":false,"path_per_floor":["M","M","M","$","M","R","M","?","T","R","E","M","?","M","R","B",null,"M"],"character_chosen":"WATCHER","items_purchased":["Conclude"],"campfire_rested":1,"item_purchase_floors":[4],"current_hp_per_floor":[71,65,65,65,62,62,62,62,62,62,37,35,35,29,50,38,72,50,50],"gold":231,"neow_bonus":"UPGRADE_CARD","is_daily":false,"chose_seed":false,"campfire_upgraded":2,"win_rate":0.0,"timestamp":1608174387,"path_taken":["M","M","M","$","?","R","M","?","T","R","E","?","?","?","R","BOSS","M"],"items_purchased_type":["Card"],"build_version":"2020-12-13","purchased_purges":0,"victory":false,"max_hp_per_floor":[72,72,72,72,72,72,72,72,72,72,72,72,72,72,72,72,72,72,72],"card_choices":[{"not_picked":["Adaptation","Nirvana"],"picked":"Crescendo","floor":1},{"not_picked":["CrushJoints","DeceiveReality"],"picked":"EmptyFist","floor":2},{"not_picked":["Worship","DeceiveReality"],"picked":"Perseverance","floor":3},{"not_picked":["Prostrate","WreathOfFlame"],"picked":"Tantrum","floor":5},{"not_picked":["DevaForm","Evaluate"],"picked":"SandsOfTime","floor":7},{"not_picked":["Protect","PathToVictory"],"picked":"ClearTheMind","floor":11},{"not_picked":["ClearTheMind","Prostrate"],"picked":"FlyingSleeves","floor":12},{"not_picked":["ClearTheMind","Tantrum"],"picked":"Consecrate","floor":14},{"not_picked":["Brilliance","ConjureBlade"],"picked":"Vault","floor":16}],"player_experience":95869,"relics_obtained":[{"floor":9,"key":"Happy Flower"},{"floor":11,"key":"Smiling Mask"}],"event_choices":[{"damage_healed":0,"gold_gain":0,"player_choice":"Trade","damage_taken":0,"relics_obtained":["GremlinMask"],"max_hp_gain":0,"max_hp_loss":0,"event_name":"FaceTrader","floor":8,"gold_loss":0},{"cards_removed":["Conclude"],"damage_healed":0,"gold_gain":0,"player_choice":"Purged","damage_taken":0,"max_hp_gain":0,"max_hp_loss":0,"event_name":"Purifier","floor":13,"gold_loss":0}],"is_beta":false,"boss_relics":[{"not_picked":["Astrolabe","Ectoplasm"],"picked":"Cursed Key"}],"items_purged_floors":[],"is_endless":false,"potions_floor_spawned":[1,5,14,16],"killed_by":"2 Thieves","ascension_level":0}}