{"host":"6gwm7y0tp7acoxay","time":1608203839,"event":{"mods":["BaseMod","Colored Map","Keyboard Shortcuts","Minty Spire (QoL Compilation)","Quick Restart","StSLib","SuperFastMode","everything is the same but u backflip on backflip"],"gold_per_floor":[118,118,168,178,253,281,307,339,339,370,67,86,118,118,118,192,192,211,211,211,211,229,264,292,292,292,304,335,369,386,418,418,490,490,502,67,80,97,142,142,177,177,177,117,152,181,206,237,237,237,237,237,237,157,187,187],"floor_reached":57,"playtime":2293,"items_purged":["Rupture","Hemokinesis+1"],"score":4185,"play_id":"d528e5ff-27f0-4ef4-8898-1887f271c08b","local_time":"20201217201719","daily_mods":["SealedDeck","Heirloom","Flight"],"is_ascension_mode":true,"campfire_choices":[{"data":"Battle Trance","floor":15.0,"key":"SMITH"},{"floor":25.0,"key":"RECALL"},{"data":"Demon Form","floor":32.0,"key":"SMITH"},{"data":"Juggernaut","floor":49.0,"key":"SMITH"},{"data":"Feel No Pain","floor":53.0,"key":"SMITH"}],"circlet_count":0,"master_deck":["AscendersBane","Battle Trance+1","Seeing Red+1","Shrug It Off","Armaments+1","Disarm","Feel No Pain+1","Power Through+1","Fire Breathing","Demon Form+1","Evolve","Panacea","Second Wind","Corruption+1","Exhume","True Grit+1","Corruption+1","Infernal Blade","Warcry","Body Slam+1","Infernal Blade+1","True Grit","Juggernaut+1"],"relics":["Burning Blood","Mango","Dead Branch","Bottled Lightning","Charon\u0027s Ashes","Oddly Smooth Stone","PreservedInsect","Magic Flower","Sozu","Blood Vial","The Courier","TungstenRod","Meat on the Bone","Bag of Marbles","Thread and Needle","Black Star","Ice Cream","Pen Nib","Peace Pipe","Prayer Wheel","Centennial Puzzle","White Beast Statue","Regal Pillow","Dream Catcher","Bag of Preparation","Whetstone","Happy Flower","Art of War","Anchor","Lantern","War Paint","Incense Burner"],"acts_visited":["Exordium","TheCity","TheBeyond","TheEnding"],"potions_floor_usage":[56],"damage_taken":[{"damage":1.0,"enemies":"Jaw Worm","floor":1.0,"turns":2.0},{"damage":2.0,"enemies":"Small Slimes","floor":4.0,"turns":3.0},{"damage":7.0,"enemies":"3 Sentries","floor":6.0,"turns":8.0},{"damage":9.0,"enemies":"Gremlin Nob","floor":7.0,"turns":3.0},{"damage":16.0,"enemies":"3 Sentries","floor":8.0,"turns":4.0},{"damage":7.0,"enemies":"Gremlin Nob","floor":10.0,"turns":4.0},{"damage":2.0,"enemies":"Cultist","floor":12.0,"turns":2.0},{"damage":6.0,"enemies":"3 Sentries","floor":13.0,"turns":3.0},{"damage":4.0,"enemies":"The Guardian","floor":16.0,"turns":6.0},{"damage":1.0,"enemies":"3 Byrds","floor":18.0,"turns":2.0},{"damage":0.0,"enemies":"Shell Parasite","floor":22.0,"turns":1.0},{"damage":1.0,"enemies":"Slavers","floor":23.0,"turns":2.0},{"damage":0.0,"enemies":"Book of Stabbing","floor":24.0,"turns":2.0},{"damage":0.0,"enemies":"Chosen and Byrds","floor":27.0,"turns":4.0},{"damage":0.0,"enemies":"Gremlin Leader","floor":28.0,"turns":3.0},{"damage":1.0,"enemies":"Book of Stabbing","floor":29.0,"turns":4.0},{"damage":18.0,"enemies":"Shelled Parasite and Fungi","floor":30.0,"turns":2.0},{"damage":5.0,"enemies":"Gremlin Leader","floor":31.0,"turns":3.0},{"damage":0.0,"enemies":"Collector","floor":33.0,"turns":5.0},{"damage":0.0,"enemies":"3 Darklings","floor":35.0,"turns":2.0},{"damage":1.0,"enemies":"Orb Walker","floor":37.0,"turns":2.0},{"damage":0.0,"enemies":"3 Darklings","floor":38.0,"turns":2.0},{"damage":0.0,"enemies":"2 Orb Walkers","floor":39.0,"turns":1.0},{"damage":0.0,"enemies":"Reptomancer","floor":41.0,"turns":3.0},{"damage":0.0,"enemies":"Nemesis","floor":45.0,"turns":5.0},{"damage":0.0,"enemies":"Reptomancer","floor":46.0,"turns":3.0},{"damage":0.0,"enemies":"Giant Head","floor":47.0,"turns":1.0},{"damage":0.0,"enemies":"Reptomancer","floor":48.0,"turns":1.0},{"damage":0.0,"enemies":"Donu and Deca","floor":50.0,"turns":5.0},{"damage":39.0,"enemies":"Awakened One","floor":51.0,"turns":6.0},{"damage":5,"enemies":"Shield and Spear","floor":55,"turns":1},{"damage":13,"enemies":"The Heart","floor":56,"turns":6}],"seed_played":"7930846579003641470","potions_obtained":[{"floor":4.0,"key":"SkillPotion"},{"floor":8.0,"key":"SmokeBomb"}],"is_trial":true,"path_per_floor":["M","?","?","M","?","E","E","E","T","E","$","M","E","?","R","B",null,"M","?","?","?","M","E","E","R","T","M","E","E","M","E","R","B",null,"M","$","M","M","?","?","E","?","T","$","E","E","E","E","R","B","B",null,"R","$","E","B",null],"character_chosen":"IRONCLAD","items_purchased":["Evolve","PreservedInsect","Panacea","Ice Cream","Pen Nib","True Grit"],"campfire_rested":0,"item_purchase_floors":[11,11,11,36,36,36],"current_hp_per_floor":[87,87,87,89,78,77,74,64,64,63,63,67,67,40,40,45,78,86,86,86,86,89,89,89,89,89,89,89,89,80,87,87,89,89,89,89,89,89,89,89,89,89,89,89,89,89,89,89,89,89,59,82,82,82,89,85],"gold":187,"neow_bonus":"","is_daily":false,"chose_seed":false,"campfire_upgraded":4,"win_rate":0.0,"timestamp":1608203839,"path_taken":["M","?","?","?","?","E","E","E","T","E","$","M","E","?","R","BOSS","M","?","?","?","?","E","E","R","T","M","E","E","?","E","R","BOSS","M","?","?","M","?","?","E","?","T","?","E","E","E","E","R","BOSS","BOSS","R","$","E","BOSS"],"items_purchased_type":["Card","Relic","Card","Relic","Relic","Card"],"build_version":"2020-12-13","purchased_purges":2,"victory":true,"max_hp_per_floor":[89,89,89,89,89,89,89,89,89,89,89,89,89,89,89,89,89,89,89,89,89,89,89,89,89,89,89,89,89,89,89,89,89,89,89,89,89,89,89,89,89,89,89,89,89,89,89,89,89,89,89,89,89,89,89,89],"card_choices":[{"not_picked":["Flex","Iron Wave"],"picked":"Power Through","floor":1.0},{"not_picked":["Anger","Shrug It Off","Sentinel"],"picked":"SKIP","floor":4.0},{"not_picked":["Armaments","Sword Boomerang"],"picked":"Fire Breathing","floor":6.0},{"not_picked":["Iron Wave","Seeing Red"],"picked":"Demon Form","floor":7.0},{"not_picked":["Thunderclap","Cleave","Combust"],"picked":"SKIP","floor":8.0},{"not_picked":["Flex","Demon Form","Iron Wave"],"picked":"SKIP","floor":10.0},{"not_picked":["Shrug It Off","True Grit"],"picked":"Second Wind","floor":12.0},{"not_picked":["Body Slam","Headbutt"],"picked":"Corruption","floor":13.0},{"not_picked":["Demon Form","Immolate"],"picked":"Exhume","floor":16.0},{"not_picked":["Shrug It Off","Sword Boomerang"],"picked":"True Grit","floor":18.0},{"not_picked":["Twin Strike","Warcry"],"picked":"Infernal Blade","floor":22.0},{"not_picked":["Combust","Fire Breathing","Carnage"],"picked":"SKIP","floor":23.0},{"not_picked":["Feed","Dark Embrace+1"],"picked":"Warcry","floor":24.0},{"not_picked":["Flex","Perfected Strike","Clash"],"picked":"SKIP","floor":27.0},{"not_picked":["Heavy Blade","Feed","Perfected Strike"],"picked":"SKIP","floor":28.0},{"not_picked":["Second Wind+1","Power Through","Headbutt+1"],"picked":"SKIP","floor":29.0},{"not_picked":["Seeing Red","Intimidate"],"picked":"Body Slam","floor":30.0},{"not_picked":["Armaments+1","Sword Boomerang+1"],"picked":"Infernal Blade+1","floor":31.0},{"not_picked":["Warcry+1","Twin Strike","Clash"],"picked":"SKIP","floor":35.0},{"not_picked":["Flex","Exhume","Sentinel"],"picked":"SKIP","floor":37.0},{"not_picked":["Heavy Blade","Iron Wave","Reckless Charge"],"picked":"SKIP","floor":38.0},{"not_picked":["Inflame","Pommel Strike","Iron Wave+1"],"picked":"SKIP","floor":41.0},{"not_picked":["Reckless Charge","Clash+1","Rage"],"picked":"SKIP","floor":45.0},{"not_picked":["Anger","Clothesline+1","Cleave"],"picked":"SKIP","floor":46.0},{"not_picked":["Flame Barrier+1","Twin Strike+1"],"picked":"Juggernaut","floor":47.0},{"not_picked":["Clash","Perfected Strike","Armaments"],"picked":"SKIP","floor":48.0},{"not_picked":["Pummel+1","Warcry","Iron Wave+1"],"picked":"SKIP","floor":55}],"player_experience":4286615,"relics_obtained":[{"floor":6.0,"key":"Dead Branch"},{"floor":7.0,"key":"Bottled Lightning"},{"floor":8.0,"key":"Charon\u0027s Ashes"},{"floor":10.0,"key":"Oddly Smooth Stone"},{"floor":13.0,"key":"Magic Flower"},{"floor":23.0,"key":"Blood Vial"},{"floor":24.0,"key":"The Courier"},{"floor":26.0,"key":"TungstenRod"},{"floor":28.0,"key":"Meat on the Bone"},{"floor":29.0,"key":"Bag of Marbles"},{"floor":31.0,"key":"Thread and Needle"},{"floor":39.0,"key":"Peace Pipe"},{"floor":41.0,"key":"Prayer Wheel"},{"floor":41.0,"key":"Centennial Puzzle"},{"floor":43.0,"key":"White Beast Statue"},{"floor":45.0,"key":"Regal Pillow"},{"floor":45.0,"key":"Dream Catcher"},{"floor":46.0,"key":"Bag of Preparation"},{"floor":46.0,"key":"Whetstone"},{"floor":47.0,"key":"Happy Flower"},{"floor":47.0,"key":"Art of War"},{"floor":48.0,"key":"Anchor"},{"floor":48.0,"key":"Lantern"},{"floor":55,"key":"War Paint"},{"floor":55,"key":"Incense Burner"}],"event_choices":[{"damage_healed":0.0,"max_hp_gain":0.0,"max_hp_loss":0.0,"gold_gain":0.0,"event_name":"Living Wall","player_choice":"Grow","floor":2.0,"gold_loss":0.0,"damage_taken":0.0,"cards_upgraded":["Armaments"]},{"damage_healed":0.0,"max_hp_gain":0.0,"max_hp_loss":0.0,"gold_gain":50.0,"event_name":"Golden Shrine","player_choice":"Pray","floor":3.0,"gold_loss":0.0,"damage_taken":0.0},{"damage_healed":0.0,"max_hp_gain":0.0,"max_hp_loss":0.0,"gold_gain":75.0,"event_name":"World of Goop","player_choice":"Gather Gold","floor":5.0,"gold_loss":0.0,"damage_taken":11.0},{"damage_healed":0.0,"max_hp_gain":0.0,"max_hp_loss":0.0,"gold_gain":0.0,"event_name":"Shining Light","player_choice":"Entered Light","floor":14.0,"gold_loss":0.0,"damage_taken":27.0,"cards_upgraded":["Power Through","Corruption"]},{"cards_removed":["Blood for Blood"],"damage_healed":0.0,"max_hp_gain":0.0,"max_hp_loss":0.0,"gold_gain":0.0,"event_name":"Back to Basics","player_choice":"Elegance","floor":19.0,"gold_loss":0.0,"damage_taken":0.0},{"damage_healed":0.0,"max_hp_gain":0.0,"max_hp_loss":0.0,"gold_gain":0.0,"event_name":"The Mausoleum","player_choice":"Ignored","floor":20.0,"gold_loss":0.0,"damage_taken":0.0},{"damage_healed":0.0,"max_hp_gain":0.0,"max_hp_loss":0.0,"gold_gain":0.0,"event_name":"Duplicator","player_choice":"Copied","floor":21.0,"gold_loss":0.0,"damage_taken":0.0,"cards_obtained":["Corruption"]},{"damage_healed":0.0,"max_hp_gain":0.0,"max_hp_loss":0.0,"gold_gain":0.0,"event_name":"Mysterious Sphere","player_choice":"Fight","floor":39.0,"gold_loss":0.0,"damage_taken":0.0},{"cards_removed":["Carnage"],"damage_healed":0.0,"max_hp_gain":0.0,"max_hp_loss":0.0,"gold_gain":0.0,"event_name":"Falling","player_choice":"Removed Attack","floor":40.0,"gold_loss":0.0,"damage_taken":0.0},{"damage_healed":0.0,"max_hp_gain":0.0,"max_hp_loss":0.0,"gold_gain":0.0,"event_name":"Tomb of Lord Red Mask","player_choice":"Ignored","floor":42.0,"gold_loss":0.0,"damage_taken":0.0}],"is_beta":false,"boss_relics":[{"not_picked":["Velvet Choker","Black Blood"],"picked":"Sozu"},{"not_picked":["Runic Pyramid","Cursed Key"],"picked":"Black Star"}],"items_purged_floors":[44,54],"is_endless":false,"potions_floor_spawned":[4,8,13,18,22,24,28,33,37,38,39,45,46,47,48,55],"ascension_level":20}}