{"host":"ipcfr4ajj2jkxvg7","time":1608208327,"event":{"mods":["BaseMod","Colored Powertips","GifTheSpireLib","Marisa（F雨　魔理沙）","Minty Spire (QoL Compilation)","Quick Restart","Remilia（蕾米莉亚）","Replay The Spire","RumiaBox-露米娅的神秘盒子","StSLib"],"gold_per_floor":[116,291,291,306,306,331,95,121,121,25,25,42,42,53,53,157,157,176,176,191,203,143,143,163,163,163,196,196,196,196],"floor_reached":29,"playtime":671,"items_purged":["Defend_MRS"],"score":509,"play_id":"9742e097-0b23-4946-8cda-24a1088d9851","local_time":"20201217203207","is_ascension_mode":true,"campfire_choices":[{"data":"MilkyWay","floor":13.0,"key":"SMITH"},{"data":"OrrerysSun","floor":15.0,"key":"SMITH"},{"data":"PowerUp","floor":23.0,"key":"SMITH"},{"data":"FinalSpark","floor":25.0,"key":"SMITH"}],"circlet_count":0,"master_deck":["Strike_MRS","Strike_MRS","Strike_MRS","Strike_MRS","Defend_MRS","Defend_MRS","MasterSpark","UpSweep","DoubleSpark+1","BlazingStar","OrrerysSun+1","ManaConvection","MilkyWay+1","GalacticHalo","FinalSpark+1","MilkyWay+1","PowerUp+1","MilkyWay+1","WitchOfGreed","PowerUp"],"relics":["MiniHakkero","NeowsBlessing","AddBug","SecretRecord","SecretRecord"],"acts_visited":["Exordium","TheCity"],"potions_floor_usage":[27],"damage_taken":[{"damage":0.0,"enemies":"2 Louse","floor":1.0,"turns":1.0},{"damage":0.0,"enemies":"Jaw Worm","floor":4.0,"turns":1.0},{"damage":0.0,"enemies":"3 Sentries","floor":6.0,"turns":1.0},{"damage":12.0,"enemies":"Gremlin Nob","floor":8.0,"turns":2.0},{"damage":0.0,"enemies":"Cultist","floor":12.0,"turns":4.0},{"damage":0.0,"enemies":"Blue Slaver","floor":14.0,"turns":3.0},{"damage":0.0,"enemies":"Slime Boss","floor":16.0,"turns":7.0},{"damage":22.0,"enemies":"3 Byrds","floor":18.0,"turns":4.0},{"damage":0.0,"enemies":"Chosen","floor":20.0,"turns":4.0},{"damage":0.0,"enemies":"Snecko","floor":21.0,"turns":3.0},{"damage":13.0,"enemies":"Chosen and Byrds","floor":24.0,"turns":7.0},{"damage":18,"enemies":"Gremlin Leader","floor":27,"turns":5},{"damage":0,"enemies":"Slavers","floor":29,"turns":1}],"seed_played":"-1560085087904745816","potions_obtained":[{"floor":4.0,"key":"Elixir"},{"floor":12.0,"key":"EssenceOfSteel"},{"floor":16.0,"key":"Elixir"},{"floor":18.0,"key":"FearPotion"},{"floor":24.0,"key":"Swift Potion"}],"is_trial":false,"path_per_floor":["M","?","?","M","?","E","$","E","T","$","T","M","R","M","R","B",null,"M","?","M","M","?","R","M","R","T","E","?","E"],"character_chosen":"MARISA","items_purchased":["OrrerysSun","Death Potion","MilkyWay","GalacticHalo"],"campfire_rested":0,"item_purchase_floors":[7,7,10,10],"current_hp_per_floor":[68,68,61,61,61,61,61,49,49,49,49,49,49,49,49,49,69,47,47,47,47,47,47,34,34,34,16,10,10,10],"gold":196,"neow_bonus":"THREE_ENEMY_KILL","is_daily":false,"chose_seed":false,"campfire_upgraded":4,"win_rate":0.0,"timestamp":1608208327,"path_taken":["M","?","?","M","?","E","$","E","T","?","?","?","R","M","R","BOSS","M","?","M","?","?","R","M","R","T","E","?","E"],"items_purchased_type":["Card","Potion","Card","Card"],"build_version":"2020-12-13","purchased_purges":1,"victory":false,"max_hp_per_floor":[75,75,75,75,75,75,75,75,75,75,75,75,75,75,75,75,75,75,75,75,75,75,75,75,75,75,75,75,75,75],"card_choices":[{"not_picked":["6A","OneTimeOff","AsteroidBelt"],"picked":"SKIP","floor":1.0},{"not_picked":["IllusionStar","DarkSpark","UnstableBomb"],"picked":"SKIP","floor":4.0},{"not_picked":["IllusionStar","GrandCross"],"picked":"BlazingStar","floor":6.0},{"not_picked":["DarkSpark","BigCrunch"],"picked":"ManaConvection","floor":8.0},{"not_picked":["Occultation","6A","AsteroidBelt"],"picked":"SKIP","floor":12.0},{"not_picked":["DragonMeteor","DC","GasGiant"],"picked":"SKIP","floor":14.0},{"not_picked":["StarDustReverie","CollectingQuirk"],"picked":"FinalSpark","floor":16.0},{"not_picked":["ChargeUpSpray+1","IllusionStar","AsteroidBelt"],"picked":"SKIP","floor":18.0},{"not_picked":["EventHorizon","DragonMeteor"],"picked":"PowerUp","floor":20.0},{"not_picked":["Acceleration","DoubleSpark"],"picked":"MilkyWay+1","floor":21.0},{"not_picked":["DoubleSpark","GrandCross+1"],"picked":"WitchOfGreed","floor":24.0},{"not_picked":["LuminesStrike","UnstableBomb+1"],"picked":"PowerUp","floor":27}],"player_experience":399667,"relics_obtained":[{"floor":1.0,"key":"AddBug"},{"floor":6.0,"key":"Gambling Chip"},{"floor":8.0,"key":"Pear"},{"floor":9.0,"key":"SproutingBranch"},{"floor":11.0,"key":"SumBook"},{"floor":21.0,"key":"SecretRecord"},{"floor":26.0,"key":"PlanX"},{"floor":27,"key":"Boot"}],"event_choices":[{"damage_healed":0.0,"max_hp_gain":0.0,"max_hp_loss":0.0,"gold_gain":175.0,"event_name":"Liars Game","player_choice":"AGREE","floor":2.0,"gold_loss":0.0,"damage_taken":0.0,"cards_obtained":["Doubt"]},{"cards_removed":["Doubt"],"damage_healed":0.0,"max_hp_gain":0.0,"max_hp_loss":0.0,"gold_gain":0.0,"event_name":"Golden Wing","player_choice":"Card Removal","floor":3.0,"gold_loss":0.0,"damage_taken":7.0},{"damage_healed":0.0,"max_hp_gain":0.0,"max_hp_loss":0.0,"gold_gain":0.0,"event_name":"Duplicator","player_choice":"Copied","floor":19.0,"gold_loss":0.0,"damage_taken":0.0,"cards_obtained":["MilkyWay"]},{"damage_healed":0,"gold_gain":0,"player_choice":"","damage_taken":6,"max_hp_gain":0,"max_hp_loss":0,"event_name":"Knowing Skull","floor":28,"potions_obtained":[],"gold_loss":0,"cards_obtained":[]}],"is_beta":false,"boss_relics":[{"not_picked":["Sozu","Runic Pyramid"],"picked":"Replay:Ancient Bell"}],"items_purged_floors":[7],"is_endless":false,"potions_floor_spawned":[4,12,16,18,20,24],"killed_by":"Slavers","ascension_level":9}}