{"host":"wonp23fsqqcu31ie","time":1608181238,"event":{"mods":["2.2 Compatiblity","AchievementEnabler","Aspiration","BaseMod","Bestiary","Better Altar","Better Match","Better Sensory Stone","Better Skull","Better Third Choice","BetterRewards","Block Reminder","Colored Map","Colored Powertips","Conspire","DeckTracker","Displayed Cursed Tome","Downfall","Hermit","Highlight Path","Hubris","Minty Spire (QoL Compilation)","Permanent Neow","Quick Restart","Rare Cards Sparkle","Relic Stats","Replay The Spire","Shade Mod","Shop Mod","StSLib","SuperFastMode","The Animator","The Cursed","The Gatherer","The Necromancer","The Runesmith","The Servant 0.9.4"],"gold_per_floor":[118,118,135,147,147,147,147,175,199,209,225,260,360,375,375,473,473,491,491,522,522,522,522,551,551,576,592,692,107,120,152,152,253,253,270,70,87,105,155,188,188,38,38,84,97,114,114,132,132,132,132,132],"floor_reached":50,"playtime":1946,"items_purged":["Gatherer:BomberForm","hexamod:Haunted"],"score":829,"play_id":"ea2dc8e1-9078-4b46-9538-f903fd93ac8f","local_time":"20201217160038","is_ascension_mode":true,"metric_token":2385,"campfire_choices":[{"floor":6,"key":"RECALL"},{"floor":15,"key":"REST"},{"floor":23,"key":"REST"},{"floor":25,"key":"REST"},{"floor":32,"key":"REST"},{"floor":47,"key":"REST"},{"floor":49,"key":"REST"}],"circlet_count":0,"master_deck":["Gatherer:Strike_Gatherer","Gatherer:Strike_Gatherer+1","Gatherer:Strike_Gatherer","Gatherer:Strike_Gatherer","Gatherer:Strike_Gatherer","Gatherer:Defend_Gatherer","Gatherer:Defend_Gatherer","Gatherer:Defend_Gatherer","Gatherer:Defend_Gatherer","Gatherer:Defend_Gatherer","Gatherer:Centralize","conspire:Banana+1","Gatherer:RecoveryHerb","Gatherer:Nutrients","Gatherer:Snatch+1","Gatherer:Misfortune","Gatherer:Snatch+1","Gatherer:HeartToFruit","Gatherer:DrugPower","Gatherer:BomberForm","Gatherer:Uplift+1","Gatherer:Snatch+1","Gatherer:PotentialSlash+1","Gatherer:ScrollOfWall","Gatherer:HeartToFruit","hubris:DuctTapeCard","Gatherer:FlowerFalling+1","Gatherer:FlowerShield+1","Gatherer:FlowerFalling+1","Gatherer:FragileHammer","expansioncontent:LastStand","expansioncontent:Corrupt","Gatherer:ScherryThrow+1","Parasite","Gatherer:MiningStrike+1","Gatherer:BalancedGrowth","Gatherer:BambuSword"],"relics":["Gatherer:AlchemyBag","Gatherer:FlyingFruit","conspire:Boomerang","HandDrill","CultistMask","aspiration:BabyByrd","hubris:Metronome","Calipers","conspire:SpecialSausage","Lantern","MerchantsRug","Snack Pack","conspire:TreasureMap","Replay:Bottled Eggs","Runesmith:UraniumAnvil","ReplayTheSpireMod:CursedCoin","hubris:DuctTape","hubris:Potato","Blue Doll","Toy Ornithopter","ReplayTheSpireMod:Lightbulb","Shovel"],"acts_visited":["Exordium","TheCity","TheBeyond"],"potions_floor_usage":[8,10,14,18,24,33,33,40,48,50,50],"damage_taken":[{"damage":7,"enemies":"Small Slimes","floor":1,"turns":3},{"damage":5,"enemies":"Cultist","floor":3,"turns":4},{"damage":0,"enemies":"2 Louse","floor":4,"turns":1},{"damage":15,"enemies":"Replay:BlueRogue","floor":8,"turns":6},{"damage":0,"enemies":"Exordium Thugs","floor":10,"turns":2},{"damage":5,"enemies":"Large Slime","floor":11,"turns":4},{"damage":18,"enemies":"3 Sentries","floor":12,"turns":3},{"damage":17,"enemies":"Exordium Wildlife","floor":14,"turns":3},{"damage":68,"enemies":"Fading Forest","floor":16,"turns":11},{"damage":27,"enemies":"2 Thieves","floor":18,"turns":3},{"damage":39,"enemies":"conspire:MimicChest","floor":20,"turns":5},{"damage":17,"enemies":"conspire:Head Lice","floor":24,"turns":5},{"damage":26,"enemies":"Shell Parasite","floor":27,"turns":4},{"damage":1,"enemies":"Chosen and Byrds","floor":30,"turns":4},{"damage":17,"enemies":"conspire:SneckoGhost","floor":31,"turns":4},{"damage":60,"enemies":"Collector","floor":33,"turns":7},{"damage":20,"enemies":"3 Darklings","floor":35,"turns":5},{"damage":0,"enemies":"3 Shapes","floor":37,"turns":1},{"damage":0,"enemies":"Jaw Worm Horde","floor":38,"turns":2},{"damage":75,"enemies":"Mind Bloom Boss Battle","floor":39,"turns":6},{"damage":5,"enemies":"R_Hoarder","floor":40,"turns":6},{"damage":33,"enemies":"2 Orb Walkers","floor":44,"turns":3},{"damage":17,"enemies":"Writhing Mass","floor":45,"turns":3},{"damage":22,"enemies":"4 Shapes","floor":46,"turns":4},{"damage":3,"enemies":"Jaw Worm Horde","floor":48,"turns":3},{"damage":187,"enemies":"conspire:OrnateMirror","floor":50,"turns":8}],"seed_played":"-2407925436137486750","potions_obtained":[{"floor":4,"key":"BloodPotion"},{"floor":8,"key":"Adrenaline Potion"},{"floor":11,"key":"PowerPotion"},{"floor":16,"key":"SkillPotion"},{"floor":24,"key":"Fruit Juice"},{"floor":27,"key":"hexamod:EctoCoolerPotion"},{"floor":31,"key":"BloodPotion"},{"floor":33,"key":"PowerPotion"},{"floor":35,"key":"Elixir"},{"floor":39,"key":"Adrenaline Potion"},{"floor":44,"key":"Block Potion"},{"floor":45,"key":"BottledMiracle"}],"is_trial":false,"path_per_floor":["M","?","M","M","?","R","?","E","T","M","M","E","?","M","R","B",null,"M","?","?","?","?","R","E","R","T","M","?","$","M","E","R","B",null,"M","$","M","M","?","E","?","$","T","?","M","M","R","M","R","B"],"character_chosen":"THE_GATHERER","items_purchased":["Gatherer:FlyingFruit","conspire:Banana","HandDrill","MerchantsRug","Snack Pack","conspire:TreasureMap","ReplayTheSpireMod:CursedCoin","hubris:DuctTape","Toy Ornithopter"],"campfire_rested":6,"item_purchase_floors":[0,0,0,29,29,29,36,36,42],"current_hp_per_floor":[44,44,48,48,48,48,48,57,64,66,63,47,47,39,69,20,104,79,90,53,53,53,85,75,109,109,85,85,85,88,79,114,90,125,113,113,118,120,59,69,69,69,69,53,52,57,100,111,150,0,0,0],"gold":132,"neow_bonus":"","is_daily":false,"chose_seed":false,"campfire_upgraded":0,"win_rate":0.0,"timestamp":1608181238,"path_taken":["M","?","?","M","?","R","?","E","T","?","M","E","?","M","R","BOSS","M","?","?","?","?","R","E","R","T","?","?","$","M","E","R","BOSS","M","$","?","M","?","E","?","$","T","?","M","M","R","M","R","BOSS"],"items_purchased_type":["Relic","Card","Relic","Relic","Relic","Relic","Relic","Relic","Relic"],"build_version":"2020-12-13","purchased_purges":2,"victory":false,"max_hp_per_floor":[77,77,82,82,82,82,82,87,94,96,98,100,100,102,102,104,104,106,106,108,108,108,108,115,115,115,117,117,117,117,119,119,125,125,127,127,130,130,132,133,133,133,133,136,136,145,145,150,150,152,152,152],"relic_stats":{"Shovel":2,"counters":[60,258],"HandDrill":[82],"obtain_stats":[{"Regal Pillow":9,"hubris:Metronome":8,"Lantern":20,"Calipers":12,"Gremlin Horn":48,"SacredBark":30,"Painkiller Herb":34,"conspire:SpecialSausage":17,"Blue Doll":40,"hubris:SlimyHat":9,"Whetstone":24,"Old Coin":41,"conspire:InfiniteJournal":43,"Gatherer:FlyingFruit":0,"Replay:Bandana":13,"Shovel":44,"aspiration:BabyByrd":5,"Strawberry":9,"Philosopher\u0027s Stone":17,"HandDrill":0,"Replay:Bottled Eggs":31,"hubris:TinFlute":45,"MerchantsRug":45,"Lee\u0027s Waffle":22,"conspire:TreasureMap":29,"hubris:DuctTape":36,"aspiration:Nostalgia":0,"ReplayTheSpireMod:CursedCoin":36,"ReplayTheSpireMod:Ring of Addiction":30,"Gatherer:MistGenerator":8,"conspire:Boomerang":0,"War Paint":10,"hubris:Towel":42,"White Beast Statue":30,"SlaversCollar":17,"Strange Spoon":45,"Runesmith:UraniumAnvil":34,"Ring of Fury":12,"CultistMask":2,"Bag of Marbles":22,"Snack Pack":29,"MiniHakkero":0,"ReplayTheSpireMod:Lightbulb":43,"Gatherer:AlchemyBag":0,"hubris:Potato":39,"Toy Ornithopter":42,"NlothsMask":15},{"Regal Pillow":4,"hubris:Metronome":38,"Lantern":45,"Calipers":41,"Gremlin Horn":33,"SacredBark":25,"Painkiller Herb":26,"conspire:SpecialSausage":43,"Blue Doll":55,"hubris:SlimyHat":15,"Whetstone":46,"Old Coin":30,"conspire:InfiniteJournal":30,"Gatherer:FlyingFruit":34,"Replay:Bandana":7,"Shovel":56,"aspiration:BabyByrd":37,"Strawberry":38,"Philosopher\u0027s Stone":20,"HandDrill":34,"Replay:Bottled Eggs":49,"hubris:TinFlute":30,"MerchantsRug":30,"Lee\u0027s Waffle":22,"conspire:TreasureMap":47,"hubris:DuctTape":51,"aspiration:Nostalgia":11,"ReplayTheSpireMod:CursedCoin":51,"ReplayTheSpireMod:Ring of Addiction":25,"Gatherer:MistGenerator":15,"conspire:Boomerang":34,"War Paint":16,"hubris:Towel":30,"White Beast Statue":25,"SlaversCollar":9,"Strange Spoon":30,"Runesmith:UraniumAnvil":50,"Ring of Fury":6,"CultistMask":35,"Bag of Marbles":22,"Snack Pack":47,"MiniHakkero":11,"ReplayTheSpireMod:Lightbulb":55,"Gatherer:AlchemyBag":0,"hubris:Potato":54,"Toy Ornithopter":55,"NlothsMask":19},{"Regal Pillow":14,"hubris:Metronome":162,"Lantern":193,"Calipers":171,"Gremlin Horn":142,"SacredBark":105,"Painkiller Herb":111,"conspire:SpecialSausage":185,"Blue Doll":237,"hubris:SlimyHat":51,"Whetstone":198,"Old Coin":127,"conspire:InfiniteJournal":127,"Gatherer:FlyingFruit":148,"Replay:Bandana":24,"Shovel":240,"aspiration:BabyByrd":156,"Strawberry":162,"Philosopher\u0027s Stone":82,"HandDrill":148,"Replay:Bottled Eggs":210,"hubris:TinFlute":127,"MerchantsRug":127,"Lee\u0027s Waffle":92,"conspire:TreasureMap":202,"hubris:DuctTape":222,"aspiration:Nostalgia":40,"ReplayTheSpireMod:CursedCoin":222,"ReplayTheSpireMod:Ring of Addiction":105,"Gatherer:MistGenerator":51,"conspire:Boomerang":148,"War Paint":58,"hubris:Towel":127,"White Beast Statue":105,"SlaversCollar":35,"Strange Spoon":127,"Runesmith:UraniumAnvil":217,"Ring of Fury":21,"CultistMask":151,"Bag of Marbles":92,"Snack Pack":202,"MiniHakkero":40,"ReplayTheSpireMod:Lightbulb":237,"Gatherer:AlchemyBag":0,"hubris:Potato":231,"Toy Ornithopter":237,"NlothsMask":70}],"Toy Ornithopter":25},"card_choices":[{"not_picked":["Gatherer:AromaProtection","Gatherer:Nutrients"],"picked":"Gatherer:RecoveryHerb","floor":1},{"not_picked":["Gatherer:Duality","Gatherer:DrugPower"],"picked":"Gatherer:FlowerBeam","floor":3},{"not_picked":["Gatherer:OddSpoils","Gatherer:Frenzy"],"picked":"Gatherer:Nutrients","floor":4},{"not_picked":["Gatherer:AromaProtection","Gatherer:EnergyBasket"],"picked":"Gatherer:Snatch","floor":8},{"not_picked":["Gatherer:GatherMaterial","Gatherer:WoolGloves"],"picked":"Gatherer:Misfortune","floor":10},{"not_picked":["Gatherer:RecipeChange","Gatherer:Polymorphism"],"picked":"Gatherer:Snatch","floor":11},{"not_picked":["Gatherer:TreeGrowth","Gatherer:ScherryThrow"],"picked":"Gatherer:HeartToFruit","floor":12},{"not_picked":["Gatherer:AromaProtection","Gatherer:Duality"],"picked":"Gatherer:DrugPower","floor":14},{"not_picked":["Gatherer:Examine","Gatherer:ScrollOfPurity"],"picked":"Gatherer:BomberForm","floor":16},{"not_picked":["Gatherer:TreeGrowth","Gatherer:Polymorphism+1","Gatherer:CarefulStrike+1"],"picked":"SKIP","floor":18},{"not_picked":["Gatherer:TacticalStrike","Gatherer:EnergyBasket"],"picked":"Gatherer:BomberForm","floor":20},{"not_picked":["Gatherer:AcidicSpray","Gatherer:PotentialSlash"],"picked":"Gatherer:Uplift+1","floor":24},{"not_picked":["Gatherer:FlowerShield","Gatherer:DrugPower+1"],"picked":"Gatherer:Snatch","floor":27},{"not_picked":["Gatherer:Transmute","Gatherer:CollectorsShot"],"picked":"Gatherer:PotentialSlash+1","floor":30},{"not_picked":["Gatherer:Solidify","Gatherer:SaveValuables"],"picked":"Gatherer:ScrollOfWall","floor":31},{"not_picked":["Gatherer:LuckyClover","Gatherer:PoisonMastery"],"picked":"Gatherer:HeartToFruit","floor":33},{"not_picked":["Gatherer:PotentialSlash","Gatherer:CarefulStrike+1","Gatherer:AromaProtection+1"],"picked":"SKIP","floor":35},{"not_picked":["Gatherer:EnergyBasket","Gatherer:DrugPower+1"],"picked":"Gatherer:FlowerFalling+1","floor":37},{"not_picked":["Gatherer:MiningStrike","Gatherer:BomberForm"],"picked":"Gatherer:FlowerShield+1","floor":38},{"not_picked":["Gatherer:Misfortune","Gatherer:CarefulStrike"],"picked":"Gatherer:FlowerFalling+1","floor":39},{"not_picked":["Gatherer:MindSearch","Gatherer:GatherMaterial+1"],"picked":"Gatherer:FragileHammer","floor":40},{"not_picked":["expansioncontent:DonusPower","expansioncontent:CaCaw"],"picked":"expansioncontent:LastStand","floor":41},{"not_picked":["Midas Touch","Replay:SS_forest_2"],"picked":"expansioncontent:Corrupt","floor":41},{"not_picked":["Gatherer:WoolGloves","Gatherer:AromaProtection+1"],"picked":"Gatherer:ScherryThrow+1","floor":44},{"not_picked":["Gatherer:Snatch","Gatherer:RecipeChange"],"picked":"Gatherer:MiningStrike+1","floor":45},{"not_picked":["Gatherer:Convert","Gatherer:SaveValuables+1"],"picked":"Gatherer:BalancedGrowth","floor":46},{"not_picked":["Gatherer:TacticalStrike","Gatherer:MindSearch"],"picked":"Gatherer:BambuSword","floor":48}],"player_experience":624398,"relics_obtained":[{"floor":8,"key":"hubris:Metronome"},{"floor":9,"key":"Strawberry"},{"floor":12,"key":"Calipers"},{"floor":20,"key":"Lantern"},{"floor":24,"key":"Whetstone"},{"floor":31,"key":"Replay:Bottled Eggs"},{"floor":39,"key":"hubris:Potato"},{"floor":40,"key":"Blue Doll"},{"floor":43,"key":"ReplayTheSpireMod:Lightbulb"},{"floor":44,"key":"Shovel"}],"event_choices":[{"damage_healed":0,"gold_gain":0,"player_choice":"Trade","damage_taken":0,"relics_obtained":["CultistMask"],"max_hp_gain":0,"max_hp_loss":0,"event_name":"FaceTrader","floor":2,"gold_loss":0},{"damage_healed":0,"gold_gain":0,"player_choice":"Upgraded","damage_taken":0,"max_hp_gain":0,"max_hp_loss":0,"event_name":"Upgrade Shrine","floor":7,"gold_loss":0,"cards_upgraded":["conspire:Banana"]},{"damage_healed":0,"gold_gain":100,"player_choice":"Pray","damage_taken":0,"max_hp_gain":0,"max_hp_loss":0,"event_name":"Golden Shrine","floor":13,"gold_loss":0},{"damage_healed":0,"gold_gain":0,"player_choice":"Ignored","damage_taken":0,"max_hp_gain":0,"max_hp_loss":0,"event_name":"Vampires","floor":21,"gold_loss":0},{"damage_healed":0,"gold_gain":100,"player_choice":"Pray","damage_taken":0,"max_hp_gain":0,"max_hp_loss":0,"event_name":"Golden Shrine","floor":28,"gold_loss":0},{"damage_healed":0,"gold_gain":0,"player_choice":"Fight","damage_taken":0,"max_hp_gain":0,"max_hp_loss":0,"event_name":"MindBloom","floor":39,"gold_loss":0},{"damage_healed":0,"gold_gain":3,"player_choice":"1","damage_taken":0,"max_hp_gain":0,"max_hp_loss":0,"event_name":"betterStone:BetterStone","floor":41,"gold_loss":0},{"damage_healed":0,"gold_gain":0,"player_choice":"Fight","damage_taken":0,"max_hp_gain":0,"max_hp_loss":0,"event_name":"Mysterious Sphere","floor":44,"gold_loss":0}],"is_beta":false,"boss_relics":[{"not_picked":["Coffee Dripper","hubris:Stopwatch"],"picked":"conspire:SpecialSausage"},{"not_picked":["Sozu","hubris:HollowSoul"],"picked":"Runesmith:UraniumAnvil"}],"items_purged_floors":[29,36],"is_endless":false,"potions_floor_spawned":[4,8,11,16,24,27,31,33,35,39,44,45],"killed_by":"conspire:OrnateMirror","ascension_level":1}}