{"host":"yecadp3kwkksam5a","time":1608205287,"event":{"mods":["BaseMod","Minty Spire (QoL Compilation)","StSLib","The Gatherer"],"gold_per_floor":[10,26,26,40,53,92,92,133,159,185,185,206,249,268,268,268,268],"floor_reached":16,"playtime":680,"items_purged":[],"score":146,"play_id":"2dbfa421-99f0-4026-adbf-cf442fa01321","local_time":"20201217204127","is_ascension_mode":true,"campfire_choices":[{"data":"Armaments","floor":7,"key":"SMITH"},{"floor":11,"key":"REST"},{"data":"Evolve","floor":15,"key":"SMITH"}],"circlet_count":0,"master_deck":["Strike_R","Strike_R","Strike_R","Defend_R","Defend_R","Defend_R","Defend_R","Bash","Flame Barrier","Armaments+1","Cleave","Twin Strike","Intimidate","Evolve+1"],"relics":["Burning Blood","Golden Idol","InkBottle","Strawberry","Potion Belt","Smiling Mask","Oddly Smooth Stone"],"acts_visited":["Exordium"],"potions_floor_usage":[13],"damage_taken":[{"damage":0.0,"enemies":"2 Louse","floor":1.0,"turns":3.0},{"damage":12.0,"enemies":"Jaw Worm","floor":2.0,"turns":3.0},{"damage":1,"enemies":"Cultist","floor":4,"turns":3},{"damage":15,"enemies":"Looter","floor":5,"turns":4},{"damage":16,"enemies":"3 Sentries","floor":6,"turns":8},{"damage":34,"enemies":"Lagavulin","floor":8,"turns":9},{"damage":3,"enemies":"Exordium Wildlife","floor":12,"turns":4},{"damage":5,"enemies":"3 Sentries","floor":13,"turns":8},{"damage":9,"enemies":"Exordium Thugs","floor":14,"turns":4},{"damage":39,"enemies":"Slime Boss","floor":16,"turns":6}],"seed_played":"5780543546","potions_obtained":[{"floor":1.0,"key":"AttackPotion"},{"floor":6,"key":"BloodPotion"},{"floor":8,"key":"Dexterity Potion"},{"floor":12,"key":"LiquidBronze"}],"is_trial":false,"path_per_floor":["M","M","?","M","M","E","R","E","T","T","R","M","E","M","R","B"],"character_chosen":"IRONCLAD","items_purchased":[],"campfire_rested":1,"item_purchase_floors":[],"current_hp_per_floor":[80,74,54,59,50,40,40,19,19,19,45,48,49,46,46,7,7],"gold":268,"neow_bonus":"REMOVE_TWO","is_daily":false,"chose_seed":true,"campfire_upgraded":2,"win_rate":0.0,"timestamp":1608205287,"path_taken":["M","M","?","M","M","E","R","E","T","?","R","?","E","M","R","BOSS"],"items_purchased_type":[],"build_version":"2020-12-13","purchased_purges":0,"victory":false,"max_hp_per_floor":[80,80,80,80,80,80,80,87,87,87,87,87,87,87,87,87,87],"card_choices":[{"not_picked":["Infernal Blade","Heavy Blade","Anger"],"picked":"SKIP","floor":1.0},{"not_picked":["Bloodletting","Iron Wave"],"picked":"Flame Barrier","floor":2.0},{"not_picked":["Pommel Strike","Flex"],"picked":"Armaments","floor":4},{"not_picked":["Warcry","Havoc"],"picked":"Cleave","floor":5},{"not_picked":["Thunderclap","Sentinel"],"picked":"Twin Strike","floor":6},{"not_picked":["Perfected Strike","Infernal Blade"],"picked":"Intimidate","floor":8},{"not_picked":["Berserk","Anger","Metallicize"],"picked":"SKIP","floor":12},{"not_picked":["Clothesline","Infernal Blade","Pommel Strike"],"picked":"SKIP","floor":13},{"not_picked":["Headbutt","Hemokinesis"],"picked":"Evolve","floor":14}],"player_experience":217801,"relics_obtained":[{"floor":6,"key":"InkBottle"},{"floor":8,"key":"Strawberry"},{"floor":9,"key":"Potion Belt"},{"floor":10,"key":"Smiling Mask"},{"floor":13,"key":"Oddly Smooth Stone"}],"event_choices":[{"damage_healed":0.0,"max_hp_gain":0.0,"max_hp_loss":0.0,"gold_gain":0.0,"event_name":"Golden Idol","player_choice":"Take Damage","floor":3.0,"gold_loss":0.0,"damage_taken":20.0,"relics_obtained":["Golden Idol"]}],"is_beta":false,"boss_relics":[],"items_purged_floors":[],"is_endless":false,"potions_floor_spawned":[1,6,8,12],"killed_by":"Slime Boss","ascension_level":4}}