{"host":"xpedwhml4to70g3q","time":1608207307,"event":{"mods":["Act Like it!","BaseMod","Curses Come First","Hallownest","Minty Spire (QoL Compilation)","Spicy Shops","StSLib","The Bug Knight"],"gold_per_floor":[113,113,65,78,78,78,78,107,107,136,163,191,116,145,145,145,145],"floor_reached":16,"playtime":560,"items_purged":["HollowMod:AbyssShriek"],"score":259,"play_id":"91bd9afb-8762-411f-870d-61c631619e19","local_time":"20201217201507","daily_mods":["Draft","Time Dilation","Flight","DeadlyEvents","Elite Swarm"],"is_ascension_mode":false,"campfire_choices":[{"data":"HollowMod:VengefulVoid","floor":6,"key":"SMITH"},{"data":"HollowMod:BlackTendrils","floor":7,"key":"SMITH"},{"data":"HollowMod:SiblingsSouls","floor":15,"key":"SMITH"}],"circlet_count":0,"master_deck":["HollowMod:SiblingsSouls+1","HollowMod:FallenFury","HollowMod:CloakDash","HollowMod:DashSlash","HollowMod:SoulSplash+1","HollowMod:FastStrike","HollowMod:DescendingDark+1","HollowMod:SharpenedShadows","HollowMod:DescendingDark","HollowMod:BlackTendrils+1","HollowMod:DescendingDark","HollowMod:NewLittleFool+1","HollowMod:VengefulVoid+1","HollowMod:SiblingsSouls+1","HollowMod:DescendingDark","HollowMod:SoulMaster","HollowMod:VoidDash"],"relics":["HollowMod:VesselMask","Calipers","Whetstone","Bottled Tornado","Shuriken","War Paint","HollowMod:LifeEnderRelic"],"acts_visited":["Exordium"],"potions_floor_usage":[16,16],"damage_taken":[{"damage":0,"enemies":"Cultist","floor":1,"turns":2},{"damage":0,"enemies":"2 Louse","floor":4,"turns":1},{"damage":13,"enemies":"3 Sentries","floor":8,"turns":3},{"damage":0,"enemies":"Lagavulin","floor":10,"turns":3},{"damage":11,"enemies":"3 Sentries","floor":11,"turns":2},{"damage":0,"enemies":"Lagavulin","floor":12,"turns":3},{"damage":11,"enemies":"3 Sentries","floor":14,"turns":2},{"damage":62,"enemies":"The Guardian","floor":16,"turns":4}],"seed_played":"9028493048861576416","potions_obtained":[{"floor":4,"key":"SpeedPotion"},{"floor":11,"key":"FearPotion"},{"floor":12,"key":"Swift Potion"}],"is_trial":true,"path_per_floor":["M","T","$","M","?","R","R","E","T","E","E","E","$","E","R","B"],"character_chosen":"THE_BUGKNIGHT","items_purchased":["HollowMod:SiblingsSouls"],"campfire_rested":0,"item_purchase_floors":[3],"current_hp_per_floor":[75,75,75,75,68,68,68,55,55,64,58,70,70,59,59,0,0],"gold":145,"neow_bonus":"","is_daily":false,"chose_seed":false,"campfire_upgraded":3,"win_rate":0.0,"timestamp":1608207307,"path_taken":["M","?","$","M","?","R","R","E","T","E","E","E","$","?","R","BOSS"],"items_purchased_type":["Card"],"build_version":"2020-12-13","purchased_purges":1,"victory":false,"max_hp_per_floor":[75,75,75,75,75,75,75,75,75,75,75,75,75,75,75,75,75],"card_choices":[{"not_picked":["HollowMod:DoubleDash","HollowMod:SoulSplash"],"picked":"HollowMod:SiblingsSouls","floor":0},{"not_picked":["HollowMod:WraithStrike","HollowMod:SoulSplash"],"picked":"HollowMod:FallenFury","floor":0},{"not_picked":["HollowMod:GoodIntentions","HollowMod:SharpenedShadows"],"picked":"HollowMod:CloakDash","floor":0},{"not_picked":["HollowMod:FastStrike","HollowMod:MothsMistake"],"picked":"HollowMod:DashSlash","floor":0},{"not_picked":["HollowMod:InfectionAssault","HollowMod:HowlingWraiths"],"picked":"HollowMod:SoulSplash","floor":0},{"not_picked":["HollowMod:PureNailStrike","HollowMod:SoulEater"],"picked":"HollowMod:InfectedAttack","floor":0},{"not_picked":["HollowMod:CornifersMapStart","HollowMod:ChannelNail"],"picked":"HollowMod:FastStrike","floor":0},{"not_picked":["HollowMod:NewJinnsSoul","HollowMod:InfectedCysts"],"picked":"HollowMod:DescendingDark","floor":0},{"not_picked":["HollowMod:RecoilStrike","HollowMod:GoodIntentions"],"picked":"HollowMod:SharpenedShadows","floor":0},{"not_picked":["HollowMod:WraithStrike","HollowMod:SoulSplash"],"picked":"HollowMod:DescendingDark","floor":0},{"not_picked":["HollowMod:Grubsong","HollowMod:QuirrelsAssistance"],"picked":"HollowMod:BlackTendrils","floor":0},{"not_picked":["HollowMod:HeavyBlow","HollowMod:ChannelNail"],"picked":"HollowMod:AbyssShriek","floor":0},{"not_picked":["HollowMod:NewJinnsSoul","HollowMod:WraithStrike"],"picked":"HollowMod:DescendingDark","floor":0},{"not_picked":["HollowMod:TaintedHusks","HollowMod:InfectedCysts"],"picked":"HollowMod:NewLittleFool","floor":0},{"not_picked":["HollowMod:DescendingDark","HollowMod:SoulStrike"],"picked":"HollowMod:VengefulVoid","floor":0},{"not_picked":["HollowMod:MothsMistake","HollowMod:MawleksShell","HollowMod:NewJinnsSoul"],"picked":"SKIP","floor":1},{"not_picked":["HollowMod:DashSlash","HollowMod:SharpenedNail"],"picked":"HollowMod:DescendingDark","floor":4},{"not_picked":["HollowMod:ZotesMagnificence","HollowMod:SlysStrikes"],"picked":"HollowMod:SoulMaster","floor":8},{"not_picked":["HollowMod:SoulMaster","HollowMod:ZotesMagnificence","HollowMod:NewInfectedGuardian"],"picked":"SKIP","floor":10},{"not_picked":["HollowMod:Hiveblood","HollowMod:AwokenDreamNail","HollowMod:NewInfectedGuardian"],"picked":"SKIP","floor":11},{"not_picked":["HollowMod:LifebloodCore","HollowMod:SlysStrikes"],"picked":"HollowMod:VoidDash","floor":12},{"not_picked":["HollowMod:HornetsHelp","HollowMod:LifebloodCore","HollowMod:theNailsmith"],"picked":"SKIP","floor":14}],"player_experience":100219,"relics_obtained":[{"floor":2,"key":"Calipers"},{"floor":8,"key":"Whetstone"},{"floor":10,"key":"Bottled Tornado"},{"floor":11,"key":"Shuriken"},{"floor":12,"key":"War Paint"},{"floor":14,"key":"HollowMod:LifeEnderRelic"}],"event_choices":[{"cards_removed":["HollowMod:InfectedAttack"],"damage_healed":0,"gold_gain":0,"player_choice":"Card Removal","damage_taken":7,"max_hp_gain":0,"max_hp_loss":0,"event_name":"Golden Wing","floor":5,"gold_loss":0}],"is_beta":false,"boss_relics":[],"items_purged_floors":[13],"is_endless":true,"potions_floor_spawned":[4,11,12,14],"killed_by":"The Guardian","ascension_level":0}}