{"host":"l8k579n63ej0vska","time":1608227031,"event":{"mods":["BaseMod","Colored Map","Infinite Spire","Minty Spire (QoL Compilation)","Replay The Spire","StSLib","The Bug Knight"],"gold_per_floor":[114,65,65,65,82,82,7,7,7,7,22,33,33,53,53,130,130,100,115,115,135,35,35,62,62,62,78,128,157,175,175,175],"floor_reached":31,"playtime":2046,"items_purged":["Wraith Form v2","Sickly","Sickly"],"score":551,"play_id":"f4c4f0e2-fd50-41cb-adb8-e0434580da1b","local_time":"20201217184351","is_ascension_mode":true,"campfire_choices":[{"data":"Deflect","floor":6,"key":"SMITH"},{"data":"Cloak And Dagger","floor":8,"key":"SMITH"},{"data":"Neutralize","floor":10,"key":"SMITH"},{"data":"Deflect","floor":13,"key":"SMITH"},{"data":"Deflect","floor":15,"key":"SMITH"},{"floor":23,"key":"REST"},{"data":"infinitespire:Starlight","floor":25,"key":"SMITH"}],"circlet_count":0,"master_deck":["AscendersBane","Strike_G","Strike_G","Strike_G","Defend_G","Defend_G","Survivor","Neutralize","Deflect+1","Infinite Blades","Infinite Blades","Neutralize+1","Cloak And Dagger+1","Deflect+1","Deflect+1","Tools of the Trade","Blade Dance","infinitespire:Starlight+1","ReplayTheSpireMod:Speed Training","Acrobatics","Corpse Explosion","Cloak And Dagger"],"relics":["HoveringKite","Happy Flower","StrikeDummy","Kintsugi","Molten Egg 2","Dream Catcher","Potion Belt"],"acts_visited":["Exordium","TheCity"],"potions_floor_usage":[14,16,18,24,27],"damage_taken":[{"damage":4,"enemies":"Cultist","floor":1,"turns":5},{"damage":8,"enemies":"Small Slimes","floor":5,"turns":5},{"damage":0,"enemies":"Jaw Worm","floor":11,"turns":3},{"damage":0,"enemies":"Gremlin Gang","floor":12,"turns":5},{"damage":3,"enemies":"2 Fungi Beasts","floor":14,"turns":4},{"damage":0,"enemies":"The Guardian","floor":16,"turns":15},{"damage":22,"enemies":"2 Thieves","floor":18,"turns":5},{"damage":3,"enemies":"3 Byrds","floor":19,"turns":5},{"damage":14,"enemies":"Shelled Parasite and Fungi","floor":21,"turns":7},{"damage":11,"enemies":"Nightmare","floor":24,"turns":14},{"damage":13,"enemies":"Snecko","floor":27,"turns":5},{"damage":21,"enemies":"Replay:Snechameleon","floor":29,"turns":9},{"damage":45,"enemies":"Cultist and Chosen","floor":30,"turns":7},{"damage":28,"enemies":"Chosen and Byrds","floor":31,"turns":4}],"seed_played":"7020910067948942923","potions_obtained":[{"floor":1,"key":"Dexterity Potion"},{"floor":14,"key":"CunningPotion"},{"floor":16,"key":"ColorlessPotion"},{"floor":21,"key":"BlessingOfTheForge"},{"floor":24,"key":"CultistPotion"},{"floor":30,"key":"Poison Potion"}],"is_trial":false,"path_per_floor":["M","$","?","?","M","R","$","R","T","R","M","M","R","M","R","B",null,"M","M","AVR","M","$","R","NM","R","T","M","?","E","M","M"],"character_chosen":"THE_SILENT","items_purchased":["Infinite Blades"],"campfire_rested":1,"item_purchase_floors":[2],"current_hp_per_floor":[55,55,37,37,29,29,29,29,29,29,29,29,29,26,26,26,56,34,31,31,27,27,46,45,45,45,47,47,41,11,0,0],"gold":175,"neow_bonus":"BOSS_RELIC","is_daily":false,"chose_seed":false,"campfire_upgraded":6,"win_rate":0.0,"timestamp":1608227031,"path_taken":["M","?","?","?","M","R","$","R","T","R","M","M","R","M","R","BOSS","M","?","AVR","?","$","R","NM","R","T","M","?","E","M","M"],"items_purchased_type":["Card"],"build_version":"2020-12-13","purchased_purges":3,"victory":false,"max_hp_per_floor":[66,66,66,66,66,66,66,66,66,66,66,66,66,66,66,66,66,66,66,66,66,66,66,66,66,66,66,66,66,66,66,66],"card_choices":[{"not_picked":["Leg Sweep","Distraction"],"picked":"Deflect","floor":1},{"not_picked":["Choke","Replay:Poison Smokescreen"],"picked":"Cloak And Dagger","floor":5},{"not_picked":["Heel Hook","Quick Slash","Slice"],"picked":"SKIP","floor":11},{"not_picked":["Endless Agony","ReplayTheSpireMod:Exploit Weakness"],"picked":"Deflect","floor":12},{"not_picked":["PiercingWail","Sucker Punch"],"picked":"Deflect","floor":14},{"not_picked":["ReplayTheSpireMod:Necrosis","Phantasmal Killer"],"picked":"Tools of the Trade","floor":16},{"not_picked":["Slice","Dagger Throw"],"picked":"Blade Dance","floor":18},{"not_picked":["Sucker Punch","Riddle With Holes","ReplayTheSpireMod:The Works"],"picked":"SKIP","floor":19},{"not_picked":["Acrobatics","Hidden Blade"],"picked":"ReplayTheSpireMod:Speed Training","floor":21},{"not_picked":["Skewer+1","Flying Knee+1"],"picked":"Acrobatics","floor":24},{"not_picked":["Dagger Throw+1","All Out Attack+1","Bane+1"],"picked":"SKIP","floor":27},{"not_picked":["Dagger Throw+1","Underhanded Strike+1"],"picked":"Corpse Explosion","floor":29},{"not_picked":["Poisoned Stab+1","Backflip"],"picked":"Cloak And Dagger","floor":30}],"player_experience":1615611,"relics_obtained":[{"floor":9,"key":"StrikeDummy"},{"floor":24,"key":"Molten Egg 2"},{"floor":26,"key":"Dream Catcher"},{"floor":29,"key":"Potion Belt"}],"event_choices":[{"damage_healed":0,"gold_gain":0,"player_choice":"Success","damage_taken":18,"relics_obtained":["Happy Flower"],"max_hp_gain":0,"max_hp_loss":0,"event_name":"Scrap Ooze","floor":3,"gold_loss":0},{"damage_healed":0,"gold_gain":0,"player_choice":"2 cards matched","damage_taken":0,"max_hp_gain":0,"max_hp_loss":0,"event_name":"Match and Keep!","floor":4,"gold_loss":0,"cards_obtained":["Wraith Form v2","Neutralize"]},{"damage_healed":0,"gold_gain":50,"player_choice":"Pray","damage_taken":0,"max_hp_gain":0,"max_hp_loss":0,"event_name":"Golden Shrine","floor":28,"gold_loss":0}],"is_beta":false,"boss_relics":[{"not_picked":["Replay:Bronze Core","infinitespire:Cupcake"],"picked":"Kintsugi"}],"items_purged_floors":[7,20,22],"is_endless":true,"potions_floor_spawned":[1,14,16,21,24,30],"killed_by":"Chosen and Byrds","ascension_level":15}}