{"host":"z60ck2mpr6goyib8","time":1608195130,"event":{"mods":["BaseMod","Best Route Mod","Bestiary","Better Third Choice","Block Reminder","Colored Map","Colored Powertips","Googly Eyes","Minty Spire (QoL Compilation)","Quick Restart","Relic Stats","Slay-I","StSLib","everything is the same but u backflip on backflip"],"gold_per_floor":[111,131,141,157,157,187,199,199,247,247,274,100,118,136,136,235,235,252,264,275,285,210,237,237,263,263,16,29,129,139,139,139,139,139],"floor_reached":33,"playtime":1198,"items_purged":["Strike_R"],"score":602,"play_id":"2d397102-7cc0-4212-b705-f4a59f038237","local_time":"20201217085210","is_ascension_mode":true,"campfire_choices":[{"data":"Limit Break","floor":8.0,"key":"SMITH"},{"data":"Flex","floor":10.0,"key":"SMITH"},{"data":"Infernal Blade","floor":15.0,"key":"SMITH"},{"data":"Double Tap","floor":24.0,"key":"SMITH"},{"data":"Metallicize","floor":32.0,"key":"SMITH"}],"circlet_count":0,"master_deck":["AscendersBane","Strike_R","Strike_R","Strike_R","Defend_R","Defend_R","Defend_R","Defend_R","Bash","Clothesline+1","Fiend Fire+1","Armaments","Shrug It Off","Flash of Steel","Limit Break+1","Carnage","Bash","Flex+1","Battle Trance","Infernal Blade+1","Inflame","Shrug It Off","Uppercut","Double Tap+1","Spot Weakness","Sever Soul","Inflame+1","Iron Wave","Dark Embrace+1","Metallicize","Heavy Blade","Metallicize+1","Power Through+1"],"relics":["Coffee Dripper","Smiling Mask","Regal Pillow","Bottled Lightning","Philosopher\u0027s Stone","Anchor","Toxic Egg 2","Matryoshka","Whetstone","Letter Opener"],"acts_visited":["Exordium","TheCity"],"potions_floor_usage":[],"damage_taken":[{"damage":1.0,"enemies":"Cultist","floor":1.0,"turns":3.0},{"damage":3.0,"enemies":"2 Louse","floor":2.0,"turns":3.0},{"damage":2.0,"enemies":"Jaw Worm","floor":3.0,"turns":2.0},{"damage":3.0,"enemies":"Large Slime","floor":4.0,"turns":9.0},{"damage":25.0,"enemies":"3 Sentries","floor":6.0,"turns":11.0},{"damage":17.0,"enemies":"Lots of Slimes","floor":7.0,"turns":3.0},{"damage":0.0,"enemies":"Gremlin Nob","floor":11.0,"turns":2.0},{"damage":0.0,"enemies":"2 Fungi Beasts","floor":13.0,"turns":2.0},{"damage":0.0,"enemies":"Large Slime","floor":14.0,"turns":3.0},{"damage":0.0,"enemies":"Slime Boss","floor":16.0,"turns":6.0},{"damage":0.0,"enemies":"Spheric Guardian","floor":18.0,"turns":1.0},{"damage":12.0,"enemies":"2 Thieves","floor":19.0,"turns":2.0},{"damage":15.0,"enemies":"Cultist and Chosen","floor":20.0,"turns":5.0},{"damage":8.0,"enemies":"3 Cultists","floor":21.0,"turns":5.0},{"damage":0.0,"enemies":"Gremlin Leader","floor":23.0,"turns":1.0},{"damage":15.0,"enemies":"Slavers","floor":25.0,"turns":3.0},{"damage":12.0,"enemies":"Centurion and Healer","floor":28.0,"turns":3.0},{"damage":0.0,"enemies":"Snecko","floor":30.0,"turns":3.0},{"damage":8,"enemies":"Champ","floor":33,"turns":7}],"seed_played":"-7601617223131775416","potions_obtained":[{"floor":1.0,"key":"DuplicationPotion"},{"floor":4.0,"key":"LiquidBronze"},{"floor":11.0,"key":"Swift Potion"},{"floor":13.0,"key":"Strength Potion"},{"floor":18.0,"key":"Swift Potion"},{"floor":20.0,"key":"Explosive Potion"},{"floor":25.0,"key":"FearPotion"}],"is_trial":false,"path_per_floor":["M","M","M","M","?","E","M","R","T","R","E","$","M","M","R","B",null,"M","M","M","M","?","E","R","E","T","$","M","?","M","?","R","B"],"character_chosen":"IRONCLAD","items_purchased":["Inflame","Shrug It Off","Metallicize","Whetstone","Heavy Blade"],"campfire_rested":0,"item_purchase_floors":[12,12,27,27,27],"current_hp_per_floor":[71,68,66,63,63,38,21,21,21,21,21,21,21,21,21,21,65,65,53,38,30,30,30,30,15,15,15,3,3,3,3,3,0,0],"gold":139,"neow_bonus":"BOSS_RELIC","is_daily":false,"chose_seed":false,"campfire_upgraded":5,"win_rate":0.0,"timestamp":1608195130,"path_taken":["M","M","?","M","?","E","M","R","T","R","E","$","?","M","R","BOSS","M","M","M","M","?","E","R","E","T","$","M","?","?","?","R","BOSS"],"items_purchased_type":["Card","Card","Card","Relic","Card"],"build_version":"2020-12-13","purchased_purges":1,"victory":false,"max_hp_per_floor":[80,80,80,80,80,80,80,80,80,80,80,80,80,80,80,80,80,80,80,80,80,80,80,80,80,80,80,80,80,80,80,80,80,80],"relic_stats":{"Regal Pillow":0,"counters":[19,74],"Whetstone":["Fiend Fire","Clothesline"],"Letter Opener":[5],"Smiling Mask":25,"obtain_stats":[{"Regal Pillow":9,"Anchor":23,"Matryoshka":26,"Philosopher\u0027s Stone":17,"Coffee Dripper":0,"Bottled Lightning":11,"Whetstone":27,"Letter Opener":31,"Toxic Egg 2":25,"Smiling Mask":6,"Burning Blood":0},{"Regal Pillow":6,"Anchor":15,"Matryoshka":16,"Philosopher\u0027s Stone":10,"Coffee Dripper":0,"Bottled Lightning":7,"Whetstone":16,"Letter Opener":18,"Toxic Egg 2":16,"Smiling Mask":5,"Burning Blood":0},{"Regal Pillow":31,"Anchor":58,"Matryoshka":61,"Philosopher\u0027s Stone":44,"Coffee Dripper":0,"Bottled Lightning":33,"Whetstone":61,"Letter Opener":67,"Toxic Egg 2":61,"Smiling Mask":28,"Burning Blood":0}]},"card_choices":[{"not_picked":["Whirlwind","True Grit"],"picked":"Clothesline","floor":1.0},{"not_picked":["True Grit","Twin Strike"],"picked":"Fiend Fire","floor":2.0},{"not_picked":["Twin Strike","Cleave"],"picked":"Armaments","floor":3.0},{"not_picked":["Dropkick","Pommel Strike"],"picked":"Shrug It Off","floor":4.0},{"not_picked":["Wild Strike","Cleave"],"picked":"Flex","floor":6.0},{"not_picked":["Clash","Pommel Strike"],"picked":"Battle Trance","floor":7.0},{"not_picked":["Blood for Blood","Demon Form"],"picked":"Infernal Blade","floor":11.0},{"not_picked":["Combust","Clothesline"],"picked":"Uppercut","floor":13.0},{"not_picked":["Hemokinesis","Cleave","Armaments"],"picked":"SKIP","floor":14.0},{"not_picked":["Bludgeon","Feed"],"picked":"Double Tap","floor":16.0},{"not_picked":["Heavy Blade+1","Shrug It Off"],"picked":"Spot Weakness","floor":18.0},{"not_picked":["Searing Blow","Clothesline"],"picked":"Sever Soul","floor":19.0},{"not_picked":["Flame Barrier","Rupture"],"picked":"Inflame+1","floor":20.0},{"not_picked":["Battle Trance","Hemokinesis+1"],"picked":"Iron Wave","floor":21.0},{"not_picked":["Pommel Strike","Second Wind","Perfected Strike"],"picked":"SKIP","floor":23.0},{"not_picked":["Rampage+1","Warcry+1"],"picked":"Dark Embrace+1","floor":25.0},{"not_picked":["Headbutt","Iron Wave"],"picked":"Metallicize","floor":28.0},{"not_picked":["Reckless Charge","Evolve+1"],"picked":"Power Through+1","floor":30.0}],"player_experience":489177,"relics_obtained":[{"floor":6.0,"key":"Smiling Mask"},{"floor":9.0,"key":"Regal Pillow"},{"floor":11.0,"key":"Bottled Lightning"},{"floor":23.0,"key":"Anchor"},{"floor":25.0,"key":"Toxic Egg 2"},{"floor":26.0,"key":"Matryoshka"}],"event_choices":[{"damage_healed":0.0,"max_hp_gain":0.0,"max_hp_loss":0.0,"gold_gain":0.0,"event_name":"Match and Keep!","player_choice":"4 cards matched","floor":5.0,"gold_loss":0.0,"damage_taken":0.0,"cards_obtained":["Flash of Steel","Limit Break","Carnage","Bash"]},{"cards_removed":["Strike_R"],"damage_healed":0.0,"max_hp_gain":0.0,"max_hp_loss":0.0,"gold_gain":0.0,"event_name":"Beggar","player_choice":"Gave Gold","floor":22.0,"gold_loss":75.0,"damage_taken":0.0},{"damage_healed":0.0,"max_hp_gain":0.0,"max_hp_loss":0.0,"gold_gain":100.0,"event_name":"Golden Shrine","player_choice":"Pray","floor":29.0,"gold_loss":0.0,"damage_taken":0.0},{"damage_healed":0.0,"max_hp_gain":0.0,"max_hp_loss":0.0,"gold_gain":0.0,"event_name":"The Mausoleum","player_choice":"Opened","floor":31.0,"gold_loss":0.0,"damage_taken":0.0,"relics_obtained":["Letter Opener"]}],"is_beta":false,"boss_relics":[{"not_picked":["Tiny House","SacredBark"],"picked":"Philosopher\u0027s Stone"}],"items_purged_floors":[12],"is_endless":false,"potions_floor_spawned":[1,4,11,13,18,20,25],"killed_by":"Champ","ascension_level":10}}