{"host":"2461dio7vetlq1z3","time":1608235082,"event":{"mods":["2.2 Compatiblity","AchievementEnabler","BaseMod","Better Third Choice","Hermit","Marisa????????","Minty Spire (QoL Compilation)","Relic Stats","Spicy Shops","StSLib","Waifu the Spire"],"gold_per_floor":[113,125,137,156,156,168,209,0,0,0,31,31,59,59,59,156,156,173,191,202,202,221,221,250,250,250,250,269,285,316,328,328,429,429,444,444,458,477,437,462,462,493,493,493,513,52,52,66,66,66,66,66,17,42,42,42],"floor_reached":55,"playtime":2905,"items_purged":["hermit:Strike_Hermit","hermit:Strike_Hermit","hermit:Snapshot"],"score":978,"play_id":"9107241c-4c18-4aa2-b92a-faab0608a618","local_time":"20201217205802","is_ascension_mode":true,"campfire_choices":[{"floor":6,"key":"REST"},{"data":"hermit:Adapt","floor":12,"key":"SMITH"},{"data":"hermit:GhostlyPresence","floor":15,"key":"SMITH"},{"data":"hermit:NoHoldsBarred","floor":23,"key":"SMITH"},{"data":"hermit:CursedWeapon","floor":25,"key":"SMITH"},{"floor":27,"key":"RECALL"},{"data":"hermit:Roughhouse","floor":32,"key":"SMITH"},{"floor":41,"key":"REST"},{"floor":44,"key":"REST"},{"data":"hermit:Virtue","floor":47,"key":"SMITH"},{"data":"hermit:ShadowCloak","floor":49,"key":"SMITH"},{"data":"hermit:Covet","floor":52,"key":"SMITH"}],"circlet_count":0,"master_deck":["hermit:Defend_Hermit","hermit:Defend_Hermit+1","hermit:Defend_Hermit+1","hermit:Defend_Hermit","hermit:Covet+1","hermit:Adapt+1","hermit:Enervate","hermit:GhostlyPresence+1","hermit:NoHoldsBarred+1","hermit:SprayPray","hermit:CursedWeapon+1","hermit:Midnight","hermit:Determination","hermit:Coalescence","hermit:Determination+1","hermit:Roughhouse+1","hermit:GhostlyPresence","hermit:Adapt+1","hermit:Gestalt","hermit:Coalescence+1","Pain","hermit:DeadMansHand","hermit:HoleUp+1","hermit:Snipe+1","hermit:Glare+1","Shame","Writhe","hermit:Virtue+1","hermit:ShadowCloak+1"],"relics":["hermit:ClaspedLocket","MawBank","Ancient Tea Set","Orrery","Pear","Vajra","Blue Candle","Cursed Key","Eternal Feather","Letter Opener","Potion Belt","Ginger","Mercury Hourglass","Du-Vu Doll","Boot"],"acts_visited":["Exordium","TheCity","TheBeyond","TheEnding"],"potions_floor_usage":[13,13,28,30,38,40,40,50,50,54,55,55],"damage_taken":[{"damage":0,"enemies":"Cultist","floor":1,"turns":4},{"damage":0,"enemies":"Small Slimes","floor":2,"turns":4},{"damage":2,"enemies":"Jaw Worm","floor":3,"turns":4},{"damage":33,"enemies":"Gremlin Gang","floor":4,"turns":3},{"damage":10,"enemies":"Lagavulin","floor":7,"turns":8},{"damage":7,"enemies":"3 Sentries","floor":11,"turns":3},{"damage":13,"enemies":"Gremlin Nob","floor":13,"turns":5},{"damage":20,"enemies":"Slime Boss","floor":16,"turns":7},{"damage":20,"enemies":"2 Thieves","floor":18,"turns":4},{"damage":2,"enemies":"3 Byrds","floor":19,"turns":4},{"damage":14,"enemies":"Centurion and Healer","floor":20,"turns":5},{"damage":4,"enemies":"Cultist and Chosen","floor":22,"turns":6},{"damage":8,"enemies":"Gremlin Leader","floor":24,"turns":6},{"damage":2,"enemies":"3 Cultists","floor":28,"turns":3},{"damage":9,"enemies":"Snake Plant","floor":29,"turns":5},{"damage":8,"enemies":"Book of Stabbing","floor":30,"turns":7},{"damage":5,"enemies":"Snecko","floor":31,"turns":3},{"damage":10,"enemies":"Collector","floor":33,"turns":8},{"damage":10,"enemies":"3 Shapes","floor":35,"turns":6},{"damage":2,"enemies":"Orb Walker","floor":37,"turns":3},{"damage":14,"enemies":"Jaw Worm Horde","floor":38,"turns":4},{"damage":63,"enemies":"Reptomancer","floor":40,"turns":9},{"damage":26,"enemies":"Nemesis","floor":42,"turns":9},{"damage":6,"enemies":"Spire Growth","floor":45,"turns":4},{"damage":2,"enemies":"4 Shapes","floor":48,"turns":5},{"damage":62,"enemies":"Awakened One","floor":50,"turns":13},{"damage":75,"enemies":"Shield and Spear","floor":54,"turns":9},{"damage":30,"enemies":"The Heart","floor":55,"turns":3}],"seed_played":"1270480461400536149","potions_obtained":[{"floor":2,"key":"hermit:Tonic"},{"floor":7,"key":"Weak Potion"},{"floor":11,"key":"PowerPotion"},{"floor":13,"key":"SteroidPotion"},{"floor":18,"key":"Swift Potion"},{"floor":28,"key":"SpeedPotion"},{"floor":29,"key":"Swift Potion"},{"floor":30,"key":"Fruit Juice"},{"floor":35,"key":"FearPotion"},{"floor":37,"key":"CultistPotion"},{"floor":40,"key":"ColorlessPotion"},{"floor":42,"key":"hermit:Tonic"}],"is_trial":false,"path_per_floor":["M","M","M","M","?","R","E","$","T","?","E","R","E","?","R","B",null,"M","M","M","?","M","R","E","R","T","R","M","M","E","M","R","B",null,"M","?","M","M","?","E","R","E","T","R","M","$","R","M","R","B",null,"R","$","E","B"],"character_chosen":"HERMIT","items_purchased":["Orrery","hermit:Tonic","Du-Vu Doll","hermit:Virtue","Weak Potion"],"campfire_rested":3,"item_purchase_floors":[8,46,46,46,53],"current_hp_per_floor":[75,75,73,40,28,50,40,40,50,50,43,43,30,95,95,75,90,70,68,54,54,50,50,42,54,54,66,64,55,47,42,57,47,83,75,75,73,63,63,10,55,33,33,78,75,75,90,88,100,41,85,100,100,26,0,0],"gold":42,"neow_bonus":"TRANSFORM_CARD","is_daily":false,"chose_seed":false,"campfire_upgraded":8,"win_rate":0.0,"timestamp":1608235082,"path_taken":["M","M","M","?","?","R","E","$","T","?","E","R","E","?","R","BOSS","M","M","M","?","M","R","E","R","T","R","M","M","E","?","R","BOSS","M","?","?","M","?","E","R","E","T","R","M","?","R","M","R","BOSS","R","$","E","BOSS"],"items_purchased_type":["Relic","Potion","Relic","Card","Potion"],"build_version":"2020-12-13","purchased_purges":3,"victory":false,"max_hp_per_floor":[75,75,75,75,75,75,75,75,85,85,85,85,85,95,95,95,95,95,95,95,95,95,95,95,95,95,95,95,95,95,95,95,95,95,95,95,95,95,95,100,100,100,100,100,100,100,100,100,100,100,100,100,100,100,100,100],"relic_stats":{"counters":[28,153],"Blue Candle":[6],"Eternal Feather":111,"Letter Opener":[196],"Ginger":[17],"MawBank":36,"Cursed Key":2,"Boot":[0],"obtain_stats":[{"Potion Belt":30,"hermit:ClaspedLocket":34,"Pear":9,"Blue Candle":13,"Vajra":11,"Eternal Feather":24,"Letter Opener":26,"Ginger":40,"MawBank":5,"Ancient Tea Set":7,"Cursed Key":17,"Boot":54,"Mercury Hourglass":42,"Du-Vu Doll":46,"Orrery":8,"hermit:Momento":0},{"Potion Belt":16,"hermit:ClaspedLocket":18,"Pear":5,"Blue Candle":7,"Vajra":6,"Eternal Feather":13,"Letter Opener":13,"Ginger":22,"MawBank":4,"Ancient Tea Set":5,"Cursed Key":8,"Boot":27,"Mercury Hourglass":23,"Du-Vu Doll":24,"Orrery":5,"hermit:Momento":0},{"Potion Belt":78,"hermit:ClaspedLocket":89,"Pear":23,"Blue Candle":31,"Vajra":26,"Eternal Feather":63,"Letter Opener":63,"Ginger":111,"MawBank":15,"Ancient Tea Set":23,"Cursed Key":38,"Boot":150,"Mercury Hourglass":120,"Du-Vu Doll":124,"Orrery":23,"hermit:Momento":0}],"Mercury Hourglass":[158]},"card_choices":[{"not_picked":["hermit:HighCaliber","hermit:Feint"],"picked":"hermit:Enervate","floor":1},{"not_picked":["hermit:SprayPray","hermit:Snipe"],"picked":"hermit:GhostlyPresence","floor":2},{"not_picked":["hermit:Vantage","hermit:Manifest"],"picked":"hermit:NoHoldsBarred","floor":3},{"not_picked":["hermit:Gestalt","hermit:Cheat"],"picked":"hermit:RoundhouseKick","floor":4},{"not_picked":["hermit:HoleUp","hermit:Ricochet"],"picked":"hermit:SprayPray","floor":7},{"not_picked":["hermit:Roulette","hermit:WideOpen"],"picked":"hermit:CursedWeapon","floor":8},{"not_picked":["hermit:HeroicBravado","hermit:Headshot"],"picked":"hermit:Midnight","floor":8},{"not_picked":["hermit:Scavenge","hermit:Roulette"],"picked":"hermit:Determination","floor":8},{"not_picked":["hermit:Vantage","hermit:Cheat"],"picked":"hermit:Coalescence","floor":8},{"not_picked":["hermit:Shortfuse","hermit:OverwhelmingPower"],"picked":"hermit:Determination","floor":11},{"not_picked":["hermit:TrackingShot","hermit:Purgatory","hermit:Desperado"],"picked":"SKIP","floor":13},{"not_picked":["hermit:HighNoon","hermit:Purgatory"],"picked":"hermit:Roughhouse","floor":16},{"not_picked":["hermit:TrackingShot","hermit:FullyLoaded","hermit:Feint"],"picked":"SKIP","floor":18},{"not_picked":["hermit:TakeCover","hermit:HighCaliber","hermit:SprayPray"],"picked":"SKIP","floor":19},{"not_picked":["hermit:CursedWeapon","hermit:HighCaliber"],"picked":"hermit:GhostlyPresence","floor":20},{"not_picked":["hermit:Misfire","hermit:Desperado"],"picked":"hermit:Gestalt","floor":22},{"not_picked":["hermit:BigShot+1","hermit:TrackingShot"],"picked":"hermit:Coalescence+1","floor":24},{"not_picked":["hermit:Headshot","hermit:Feint"],"picked":"hermit:DeadMansHand","floor":28},{"not_picked":["hermit:LowProfile","hermit:TakeCover","hermit:CursedWeapon"],"picked":"SKIP","floor":29},{"not_picked":["hermit:Vantage","hermit:Ricochet","hermit:Desperado"],"picked":"SKIP","floor":30},{"not_picked":["hermit:Dive","hermit:WideOpen+1"],"picked":"hermit:HoleUp+1","floor":31},{"not_picked":["hermit:Desperado","hermit:Ricochet+1","hermit:LowProfile"],"picked":"SKIP","floor":35},{"not_picked":["hermit:SprayPray+1","hermit:ItchyTrigger+1"],"picked":"hermit:Snipe+1","floor":37},{"not_picked":["hermit:Roughhouse","hermit:Shortfuse+1","hermit:GoldenBullet+1"],"picked":"SKIP","floor":38},{"not_picked":["hermit:ItchyTrigger+1","hermit:HighCaliber+1","hermit:EternalForm"],"picked":"SKIP","floor":40},{"not_picked":["hermit:WideOpen+1","hermit:TakeAim+1"],"picked":"hermit:Glare+1","floor":42},{"not_picked":["hermit:BigShot+1","hermit:Scavenge","hermit:Grudge"],"picked":"SKIP","floor":45},{"not_picked":["hermit:Brawl","hermit:TrackingShot"],"picked":"hermit:ShadowCloak","floor":48},{"not_picked":["hermit:TakeAim+1","hermit:SprayPray","hermit:Ricochet+1"],"picked":"SKIP","floor":54}],"player_experience":797641,"relics_obtained":[{"floor":7,"key":"Ancient Tea Set"},{"floor":9,"key":"Pear"},{"floor":11,"key":"Vajra"},{"floor":13,"key":"Blue Candle"},{"floor":24,"key":"Eternal Feather"},{"floor":26,"key":"Letter Opener"},{"floor":30,"key":"Potion Belt"},{"floor":40,"key":"Ginger"},{"floor":42,"key":"Mercury Hourglass"},{"floor":54,"key":"Boot"}],"event_choices":[{"damage_healed":0,"gold_gain":0,"player_choice":"Relic ","damage_taken":12,"max_hp_gain":0,"max_hp_loss":0,"event_name":"betterThird:BetterScrap","floor":5,"gold_loss":0,"cards_obtained":["Heatsinks"]},{"cards_removed":["hermit:Strike_Hermit"],"damage_healed":0,"gold_gain":0,"player_choice":"Forget","damage_taken":0,"max_hp_gain":0,"max_hp_loss":0,"event_name":"Living Wall","floor":10,"gold_loss":0},{"cards_removed":["hermit:RoundhouseKick"],"damage_healed":55,"gold_gain":0,"player_choice":"Offered Rare","damage_taken":0,"max_hp_gain":10,"max_hp_loss":0,"event_name":"Bonfire Elementals","floor":14,"gold_loss":0},{"damage_healed":0,"gold_gain":0,"player_choice":"Copied","damage_taken":0,"max_hp_gain":0,"max_hp_loss":0,"event_name":"Duplicator","floor":21,"gold_loss":0,"cards_obtained":["hermit:Adapt"]},{"damage_healed":0,"gold_gain":0,"player_choice":"Upgraded","damage_taken":0,"max_hp_gain":0,"max_hp_loss":0,"event_name":"Upgrade Shrine","floor":36,"gold_loss":0,"cards_upgraded":["hermit:Determination"]},{"damage_healed":0,"gold_gain":0,"player_choice":"Upgraded Two","damage_taken":0,"max_hp_gain":0,"max_hp_loss":0,"event_name":"Designer","floor":39,"gold_loss":40,"cards_upgraded":["hermit:Defend_Hermit","hermit:Defend_Hermit"]}],"is_beta":false,"boss_relics":[{"not_picked":["SlaversCollar","Philosopher\u0027s Stone"],"picked":"Cursed Key"},{"not_picked":["Coffee Dripper","hermit:DentedPlate"],"picked":"hermit:ClaspedLocket"}],"items_purged_floors":[8,46,46],"is_endless":false,"potions_floor_spawned":[2,7,11,13,18,20,28,29,30,35,37,40,42],"killed_by":"The Heart","ascension_level":5}}