{"host":"d7qmn60fs48wu5y6","time":1608164330,"event":{"mods":["BaseMod","Downfall","Marisa????????","Minty Spire (QoL Compilation)","Shade Mod","StSLib","The Bug Knight","The Cursed","The Disciple","The Necromancer","The Servant 0.9.4"],"gold_per_floor":[115,115,75,75,75,108,30,30,56,72,85,85,85,120,120,120,120],"floor_reached":16,"playtime":1004,"items_purged":[],"score":131,"play_id":"06d60c20-c4fb-425f-af2d-ac49f593d56a","local_time":"20201216161850","is_ascension_mode":false,"campfire_choices":[{"floor":8,"key":"REST"},{"data":"HollowMod:DungDefenderAura","floor":12,"key":"SMITH"},{"data":"HollowMod:GrimmsGift","floor":15,"key":"SMITH"}],"circlet_count":0,"master_deck":["HollowMod:NailStrikeStart+1","HollowMod:NailStrikeStart+1","HollowMod:NailStrikeStart","HollowMod:NailStrikeStart","HollowMod:QuickDashStart","HollowMod:QuickDashStart","HollowMod:QuickDashStart","HollowMod:QuickDashStart","HollowMod:FocusHealStart","HollowMod:PogoStrike","HollowMod:DungDefenderAura+1","HollowMod:MawleksShell+1","HollowMod:NewJinnsSoul","HollowMod:SoulEater+1","HollowMod:NewGlowingWomb+1","HollowMod:GrimmsGift+1"],"relics":["HollowMod:VesselMask","NeowsBlessing","Frozen Egg 2","Mummified Hand","Oddly Smooth Stone","MealTicket"],"acts_visited":["Exordium"],"potions_floor_usage":[16],"damage_taken":[{"damage":0,"enemies":"Jaw Worm","floor":1,"turns":1},{"damage":0,"enemies":"Lagavulin","floor":6,"turns":1},{"damage":0,"enemies":"2 Louse","floor":10,"turns":1},{"damage":5,"enemies":"Small Slimes","floor":11,"turns":5},{"damage":12,"enemies":"HollowMod:MossKnight","floor":14,"turns":17},{"damage":78,"enemies":"Slime Boss","floor":16,"turns":14}],"seed_played":"7282308614693636036","potions_obtained":[{"floor":11,"key":"SteroidPotion"}],"is_trial":false,"path_per_floor":["M","?","$","?","?","E","$","R","T","M","M","R","?","E","R","B"],"character_chosen":"THE_BUGKNIGHT","items_purchased":["HollowMod:MawleksShell","HollowMod:SoulEater+1"],"campfire_rested":1,"item_purchase_floors":[3,7],"current_hp_per_floor":[75,80,80,80,38,38,38,62,62,62,67,67,51,51,51,0,0],"gold":120,"neow_bonus":"THREE_ENEMY_KILL","is_daily":false,"chose_seed":false,"campfire_upgraded":2,"win_rate":0.0,"timestamp":1608164330,"path_taken":["M","?","$","?","?","E","$","R","T","M","M","R","?","E","R","BOSS"],"items_purchased_type":["Card","Card"],"build_version":"2020-12-13","purchased_purges":0,"victory":false,"max_hp_per_floor":[75,80,80,80,80,80,80,80,80,80,80,80,80,80,80,80,80],"card_choices":[{"not_picked":["HollowMod:DescendingDark","HollowMod:WraithStrike"],"picked":"HollowMod:DungDefenderAura","floor":1},{"not_picked":["HollowMod:HornetsHelp","HollowMod:Hiveblood"],"picked":"HollowMod:NewJinnsSoul","floor":6},{"not_picked":["HollowMod:CycloneSlash","HollowMod:NewLittleFool"],"picked":"HollowMod:NewGlowingWomb+1","floor":10},{"not_picked":["HollowMod:ShadowDash","HollowMod:DungDefenderAura","HollowMod:PerfectDash"],"picked":"SKIP","floor":11},{"not_picked":["HollowMod:VengefulVoid","HollowMod:SharpenedNail"],"picked":"HollowMod:GrimmsGift","floor":14}],"player_experience":878361,"relics_obtained":[{"floor":6,"key":"Mummified Hand"},{"floor":9,"key":"Oddly Smooth Stone"},{"floor":14,"key":"MealTicket"}],"event_choices":[{"damage_healed":0,"gold_gain":0,"player_choice":"Donut","damage_taken":0,"max_hp_gain":5,"max_hp_loss":0,"event_name":"Big Fish","floor":2,"gold_loss":0},{"damage_healed":0,"gold_gain":0,"player_choice":"Grow","damage_taken":0,"max_hp_gain":0,"max_hp_loss":0,"event_name":"Living Wall","floor":4,"gold_loss":0,"cards_upgraded":["HollowMod:MawleksShell"]},{"damage_healed":0,"gold_gain":0,"player_choice":"Success","damage_taken":42,"relics_obtained":["Frozen Egg 2"],"max_hp_gain":0,"max_hp_loss":0,"event_name":"Scrap Ooze","floor":5,"gold_loss":0},{"damage_healed":0,"gold_gain":0,"player_choice":"Entered Light","damage_taken":16,"max_hp_gain":0,"max_hp_loss":0,"event_name":"Shining Light","floor":13,"gold_loss":0,"cards_upgraded":["HollowMod:NailStrikeStart","HollowMod:NailStrikeStart"]}],"is_beta":false,"boss_relics":[],"items_purged_floors":[],"is_endless":false,"potions_floor_spawned":[11],"killed_by":"Slime Boss","ascension_level":0}}