{"host":"oeddu058k4r8wzo0","time":1608192844,"event":{"mods":["Aspiration","BaseMod","Better Third Choice","BetterRewards","Colored Map","Colored Powertips","Conspire","Highlight Path","Hubris","Mimic Mod","Minty Spire (QoL Compilation)","Quick Restart","Replay The Spire","StSLib","Wandering Minibosses"],"gold_per_floor":[115,115,144,144,158,187,187,187,187],"floor_reached":8,"playtime":375,"items_purged":[],"score":151,"play_id":"a4d5f3eb-530a-4c8c-bcc2-7b51ea3052a8","local_time":"20201217001404","daily_mods":["Heirloom","Lethality","Uncertain Future"],"is_ascension_mode":true,"campfire_choices":[{"floor":7,"key":"REST"}],"circlet_count":0,"master_deck":["Strike_G","Strike_G","Strike_G","Strike_G","Defend_G","Defend_G","Defend_G","Defend_G","Defend_G","Neutralize","hubris:TrickCloak","m_Survivalism","Infinite Blades","conspire:PoisonWeapons"],"relics":["Unceasing Top","Replay:Arrowhead","Ancient Tea Set","hubris:TenFootPole"],"acts_visited":["Exordium"],"potions_floor_usage":[5],"damage_taken":[{"damage":3.0,"enemies":"Small Slimes","floor":1.0,"turns":3.0},{"damage":27.0,"enemies":"conspire:MimicChest","floor":3.0,"turns":5.0},{"damage":5,"enemies":"2 Louse","floor":5,"turns":4},{"damage":12,"enemies":"Lagavulin","floor":6,"turns":6},{"damage":40,"enemies":"3 Sentries","floor":8,"turns":6}],"seed_played":"1983874133683929796","potions_obtained":[{"floor":1.0,"key":"BlessingOfTheForge"},{"floor":3.0,"key":"Dexterity Potion"}],"is_trial":true,"path_per_floor":["M","?","?","?","M","E","R","E"],"character_chosen":"THE_SILENT","items_purchased":[],"campfire_rested":1,"item_purchase_floors":[],"current_hp_per_floor":[60,60,33,33,28,16,37,0,0],"gold":187,"neow_bonus":"","is_daily":false,"chose_seed":false,"campfire_upgraded":0,"win_rate":0.0,"timestamp":1608192844,"path_taken":["M","?","?","?","M","E","R","E"],"items_purchased_type":[],"build_version":"2020-12-13","purchased_purges":0,"victory":false,"max_hp_per_floor":[70,70,70,70,70,70,70,70,70],"card_choices":[{"not_picked":["Cloak And Dagger","Dagger Spray"],"picked":"hubris:TrickCloak","floor":1.0},{"not_picked":["ReplayTheSpireMod:Shiv Toss","Sucker Punch"],"picked":"Infinite Blades","floor":3.0},{"not_picked":["Deadly Poison","Backflip"],"picked":"conspire:PoisonWeapons","floor":5},{"not_picked":["Deflect","Outmaneuver","Dagger Spray"],"picked":"SKIP","floor":6}],"player_experience":1310602,"relics_obtained":[{"floor":3.0,"key":"Ancient Tea Set"},{"floor":6,"key":"hubris:TenFootPole"}],"event_choices":[{"cards_removed":["Strike_G"],"damage_healed":0.0,"max_hp_gain":0.0,"max_hp_loss":0.0,"gold_gain":0.0,"event_name":"Purifier","player_choice":"Purged","floor":4.0,"gold_loss":0.0,"damage_taken":0.0}],"is_beta":false,"boss_relics":[],"items_purged_floors":[],"is_endless":true,"potions_floor_spawned":[1,3],"killed_by":"3 Sentries","ascension_level":9}}