{"host":"6qohxdms6n72zb21","time":1608197938,"event":{"mods":["2.2 Compatiblity","Act Like it!","Ascension Reborn","BaseMod","Better Synergies","Downfall","Energized Spire","Hubris","Minty Spire (QoL Compilation)","Quick Restart","Replay The Spire","Spicy Shops","StSLib"],"gold_per_floor":[115,115,115,127,127,158,158,171,225,251,251,0,0,0,97,47,47,47,47,141,166,166,166,9,90,90,106,120,120,120,120,120,120,120,120,132,132,72,72,72,72],"floor_reached":43,"playtime":2040,"items_purged":[],"score":518,"play_id":"4430ffdd-8071-41a1-994d-04de70b86e73","local_time":"20201217043858","is_ascension_mode":true,"campfire_choices":[{"data":"Catalyst","floor":7,"key":"SMITH"},{"floor":23,"key":"REST"},{"data":"Noxious Fumes","floor":27,"key":"SMITH"},{"floor":34,"key":"REST"},{"data":"Deadly Poison","floor":42,"key":"SMITH"}],"circlet_count":0,"master_deck":["Strike_G","Strike_G","Strike_G","Strike_G","Strike_G","Defend_G","Defend_G","Defend_G","Defend_G","Defend_G","Survivor","Neutralize","Catalyst+1","Delirium","Noxious Fumes","Replay:Poison Smokescreen+1","Cloak And Dagger","Deadly Poison","Noxious Fumes+1","Strike_G","Deadly Poison+1","Poisoned Stab+1","PiercingWail","Shame","ReplayTheSpireMod:Speed Training","Bouncing Flask","Backflip+1","Delirium","ReplayTheSpireMod:Tripwire","ReplayTheSpireMod:Exploit Weakness","Poisoned Stab","Deflect+1","Deadly Poison","Decay","ReplayTheSpireMod:From All Sides","Replay:Sssssssssshield+1"],"relics":["Ring of the Snake","hubris:Teleporter","hubris:Towel","Spirit Poop","hubris:BottledRain","Anchor","Prayer Wheel","ReplayTheSpireMod:TigerMarble","Replay:Grab Bag","energizedSpire:HugeHouse","energizedSpire:EnergizedDie","hubris:HollowSoul","SlaversCollar","Strawberry","MealTicket","Bag of Marbles","WingedGreaves","Orichalcum","HornCleat","Blue Doll","WristBlade"],"acts_visited":["Exordium","TheCity","TheBeyond"],"potions_floor_usage":[6,6,6,6,10,16,16,35],"damage_taken":[{"damage":2,"enemies":"Small Slimes","floor":1,"turns":5},{"damage":5,"enemies":"2 Louse","floor":4,"turns":3},{"damage":11,"enemies":"3 Sentries","floor":6,"turns":9},{"damage":0,"enemies":"Cultist","floor":8,"turns":3},{"damage":38,"enemies":"Gremlin Nob","floor":10,"turns":5},{"damage":47,"enemies":"Fading Forest","floor":16,"turns":11},{"damage":12,"enemies":"Spheric Guardian","floor":18,"turns":5},{"damage":11,"enemies":"3 Byrds","floor":28,"turns":5},{"damage":11,"enemies":"Snake Plant","floor":29,"turns":3},{"damage":16,"enemies":"Slavers","floor":30,"turns":5},{"damage":0,"enemies":"Champ","floor":35,"turns":5},{"damage":7,"enemies":"Orb Walker","floor":37,"turns":4},{"damage":0,"enemies":"Reptomancer","floor":43,"turns":2}],"seed_played":"6522144657351572652","potions_obtained":[{"floor":1,"key":"ColorlessPotion"},{"floor":28,"key":"Venom Potion"},{"floor":29,"key":"SpeedPotion"}],"is_trial":false,"path_per_floor":["M","?","?","M","?","E","R","M","T","E","?","$","?","R","B",null,"M","?","T","?","T","R","?","$","T","R","M","M","E","PTL","PTL","?","R","B",null,"M","?","$","R","E"],"character_chosen":"THE_SILENT","items_purchased":["Noxious Fumes","ReplayTheSpireMod:TigerMarble","Orichalcum","Replay:Sssssssssshield+1"],"campfire_rested":2,"item_purchase_floors":[12,12,25,41],"current_hp_per_floor":[68,68,68,63,63,52,52,52,52,14,14,14,37,58,11,65,53,60,60,32,32,53,53,68,68,68,57,46,30,30,30,30,51,36,72,65,65,72,72,14,14],"gold":72,"neow_bonus":"ONE_RARE_RELIC","is_daily":false,"chose_seed":false,"campfire_upgraded":3,"win_rate":0.0,"timestamp":1608197938,"path_taken":["M","?","?","M","?","E","R","?","T","E","?","$","?","R","BOSS","M","?","?","?","?","R","?","$","T","R","?","M","E","PTL","PTL","?","R","BOSS","M","?","$","R","E"],"items_purchased_type":["Card","Relic","Relic","Card"],"build_version":"2020-12-13","purchased_purges":0,"victory":false,"max_hp_per_floor":[70,70,70,70,70,70,70,70,70,70,70,70,70,70,70,65,65,72,72,72,72,72,72,72,72,72,72,72,72,72,72,72,72,72,72,72,72,72,72,14,14],"card_choices":[{"not_picked":["Cloak And Dagger","ReplayTheSpireMod:The Works"],"picked":"Catalyst","floor":1},{"not_picked":["Deflect","Quick Slash"],"picked":"Noxious Fumes","floor":4},{"not_picked":["Heel Hook","Dash"],"picked":"Replay:Poison Smokescreen","floor":6},{"not_picked":["Endless Agony","Blur"],"picked":"Cloak And Dagger","floor":8},{"not_picked":["hubris:Sniper","Envenom"],"picked":"Deadly Poison","floor":10},{"not_picked":["Wraith Form v2","Atom Bomb"],"picked":"Phantasmal Killer","floor":16},{"not_picked":["Sucker Punch+1","ReplayTheSpireMod:Tripwire"],"picked":"Poisoned Stab+1","floor":18},{"not_picked":["Underhanded Strike","Finisher"],"picked":"PiercingWail","floor":18},{"not_picked":["Poisoned Stab","Sucker Punch"],"picked":"ReplayTheSpireMod:Speed Training","floor":21},{"not_picked":["Choke","hubris:SlightOfHand"],"picked":"Bouncing Flask","floor":21},{"not_picked":["Eviscerate","Outmaneuver"],"picked":"Backflip+1","floor":21},{"not_picked":["Endless Agony","All Out Attack"],"picked":"ReplayTheSpireMod:Tripwire","floor":28},{"not_picked":["Acrobatics","All Out Attack"],"picked":"ReplayTheSpireMod:Exploit Weakness","floor":28},{"not_picked":["Blade Dance","Cloak And Dagger"],"picked":"Poisoned Stab","floor":29},{"not_picked":["Distraction","Prepared"],"picked":"Deflect+1","floor":29},{"not_picked":["Prepared+1","Deflect"],"picked":"Deadly Poison","floor":30},{"not_picked":["Wraith Form v2","Unload"],"picked":"ReplayTheSpireMod:From All Sides","floor":35},{"not_picked":["Blur","Flying Knee"],"picked":"Bane+1","floor":37},{"not_picked":["Flying Knee","Eviscerate+1","ReplayTheSpireMod:Speed Training+1"],"picked":"SKIP","floor":37}],"player_experience":170118,"relics_obtained":[{"floor":6,"key":"hubris:BottledRain"},{"floor":9,"key":"Anchor"},{"floor":10,"key":"Prayer Wheel"},{"floor":20,"key":"MealTicket"},{"floor":22,"key":"Bag of Marbles"},{"floor":26,"key":"HornCleat"},{"floor":30,"key":"Blue Doll"}],"event_choices":[{"cards_removed":["Guardian:Aged"],"damage_healed":0,"gold_gain":0,"player_choice":"Offered Curse","damage_taken":0,"relics_obtained":["Spirit Poop"],"max_hp_gain":0,"max_hp_loss":0,"event_name":"Bonfire Elementals","floor":5,"gold_loss":0},{"damage_healed":0,"gold_gain":0,"player_choice":"Ignored","damage_taken":0,"max_hp_gain":0,"max_hp_loss":0,"event_name":"Golden Wing","floor":11,"gold_loss":0},{"damage_healed":23,"gold_gain":0,"player_choice":"Banana","damage_taken":0,"max_hp_gain":0,"max_hp_loss":0,"event_name":"Big Fish","floor":13,"gold_loss":0},{"damage_healed":0,"gold_gain":0,"player_choice":"Stole Relic","damage_taken":0,"relics_obtained":["Strawberry"],"max_hp_gain":0,"max_hp_loss":0,"event_name":"Addict","floor":19,"gold_loss":0,"cards_obtained":["Shame"]},{"damage_healed":0,"gold_gain":0,"player_choice":"Smashed Altar","damage_taken":0,"max_hp_gain":0,"max_hp_loss":0,"event_name":"Forgotten Altar","floor":33,"gold_loss":0,"cards_obtained":["Decay"]},{"cards_removed":["Bane"],"damage_healed":0,"gold_gain":0,"player_choice":"Removed Attack","damage_taken":0,"max_hp_gain":0,"max_hp_loss":0,"event_name":"Falling","floor":39,"gold_loss":0}],"is_beta":false,"boss_relics":[{"not_picked":["Velvet Choker","Calling Bell"],"picked":"Replay:Grab Bag"},{"not_picked":["Sozu","energizedSpire:RedRose"],"picked":"energizedSpire:HugeHouse"},{"not_picked":["Ectoplasm","energizedSpire:PogoStick"],"picked":"energizedSpire:EnergizedDie"},{"not_picked":["hubris:BlackHole","Astrolabe"],"picked":"hubris:HollowSoul"},{"not_picked":["Snecko Scales","hubris:Stopwatch"],"picked":"SlaversCollar"},{"not_picked":["hubris:CrackedHourglass","Replay:Ancient Bell"],"picked":"WristBlade"}],"items_purged_floors":[],"is_endless":false,"potions_floor_spawned":[1,28,29],"killed_by":"Reptomancer","ascension_level":0}}