{"host":"hfvpa4llnnjpeawn","time":1608169792,"event":{"mods":["2.2 Compatiblity","AchievementEnabler","Act Like it!","Aspiration","Bard","BaseMod","Beaked The Cultist","Better Skull","Better Third Choice","BetterRewards","CapriCore","Conspire","Downfall","Elementarium","Energized Spire","Hermit","Hubris","Jorbs\u0027s Wanderer Trilogy","Koishi","Lobotomy","Minty Spire (QoL Compilation)","Replay The Spire","Shade Mod","Spicy Shops","StSLib","The Bladedancer","The Factory","The Gatherer","The Jungle","Waifu the Spire","Wandering Minibosses"],"gold_per_floor":[117,117,137,12,12,43,99,118,118,147,147,82,82,99,99,203,203,121,134,134,28,28,56,56,72,72,198,221,29,29,29,29,137,137,171,171,171,95,33,33,33,33,33,82,82,82,82,113,113,25],"floor_reached":51,"playtime":3964,"items_purged":["Guardian:Aged"],"score":644,"play_id":"3669eafe-fd93-461e-95e1-bcf83f7a7065","local_time":"20201216204952","is_ascension_mode":false,"metric_token":2001,"campfire_choices":[{"floor":11.0,"key":"REST"},{"data":"hubris:EnhanceAbility","floor":13.0,"key":"SMITH"},{"data":"Gatherer:FlowerBeam","floor":15.0,"key":"SMITH"},{"data":"Gatherer:FlowerBeam+2","floor":24.0,"key":"SMITH"},{"floor":30,"key":"RECALL"},{"floor":32,"key":"REST"},{"floor":40,"key":"REST"},{"data":"Shame","floor":45,"key":"PURGE"},{"data":"Delirium","floor":47,"key":"PURGE"},{"data":"stsjorbsmod:Procrastination","floor":49,"key":"PURGE"}],"circlet_count":0,"master_deck":["Gatherer:Strike_Gatherer","Gatherer:Strike_Gatherer","Gatherer:Strike_Gatherer","Gatherer:Strike_Gatherer","Gatherer:Strike_Gatherer","Gatherer:Defend_Gatherer","Gatherer:Defend_Gatherer","Gatherer:Defend_Gatherer","Gatherer:Defend_Gatherer","Gatherer:Defend_Gatherer","Gatherer:Convert","Neutralize","Venomology","Gatherer:EnergyBasket","Tactician","Gatherer:MindSearch","Gatherer:Duality","Gatherer:MiningStrike","Gatherer:BigPouch","Gatherer:SealedBomb","Metamorphosis","Secret Technique","hubris:EnhanceAbility+1","Gatherer:FlowerBeam+3","Gatherer:PoisonMastery","Gatherer:VenomBarrier","Gatherer:RecoveryHerb+1","Gatherer:Pollute+1","ReplayTheSpireMod:IOU","Gatherer:FlowerFalling","Caltrops+1","bard:FaerieFire+1","Guardian:ShieldCharger","stsjorbsmod:DrainLife","hermit:Glare","ReplayTheSpireMod:IOU","hexamod:ThermalTransfer+1"],"relics":["Gatherer:AlchemyBag","NeowsBlessing","ReplayTheSpireMod:CursedCoin","Replay:Wax Seal","Pen Nib","aspiration:StickyExplosives_weak","hubris:Spice","Peace Pipe","Bronze Scales","ReplayTheSpireMod:ShopPack","energizedSpire:EnergizedDie","PrismaticShard","BargainBundle","Replay:Mystery Machine","Replay:Bandana","hubris:GlazedTorus","Replay:Accelerometer","Vajra","Juzu Bracelet","Busted Crown","hubris:BundleOfHerbs","hubris:Potato","Onion Ring","aspiration:EmptySkull","Ring of Chaos","Ring of Misfortune"],"acts_visited":["Exordium","TheCity","TheBeyond"],"potions_floor_usage":[50,50,50],"damage_taken":[{"damage":0.0,"enemies":"Jaw Worm","floor":1.0,"turns":1.0},{"damage":0.0,"enemies":"2 Louse","floor":3.0,"turns":1.0},{"damage":0.0,"enemies":"Lagavulin","floor":6.0,"turns":1.0},{"damage":23.0,"enemies":"3 Sentries","floor":7.0,"turns":10.0},{"damage":2.0,"enemies":"Small Slimes","floor":8.0,"turns":3.0},{"damage":18.0,"enemies":"3 Sentries","floor":10.0,"turns":5.0},{"damage":0.0,"enemies":"2 Fungi Beasts","floor":14.0,"turns":2.0},{"damage":3.0,"enemies":"Hexaghost","floor":16.0,"turns":4.0},{"damage":0.0,"enemies":"conspire:FuzzyDice","floor":18.0,"turns":4.0},{"damage":0.0,"enemies":"Shell Parasite","floor":19.0,"turns":3.0},{"damage":19.0,"enemies":"Slavers","floor":23.0,"turns":3.0},{"damage":0.0,"enemies":"Cultist and Chosen","floor":25.0,"turns":2.0},{"damage":5.0,"enemies":"Colosseum Slavers","floor":27.0,"turns":3.0},{"damage":22.0,"enemies":"Colosseum Nobs","floor":27.0,"turns":4.0},{"damage":2,"enemies":"Sentry and Sphere","floor":28,"turns":4},{"damage":33,"enemies":"Collector","floor":33,"turns":7},{"damage":8,"enemies":"3 Shapes","floor":35,"turns":3},{"damage":18,"enemies":"Orb Walker","floor":38,"turns":4},{"damage":1,"enemies":"Transient","floor":41,"turns":5},{"damage":12,"enemies":"conspire:MimicChest","floor":44,"turns":5},{"damage":0,"enemies":"3 Darklings","floor":48,"turns":2},{"damage":34,"enemies":"Replay:Hell Engine","floor":50,"turns":7}],"seed_played":"-3027181549821030761","potions_obtained":[{"floor":6.0,"key":"sneckomod:MuddlingPotion"},{"floor":8.0,"key":"Block Potion"},{"floor":10.0,"key":"EntropicBrew"},{"floor":16.0,"key":"BloodPotion"},{"floor":18.0,"key":"Explosive Potion"},{"floor":23.0,"key":"SkillPotion"},{"floor":25.0,"key":"GamblersBrew"},{"floor":48,"key":"Strength Potion"}],"is_trial":false,"path_per_floor":["M","?","M","$","?","E","?","M","T","E","R","$","R","M","R","B",null,"M","M","?","$","?","E","R","M","T","?","M","$","R","?","R","B",null,"M","?","T","M","$","R","M","?","T","?","R","?","R","M","R","B",null],"character_chosen":"THE_GATHERER","items_purchased":["ReplayTheSpireMod:CursedCoin","Replay:Wax Seal","Pen Nib","Gatherer:SealedBomb","ReplayTheSpireMod:ShopPack","BargainBundle","Fire Potion","Gatherer:FlowerFalling","Vajra","Juzu Bracelet","Onion Ring"],"campfire_rested":3,"item_purchase_floors":[4,4,4,12,12,21,21,21,29,29,39],"current_hp_per_floor":[72,72,72,72,67,67,44,42,42,24,48,48,64,64,64,61,80,80,80,72,72,72,53,53,69,69,44,42,42,42,42,66,36,80,72,40,40,58,58,85,91,94,102,92,92,92,92,94,94,94],"gold":25,"neow_bonus":"THREE_ENEMY_KILL","is_daily":false,"chose_seed":false,"campfire_upgraded":3,"win_rate":0.0,"timestamp":1608169792,"path_taken":["M","?","M","$","?","E","?","M","T","E","R","$","R","M","R","BOSS","M","M","?","$","?","E","R","?","T","?","M","$","R","?","R","BOSS","M","?","?","M","$","R","M","?","T","?","R","?","R","M","R","BOSS"],"items_purchased_type":["Relic","Relic","Relic","Card","Relic","Relic","Potion","Card","Relic","Relic","Relic"],"build_version":"2020-12-13","purchased_purges":1,"victory":true,"max_hp_per_floor":[72,72,72,72,80,80,80,80,80,80,80,80,80,80,80,80,80,80,80,80,80,80,80,80,80,80,80,80,80,80,80,80,80,80,80,80,80,93,93,93,93,96,104,104,104,104,104,104,104,104],"card_choices":[{"not_picked":["Gatherer:CollectorsShot","Gatherer:Nutrients"],"picked":"Gatherer:Convert","floor":1.0},{"not_picked":["Gatherer:CollectorsShot","Gatherer:Snatch"],"picked":"Gatherer:EnergyBasket","floor":3.0},{"not_picked":["Gatherer:Snatch","Gatherer:CollectorsShot"],"picked":"Gatherer:MindSearch","floor":6.0},{"not_picked":["Gatherer:ScherryThrow","Gatherer:FeelingFine"],"picked":"Gatherer:Duality","floor":7.0},{"not_picked":["Gatherer:Photoscythe","Gatherer:AromaProtection"],"picked":"Gatherer:MiningStrike","floor":8.0},{"not_picked":["Gatherer:WoolGloves","Gatherer:Snatch"],"picked":"Gatherer:BigPouch","floor":10.0},{"not_picked":["The Bomb","Violence"],"picked":"Metamorphosis","floor":12.0},{"not_picked":["hubris:Ssssneak","Survey Options"],"picked":"Secret Technique","floor":12.0},{"not_picked":["expansioncontent:Hexaburn","Replay:BasicMightCard"],"picked":"hubris:EnhanceAbility","floor":12.0},{"not_picked":["Gatherer:Convert","Gatherer:PotentialSlash"],"picked":"Gatherer:FlowerBeam","floor":14.0},{"not_picked":["Gatherer:MindSearch","Gatherer:Overflowing"],"picked":"Gatherer:PoisonMastery","floor":16.0},{"not_picked":["Gatherer:Nutrients","Gatherer:TreeGrowth+1"],"picked":"Gatherer:VenomBarrier","floor":18.0},{"not_picked":["Gatherer:AcidicSpray","Gatherer:Herbalism"],"picked":"Gatherer:RecoveryHerb+1","floor":19.0},{"not_picked":["Gatherer:FlowerShield","Gatherer:QuickSynthesis+1"],"picked":"Gatherer:Pollute+1","floor":20.0},{"not_picked":["Shade:AuraOfUnlife+1","Cloak And Dagger"],"picked":"Caltrops+1","floor":23.0},{"not_picked":["beaked:Redirect","Headbutt","hermit:ShadowCloak"],"picked":"SKIP","floor":25.0},{"not_picked":["Shade:Doomsay","blademaster:OneTrickPony"],"picked":"bard:FaerieFire+1","floor":27.0},{"not_picked":["blademaster:Quickstep+1","blademaster:ParryingStrike"],"picked":"Guardian:ShieldCharger","floor":28},{"not_picked":["Shade:MadHubris","champ:StrikeOfGenius"],"picked":"stsjorbsmod:DrainLife","floor":33},{"not_picked":["sneckomod:QuickBite+1"],"picked":"SKIP","floor":35},{"not_picked":[],"picked":"hermit:Glare","floor":36},{"not_picked":["stsjorbsmod:DoubleCheck+1"],"picked":"SKIP","floor":38},{"not_picked":["Gatherer:ScherryThrow"],"picked":"SKIP","floor":41},{"not_picked":[],"picked":"hexamod:ThermalTransfer+1","floor":48}],"player_experience":237069,"relics_obtained":[{"floor":6.0,"key":"Peace Pipe"},{"floor":10.0,"key":"Bronze Scales"},{"floor":20.0,"key":"PrismaticShard"},{"floor":23.0,"key":"Replay:Mystery Machine"},{"floor":26.0,"key":"Replay:Bandana"},{"floor":27.0,"key":"hubris:GlazedTorus"},{"floor":27.0,"key":"Replay:Accelerometer"},{"floor":36,"key":"hubris:BundleOfHerbs"},{"floor":37,"key":"hubris:Potato"},{"floor":43,"key":"hubris:Spice"},{"floor":44,"key":"aspiration:EmptySkull"},{"floor":46,"key":"Ring of Chaos"},{"floor":46,"key":"Ring of Misfortune"}],"event_choices":[{"damage_healed":0.0,"max_hp_gain":0.0,"max_hp_loss":0.0,"gold_gain":1.0,"event_name":"betterThird:BetterScrap","player_choice":"Card Relic Relic ","floor":5.0,"gold_loss":0.0,"damage_taken":13.0,"cards_obtained":["Tactician","Establishment"]},{"damage_healed":0.0,"max_hp_gain":0.0,"max_hp_loss":0.0,"gold_gain":0.0,"event_name":"Dead Adventurer","player_choice":"Searched \u00271\u0027 times","floor":7.0,"gold_loss":0.0,"damage_taken":0.0},{"damage_healed":0.0,"max_hp_gain":0.0,"max_hp_loss":0.0,"gold_gain":0.0,"event_name":"Upgrade Shrine","player_choice":"Upgraded","floor":22.0,"gold_loss":0.0,"damage_taken":0.0,"cards_upgraded":["Gatherer:FlowerBeam"]},{"damage_healed":0.0,"max_hp_gain":0.0,"max_hp_loss":0.0,"gold_gain":0.0,"event_name":"Colosseum","player_choice":"Fight","floor":27.0,"gold_loss":0.0,"damage_taken":0.0},{"damage_healed":0.0,"max_hp_gain":0.0,"max_hp_loss":0.0,"gold_gain":0.0,"event_name":"Colosseum","player_choice":"Fought Nobs","floor":27.0,"gold_loss":0.0,"damage_taken":0.0}],"is_beta":false,"boss_relics":[{"not_picked":["Sozu","energizedSpire:RedRose"],"picked":"energizedSpire:EnergizedDie"},{"not_picked":["energizedSpire:StickyHand","energizedSpire:MagnifyingGlass"],"picked":"Busted Crown"}],"items_purged_floors":[4],"is_endless":false,"potions_floor_spawned":[6,8,10,16,18,23,25,38,48],"ascension_level":0}}