{"host":"kpyoctgc7jne3jiy","time":1608190162,"event":{"mods":["AchievementEnabler","BaseMod","Minty Spire (QoL Compilation)"],"gold_per_floor":[114,87,87,162,112,142,107,122,122,137,167,167,167,17,17,17,17],"floor_reached":16,"playtime":524,"items_purged":[],"score":156,"play_id":"bab7d6d3-ee5d-4aa6-bf04-5953b6e01664","local_time":"20201217082922","daily_mods":["Specialized","Flight","Lethality"],"is_ascension_mode":false,"campfire_choices":[{"data":"Cold Snap","floor":12,"key":"SMITH"},{"data":"White Noise","floor":15,"key":"SMITH"}],"circlet_count":0,"master_deck":["Strike_B","Strike_B","Strike_B","Strike_B","Defend_B","Defend_B","Defend_B","Defend_B","Zap+1","Dualcast","White Noise","White Noise","White Noise+1","White Noise","White Noise","Self Repair","Stack","Leap","Cold Snap+1","Streamline"],"relics":["Cracked Core","Strawberry","Pear","Bottled Flame","Pantograph","Vajra"],"acts_visited":["Exordium"],"potions_floor_usage":[16,16,16],"damage_taken":[{"damage":11,"enemies":"Cultist","floor":1,"turns":4},{"damage":16,"enemies":"3 Sentries","floor":6,"turns":3},{"damage":0,"enemies":"2 Louse","floor":8,"turns":2},{"damage":10,"enemies":"Jaw Worm","floor":10,"turns":3},{"damage":36,"enemies":"Gremlin Nob","floor":11,"turns":4},{"damage":58,"enemies":"Hexaghost","floor":16,"turns":9}],"seed_played":"-4230686447748436371","potions_obtained":[{"floor":8,"key":"Dexterity Potion"},{"floor":10,"key":"PotionOfCapacity"}],"is_trial":false,"path_per_floor":["M","$","?","?","$","E","?","M","T","M","E","R","?","$","R","B"],"character_chosen":"DEFECT","items_purchased":["Stack","Block Potion","Vajra"],"campfire_rested":0,"item_purchase_floors":[2,5,14],"current_hp_per_floor":[64,64,64,53,53,58,78,78,88,85,56,56,31,31,31,0,0],"gold":17,"neow_bonus":"","is_daily":true,"chose_seed":false,"campfire_upgraded":2,"win_rate":0.0,"timestamp":1608190162,"path_taken":["M","$","?","?","?","E","?","M","T","M","E","R","?","$","R","BOSS"],"items_purchased_type":["Card","Potion","Relic"],"build_version":"2020-12-13","purchased_purges":0,"victory":false,"max_hp_per_floor":[75,75,75,75,75,82,82,82,92,92,92,92,92,92,92,92,92],"card_choices":[{"not_picked":["Redo","Ball Lightning"],"picked":"Self Repair","floor":1},{"not_picked":["Darkness","Lockon"],"picked":"Leap","floor":6},{"not_picked":["Rebound","Conserve Battery"],"picked":"Cold Snap","floor":8},{"not_picked":["Undo","Stack"],"picked":"Streamline","floor":10},{"not_picked":["Tempest","Self Repair","Recycle"],"picked":"SKIP","floor":11}],"player_experience":207950,"relics_obtained":[{"floor":6,"key":"Strawberry"},{"floor":9,"key":"Pear"},{"floor":11,"key":"Bottled Flame"}],"event_choices":[{"damage_healed":0,"gold_gain":0,"player_choice":"Grow","damage_taken":0,"max_hp_gain":0,"max_hp_loss":0,"event_name":"Living Wall","floor":3,"gold_loss":0,"cards_upgraded":["Zap"]},{"damage_healed":0,"gold_gain":75,"player_choice":"Gather Gold","damage_taken":11,"max_hp_gain":0,"max_hp_loss":0,"event_name":"World of Goop","floor":4,"gold_loss":0},{"damage_healed":20,"gold_gain":0,"player_choice":"Healed","damage_taken":0,"max_hp_gain":0,"max_hp_loss":0,"event_name":"The Cleric","floor":7,"gold_loss":35},{"damage_healed":0,"gold_gain":0,"player_choice":"Success","damage_taken":25,"relics_obtained":["Pantograph"],"max_hp_gain":0,"max_hp_loss":0,"event_name":"Scrap Ooze","floor":13,"gold_loss":0}],"is_beta":false,"boss_relics":[],"items_purged_floors":[],"is_endless":false,"potions_floor_spawned":[8,10],"killed_by":"Hexaghost","ascension_level":0}}