{"host":"vd5put2n5b3t1prw","time":1608184418,"event":{"mods":["2.2 Compatiblity","AchievementEnabler","BaseMod","Better Altar","Better Match","Better Note","Better Sensory Stone","Better Silent Start","Better Skull","Better Third Choice","Better Vampires","Better-Laid Plans","BetterRewards","Block Reminder","Card Forge","Colored Map","Custom Start","Downfall","Emptier Cage","Marked Mod","Minty Spire (QoL Compilation)","Quick Restart","Random Character Button","Relic Stats","Reorder Act Four","Spicy Shops","StSLib","Transform Curses","Waifu the Spire"],"gold_per_floor":[116,131,131,144,120,120,120],"floor_reached":6,"playtime":340,"items_purged":[],"score":47,"play_id":"31170c42-83f4-4b4b-8485-3689a0a0cb6e","local_time":"20201216235338","is_ascension_mode":true,"campfire_choices":[],"circlet_count":0,"master_deck":["Strike_P","Strike_P","Strike_P","Defend_P","Defend_P","Defend_P+1","Defend_P","Protect+1","Indignation","InnerPeace","hexamod:SixthSeal","Protect","MarkedMod:FirstStrike"],"relics":["PureWater","Hammer of Thor","Seething Fire","Anvil of the Gods","NeowsBlessing","betterThird:SlimedRelic"],"acts_visited":["Exordium"],"potions_floor_usage":[],"damage_taken":[{"damage":0,"enemies":"Small Slimes","floor":1,"turns":1},{"damage":0,"enemies":"Jaw Worm","floor":2,"turns":1},{"damage":0,"enemies":"2 Louse","floor":4,"turns":2},{"damage":18,"enemies":"3 Sentries","floor":6,"turns":5}],"seed_played":"-5818702188803452196","potions_obtained":[],"is_trial":false,"path_per_floor":["M","M","?","M","?","E"],"character_chosen":"WATCHER","items_purchased":[],"campfire_rested":0,"item_purchase_floors":[],"current_hp_per_floor":[65,65,58,58,47,29,29],"gold":120,"neow_bonus":"THREE_ENEMY_KILL","is_daily":false,"chose_seed":false,"campfire_upgraded":0,"win_rate":0.0,"timestamp":1608184418,"path_taken":["M","M","?","M","?","E"],"items_purchased_type":[],"build_version":"2020-12-13","purchased_purges":0,"victory":false,"max_hp_per_floor":[72,72,72,72,72,72,72],"relic_stats":{"counters":[148,535],"obtain_stats":[{"Tiny House":17,"Gremlin Horn":6,"Vajra":0,"Hammer of Thor":0,"Ginger":7,"Whetstone":19,"Boot":54,"Sling":29,"Old Coin":8,"Blood Vial":10,"Lizard Tail":8,"Centennial Puzzle":43,"Sundial":9,"DollysMirror":22,"MealTicket":41,"Fusion Hammer":17,"HandDrill":19,"Kunai":19,"Pear":6,"Happy Flower":27,"Oddly Smooth Stone":43,"Pen Nib":30,"Letter Opener":11,"War Paint":34,"Question Card":0,"Du-Vu Doll":54,"OrangePellets":19,"SlaversCollar":34,"Anvil of the Gods":0,"Shuriken":13,"MutagenicStrength":29,"Bird Faced Urn":0,"Bronze Scales":48,"Molten Egg 2":9,"Pandora\u0027s Box":34,"Nloth\u0027s Gift":30,"Black Star":34,"Unceasing Top":36,"NlothsMask":19,"Meat on the Bone":45,"Darkstone Periapt":25,"Lantern":6,"Singing Bowl":0,"Torii":25,"SacredBark":17,"StoneCalendar":0,"Yang":0,"Bag of Preparation":20,"Juzu Bracelet":23,"CloakClasp":0,"Incense Burner":0,"TeardropLocket":53,"Ancient Tea Set":26,"Smiling Mask":45,"Empty Cage":34,"Frozen Eye":0,"Dream Catcher":11,"Matryoshka":25,"TheAbacus":0,"Shovel":46,"Mummified Hand":0,"Gambling Chip":37,"Toolbox":52,"Chemical X":0,"InkBottle":34,"Runic Pyramid":17,"Potion Belt":14,"NeowsBlessing":0,"Golden Idol":3,"Damaru":11,"Thread and Needle":4,"PreservedInsect":0,"The Courier":43,"Omamori":27,"Seething Fire":0,"Frozen Egg 2":37,"Orichalcum":45,"GoldenEye":14,"Mercury Hourglass":48,"Calling Bell":34,"CaptainsWheel":11,"Anchor":54,"Ornamental Fan":43,"betterThird:SlimedRelic":5,"Orrery":4,"Art of War":43,"Membership Card":45,"Bottled Lightning":41,"PureWater":0,"FossilizedHelix":5,"TungstenRod":34,"Toy Ornithopter":24},{"Tiny House":65,"Gremlin Horn":115,"Vajra":81,"Hammer of Thor":0,"Ginger":32,"Whetstone":36,"Boot":27,"Sling":41,"Old Coin":33,"Blood Vial":7,"Lizard Tail":6,"Centennial Puzzle":75,"Sundial":33,"DollysMirror":94,"MealTicket":49,"Fusion Hammer":120,"HandDrill":36,"Kunai":36,"Pear":4,"Happy Flower":15,"Oddly Smooth Stone":50,"Pen Nib":42,"Letter Opener":33,"War Paint":71,"Question Card":28,"Du-Vu Doll":80,"OrangePellets":36,"SlaversCollar":44,"Anvil of the Gods":0,"Shuriken":34,"MutagenicStrength":69,"Bird Faced Urn":81,"Bronze Scales":107,"Molten Egg 2":6,"Pandora\u0027s Box":18,"Nloth\u0027s Gift":69,"Black Star":100,"Unceasing Top":20,"NlothsMask":11,"Meat on the Bone":105,"Darkstone Periapt":15,"Lantern":32,"Singing Bowl":55,"Torii":69,"SacredBark":10,"StoneCalendar":28,"Yang":55,"Bag of Preparation":66,"Juzu Bracelet":68,"CloakClasp":110,"Incense Burner":141,"TeardropLocket":139,"Ancient Tea Set":40,"Smiling Mask":51,"Empty Cage":130,"Frozen Eye":28,"Dream Catcher":33,"Matryoshka":40,"TheAbacus":81,"Shovel":138,"Mummified Hand":28,"Gambling Chip":133,"Toolbox":53,"Chemical X":141,"InkBottle":71,"Runic Pyramid":91,"Potion Belt":64,"NeowsBlessing":144,"Golden Idol":30,"Damaru":33,"Thread and Needle":3,"PreservedInsect":55,"The Courier":104,"Omamori":41,"Seething Fire":0,"Frozen Egg 2":46,"Orichalcum":105,"GoldenEye":34,"Mercury Hourglass":107,"Calling Bell":71,"CaptainsWheel":33,"Anchor":54,"Ornamental Fan":22,"betterThird:SlimedRelic":147,"Orrery":84,"Art of War":50,"Membership Card":23,"Bottled Lightning":75,"PureWater":0,"FossilizedHelix":31,"TungstenRod":71,"Toy Ornithopter":125},{"Tiny House":245,"Gremlin Horn":429,"Vajra":304,"Hammer of Thor":0,"Ginger":136,"Whetstone":146,"Boot":117,"Sling":160,"Old Coin":139,"Blood Vial":18,"Lizard Tail":15,"Centennial Puzzle":279,"Sundial":139,"DollysMirror":349,"MealTicket":188,"Fusion Hammer":440,"HandDrill":146,"Kunai":146,"Pear":9,"Happy Flower":56,"Oddly Smooth Stone":190,"Pen Nib":163,"Letter Opener":139,"War Paint":266,"Question Card":126,"Du-Vu Doll":297,"OrangePellets":146,"SlaversCollar":171,"Anvil of the Gods":0,"Shuriken":141,"MutagenicStrength":259,"Bird Faced Urn":304,"Bronze Scales":392,"Molten Egg 2":15,"Pandora\u0027s Box":72,"Nloth\u0027s Gift":259,"Black Star":370,"Unceasing Top":80,"NlothsMask":39,"Meat on the Bone":385,"Darkstone Periapt":56,"Lantern":136,"Singing Bowl":213,"Torii":259,"SacredBark":34,"StoneCalendar":126,"Yang":213,"Bag of Preparation":250,"Juzu Bracelet":256,"CloakClasp":413,"Incense Burner":510,"TeardropLocket":502,"Ancient Tea Set":157,"Smiling Mask":195,"Empty Cage":469,"Frozen Eye":126,"Dream Catcher":139,"Matryoshka":157,"TheAbacus":304,"Shovel":498,"Mummified Hand":126,"Gambling Chip":478,"Toolbox":205,"Chemical X":510,"InkBottle":266,"Runic Pyramid":339,"Potion Belt":241,"NeowsBlessing":527,"Golden Idol":131,"Damaru":139,"Thread and Needle":6,"PreservedInsect":213,"The Courier":382,"Omamori":160,"Seething Fire":0,"Frozen Egg 2":178,"Orichalcum":385,"GoldenEye":141,"Mercury Hourglass":392,"Calling Bell":266,"CaptainsWheel":139,"Anchor":208,"Ornamental Fan":88,"betterThird:SlimedRelic":531,"Orrery":313,"Art of War":190,"Membership Card":91,"Bottled Lightning":279,"PureWater":0,"FossilizedHelix":133,"TungstenRod":266,"Toy Ornithopter":452}]},"card_choices":[{"not_picked":["Prostrate","Halt"],"picked":"Protect","floor":1},{"not_picked":["MarkedMod:GentlePulse","Halt"],"picked":"Protect","floor":2},{"not_picked":["Crescendo","Halt"],"picked":"MarkedMod:FirstStrike","floor":4}],"player_experience":236922,"relics_obtained":[],"event_choices":[{"cards_removed":["Strike_P"],"damage_healed":0,"gold_gain":0,"player_choice":"Card Removal","damage_taken":7,"max_hp_gain":0,"max_hp_loss":0,"event_name":"Golden Wing","floor":3,"gold_loss":0},{"damage_healed":0,"gold_gain":0,"player_choice":"Slimed","damage_taken":11,"max_hp_gain":0,"max_hp_loss":0,"event_name":"betterThird:BetterGoop","floor":5,"gold_loss":24}],"is_beta":false,"boss_relics":[],"items_purged_floors":[],"is_endless":false,"potions_floor_spawned":[],"killed_by":"3 Sentries","ascension_level":6}}