{"host":"4a0j9lay3ec96yoz","time":1608225244,"event":{"mods":["BaseMod","Marisa????????","Minty Spire (QoL Compilation)","Shop Mod","StSLib","The Cursed","The Necromancer","The Runesmith","The Servant 0.9.4"],"gold_per_floor":[116,128,128,142,96,96,161,176,176,187,5,24,24,24,24,121,121,111,26,26,26,26,26,40,66,66,79,7,26,26,41,41,41,41],"floor_reached":33,"playtime":2478,"items_purged":[],"score":282,"play_id":"2fce815a-959b-44c3-b2a0-705502c5e492","local_time":"20201217121404","is_ascension_mode":false,"campfire_choices":[{"data":"Negative_Energy_Javelin","floor":6,"key":"SMITH"},{"floor":15,"key":"REST"},{"data":"Spectral_Armor","floor":23,"key":"SMITH"},{"floor":32,"key":"REST"}],"circlet_count":0,"master_deck":["Strike_W","Strike_W","Strike_W","Strike_W","Defend_W","Defend_W","Defend_W","Defend_W","Negative_Energy_Arrows","Bone_Wall","Finger_Of_Death","Negative_Energy_Javelin+1","Death_Knell","Bone_Spikes","Spectral_Armor+1","Summon_Vampire_Lady+1","Pandemic+1","Blood_Whip+1","Violent_Necrosis+1","Bone_Bullets+1","Vampiric_Strike","Plague_Bolt+1","Corrupt+1","Finger_Of_Death+1"],"relics":["Vampire_Amulet","NeowsBlessing","InkBottle","Strawberry","Astrolabe","Runesmith:Nanobots","Ice Cream","Toxic Egg 2"],"acts_visited":["Exordium","TheCity"],"potions_floor_usage":[7,7,16,25,27,29,33],"damage_taken":[{"damage":0,"enemies":"2 Louse","floor":1,"turns":1},{"damage":0,"enemies":"Jaw Worm","floor":2,"turns":1},{"damage":0,"enemies":"Small Slimes","floor":4,"turns":1},{"damage":52,"enemies":"Lagavulin Event","floor":7,"turns":9},{"damage":6,"enemies":"Blue Slaver","floor":8,"turns":4},{"damage":6,"enemies":"3 Louse","floor":10,"turns":3},{"damage":8,"enemies":"2 Fungi Beasts","floor":12,"turns":4},{"damage":55,"enemies":"Slime Boss","floor":16,"turns":12},{"damage":19,"enemies":"2 Thieves","floor":18,"turns":4},{"damage":27,"enemies":"Shell Parasite","floor":24,"turns":6},{"damage":46,"enemies":"Gremlin Leader","floor":25,"turns":12},{"damage":57,"enemies":"Sentry and Sphere","floor":27,"turns":8},{"damage":28,"enemies":"Chosen and Byrds","floor":29,"turns":7},{"damage":20,"enemies":"Snake Plant","floor":31,"turns":4},{"damage":73,"enemies":"Automaton","floor":33,"turns":8}],"seed_played":"-450690192397016172","potions_obtained":[{"floor":1,"key":"Explosive Potion"},{"floor":4,"key":"Ancient Potion"},{"floor":12,"key":"SteroidPotion"},{"floor":18,"key":"Ancient Potion"},{"floor":25,"key":"LiquidMemories"},{"floor":27,"key":"ColorlessPotion"}],"is_trial":false,"path_per_floor":["M","M","?","M","?","R","?","M","T","M","$","M","?","?","R","B",null,"M","?","$","?","?","R","M","E","T","M","$","M","?","M","R","B"],"character_chosen":"NECROMANCER","items_purchased":["Summon_Vampire_Lady","Bone_Shift","DuplicationPotion"],"campfire_rested":2,"item_purchase_floors":[11,11,28],"current_hp_per_floor":[75,75,75,75,75,75,25,21,28,28,28,33,33,33,57,40,82,65,65,65,65,92,92,79,81,81,49,49,37,37,28,55,0,0],"gold":41,"neow_bonus":"THREE_ENEMY_KILL","is_daily":false,"chose_seed":false,"campfire_upgraded":2,"win_rate":0.0,"timestamp":1608225244,"path_taken":["M","M","?","M","?","R","?","M","T","M","?","M","?","?","R","BOSS","M","?","$","?","?","R","?","E","T","M","?","?","?","M","R","BOSS"],"items_purchased_type":["Card","Card","Potion"],"build_version":"2020-12-13","purchased_purges":0,"victory":false,"max_hp_per_floor":[75,75,75,75,75,75,75,75,82,82,82,82,82,82,82,82,82,82,82,82,82,92,92,92,92,92,92,92,92,92,92,92,92,92],"card_choices":[{"not_picked":["Negative_Energy_Burst","Negative_Energy_Javelin"],"picked":"Finger_Of_Death","floor":1},{"not_picked":["Finger_Of_Death","Death_Coil"],"picked":"Shade_Step","floor":2},{"not_picked":["Chill_Blood","Negative_Energy_Shield"],"picked":"Negative_Energy_Javelin","floor":4},{"not_picked":["Bone_Shift","Death_Coil"],"picked":"Death_Knell","floor":7},{"not_picked":["Bone_Bullets","Deaths_Shadow"],"picked":"Bone_Spikes","floor":8},{"not_picked":["Negative_Energy_Shield","Toxic_Smoke_Screen"],"picked":"Spectral_Armor","floor":10},{"not_picked":["Negative_Energy_Shield","Chill_Blood"],"picked":"Spectral_Walk","floor":12},{"not_picked":["Blood_Wake","Hellfire"],"picked":"Skeleton_Dragon","floor":16},{"not_picked":["Blood_Curse","Chill_Blood"],"picked":"Bone_Bullets+1","floor":18},{"not_picked":["Negative_Energy_Sphere","Consume_Illness"],"picked":"Vampiric_Strike","floor":24},{"not_picked":["Blood_for_Blood+1","Consume_Illness+1"],"picked":"Plague_Bolt+1","floor":25},{"not_picked":["Blood_Shield+1","Bones_to_Steel+1"],"picked":"Corrupt+1","floor":27},{"not_picked":["Spectral_Walk+1","Death_Coil"],"picked":"Chill_Blood+1","floor":29},{"not_picked":["Negative_Energy_Shield+1","Death_Coil"],"picked":"Finger_Of_Death+1","floor":31}],"player_experience":4986,"relics_obtained":[{"floor":9,"key":"Strawberry"},{"floor":25,"key":"Ice Cream"},{"floor":26,"key":"Toxic Egg 2"}],"event_choices":[{"damage_healed":0,"gold_gain":0,"player_choice":"Leave","damage_taken":0,"max_hp_gain":0,"max_hp_loss":0,"event_name":"The Cleric","floor":3,"gold_loss":0},{"damage_healed":0,"gold_gain":0,"player_choice":"Left Gold","damage_taken":0,"max_hp_gain":0,"max_hp_loss":0,"event_name":"World of Goop","floor":5,"gold_loss":46},{"damage_healed":0,"gold_gain":0,"player_choice":"Searched \u00272\u0027 times","damage_taken":0,"relics_obtained":["InkBottle"],"max_hp_gain":0,"max_hp_loss":0,"event_name":"Dead Adventurer","floor":7,"gold_loss":0},{"damage_healed":0,"gold_gain":0,"player_choice":"Ignored","damage_taken":0,"max_hp_gain":0,"max_hp_loss":0,"event_name":"Golden Idol","floor":13,"gold_loss":0},{"damage_healed":0,"gold_gain":0,"player_choice":"Grow","damage_taken":0,"max_hp_gain":0,"max_hp_loss":0,"event_name":"Living Wall","floor":14,"gold_loss":0,"cards_upgraded":["Summon_Vampire_Lady"]},{"damage_healed":0,"gold_gain":0,"player_choice":"Obtained Relic","damage_taken":0,"relics_obtained":["Runesmith:Nanobots"],"max_hp_gain":0,"max_hp_loss":0,"event_name":"Addict","floor":19,"gold_loss":85},{"damage_healed":0,"gold_gain":0,"player_choice":"Ignored","damage_taken":0,"max_hp_gain":0,"max_hp_loss":0,"event_name":"The Mausoleum","floor":21,"gold_loss":0},{"cards_removed":["Skeleton_Dragon"],"damage_healed":17,"gold_gain":0,"player_choice":"Offered Rare","damage_taken":0,"max_hp_gain":10,"max_hp_loss":0,"event_name":"Bonfire Elementals","floor":22,"gold_loss":0},{"cards_removed":["Chill_Blood"],"damage_healed":0,"gold_gain":0,"player_choice":"Purged","damage_taken":0,"max_hp_gain":0,"max_hp_loss":0,"event_name":"Purifier","floor":30,"gold_loss":0}],"is_beta":false,"boss_relics":[{"not_picked":["Cursed Key","Philosopher\u0027s Stone"],"picked":"Astrolabe"}],"items_purged_floors":[],"is_endless":false,"potions_floor_spawned":[1,4,12,18,25,27],"killed_by":"Automaton","ascension_level":0}}