{"host":"2hea6pl5vmah38iy","time":1608197387,"event":{"mods":["AchievementEnabler","BaseMod","Colored Map","DeckTracker","Keyboard Shortcuts","Minty Spire (QoL Compilation)","Rare Cards Sparkle","StSLib","SuperFastMode","everything is the same but u backflip on backflip"],"gold_per_floor":[115,115,39,114,46,78,78,78,103,133,58,70,105,5,5,79,79,96,146,46,58,69,69,69,69,69,69,88,102,129,140,140,215,215,231,256,273,273,273,273,88,116,141,173,33,33,33,86,86,86],"floor_reached":51,"playtime":3066,"items_purged":["Strike_P","Defend_P","Strike_P","Strike_P","Strike_P"],"score":1454,"play_id":"f35d4955-b7fb-4b3b-9807-0a6dbe59dfa5","local_time":"20201217182947","is_ascension_mode":true,"campfire_choices":[{"data":"Eruption","floor":7.0,"key":"SMITH"},{"data":"MentalFortress","floor":15.0,"key":"SMITH"},{"data":"Adaptation","floor":23.0,"key":"SMITH"},{"floor":32.0,"key":"REST"},{"floor":40.0,"key":"REST"},{"floor":49,"key":"REST"}],"circlet_count":0,"master_deck":["AscendersBane","Eruption+1","Vigilance","MentalFortress+1","Adaptation+1","CurseOfTheBell","Purity","InnerPeace"],"relics":["PureWater","NeowsBlessing","Regal Pillow","Bronze Scales","Damaru","HornCleat","Calling Bell","PreservedInsect","The Courier","Unceasing Top","Mummified Hand","Juzu Bracelet","Sozu","Pocketwatch","Yang","Centennial Puzzle","Ornamental Fan","CaptainsWheel"],"acts_visited":["Exordium","TheCity","TheBeyond"],"potions_floor_usage":[],"damage_taken":[{"damage":0.0,"enemies":"Cultist","floor":1.0,"turns":1.0},{"damage":0.0,"enemies":"3 Sentries","floor":6.0,"turns":2.0},{"damage":0.0,"enemies":"Gremlin Nob","floor":10.0,"turns":1.0},{"damage":1.0,"enemies":"Jaw Worm","floor":12.0,"turns":5.0},{"damage":15.0,"enemies":"Lagavulin","floor":13.0,"turns":7.0},{"damage":16.0,"enemies":"Slime Boss","floor":16.0,"turns":15.0},{"damage":1.0,"enemies":"Spheric Guardian","floor":18.0,"turns":5.0},{"damage":4.0,"enemies":"Shell Parasite","floor":21.0,"turns":6.0},{"damage":28.0,"enemies":"Centurion and Healer","floor":22.0,"turns":7.0},{"damage":3.0,"enemies":"Shelled Parasite and Fungi","floor":28.0,"turns":5.0},{"damage":6.0,"enemies":"Snecko","floor":29.0,"turns":6.0},{"damage":54.0,"enemies":"Slavers","floor":30.0,"turns":7.0},{"damage":0.0,"enemies":"Chosen and Byrds","floor":31.0,"turns":3.0},{"damage":66.0,"enemies":"Champ","floor":33.0,"turns":17.0},{"damage":12.0,"enemies":"3 Shapes","floor":35.0,"turns":5.0},{"damage":33.0,"enemies":"Mind Bloom Boss Battle","floor":36.0,"turns":9.0},{"damage":15.0,"enemies":"Orb Walker","floor":37.0,"turns":5.0},{"damage":3,"enemies":"Giant Head","floor":42,"turns":3},{"damage":28,"enemies":"Reptomancer","floor":44,"turns":3},{"damage":0,"enemies":"2 Orb Walkers","floor":48,"turns":2},{"damage":18,"enemies":"Donu and Deca","floor":50,"turns":4}],"seed_played":"-663654317057732738","potions_obtained":[{"floor":1.0,"key":"Energy Potion"},{"floor":10.0,"key":"Fruit Juice"},{"floor":12.0,"key":"FairyPotion"},{"floor":31.0,"key":"LiquidBronze"}],"is_trial":false,"path_per_floor":["M","?","$","?","$","E","R","?","T","E","$","M","E","$","R","B",null,"M","?","$","M","M","R","?","?","T","?","M","M","E","M","R","B",null,"M","?","M","?","?","R","$","E","T","E","$","?","?","?","R","B",null],"character_chosen":"WATCHER","items_purchased":["MentalFortress","Adaptation","InnerPeace"],"campfire_rested":3,"item_purchase_floors":[3,5,41],"current_hp_per_floor":[65,70,70,59,59,59,59,59,59,64,64,63,48,48,48,32,70,69,69,69,65,37,37,37,64,64,64,61,55,1,1,40,21,67,55,22,7,7,7,45,45,42,42,14,14,14,14,14,52,34],"gold":86,"neow_bonus":"THREE_ENEMY_KILL","is_daily":false,"chose_seed":false,"campfire_upgraded":3,"win_rate":0.0,"timestamp":1608197387,"path_taken":["M","?","?","?","$","E","R","?","T","E","?","M","E","$","R","BOSS","M","?","?","M","?","R","?","?","T","?","?","M","E","M","R","BOSS","M","?","M","?","?","R","$","E","T","E","$","?","?","?","R","BOSS"],"items_purchased_type":["Card","Card","Card"],"build_version":"2020-12-13","purchased_purges":5,"victory":true,"max_hp_per_floor":[72,77,77,77,77,77,77,77,77,82,82,82,82,82,82,82,82,82,82,82,82,82,82,82,82,82,82,82,82,82,82,82,82,82,82,82,82,78,78,78,78,78,78,78,78,78,78,78,78,78],"card_choices":[{"not_picked":["ReachHeaven","Conclude"],"picked":"Perseverance","floor":1.0},{"not_picked":["WindmillStrike","EmptyBody","Prostrate"],"picked":"SKIP","floor":6.0},{"not_picked":["BattleHymn","DeceiveReality","CarveReality"],"picked":"SKIP","floor":10.0},{"not_picked":["DeceiveReality","Perseverance","PathToVictory"],"picked":"SKIP","floor":12.0},{"not_picked":["Fasting2","CarveReality","ClearTheMind"],"picked":"SKIP","floor":13.0},{"not_picked":["CutThroughFate+1","WheelKick","Wireheading+1"],"picked":"SKIP","floor":18.0},{"not_picked":["BowlingBash","CutThroughFate+1","Consecrate"],"picked":"SKIP","floor":21.0},{"not_picked":["JustLucky","SashWhip","CutThroughFate"],"picked":"SKIP","floor":22.0},{"not_picked":["Tantrum","Crescendo","JustLucky"],"picked":"SKIP","floor":28.0},{"not_picked":["FlyingSleeves+1","Worship","SandsOfTime+1"],"picked":"SKIP","floor":29.0},{"not_picked":["Sanctity","Omniscience","Halt"],"picked":"SKIP","floor":30.0},{"not_picked":["Prostrate","FlurryOfBlows","WindmillStrike"],"picked":"SKIP","floor":31.0},{"not_picked":["EmptyFist+1","Worship","PathToVictory"],"picked":"SKIP","floor":35.0},{"not_picked":["Pray","FlyingSleeves+1","CrushJoints"],"picked":"SKIP","floor":37.0},{"not_picked":["Finesse","Flash of Steel"],"picked":"Purity","floor":39.0},{"not_picked":["FollowUp","PathToVictory","Fasting2"],"picked":"SKIP","floor":42},{"not_picked":["Collect+1","Conclude+1","Consecrate+1"],"picked":"SKIP","floor":44},{"not_picked":["Collect+1","Conclude+1","Consecrate+1"],"picked":"SKIP","floor":44}],"player_experience":423285,"relics_obtained":[{"floor":6.0,"key":"Regal Pillow"},{"floor":9.0,"key":"Bronze Scales"},{"floor":10.0,"key":"Damaru"},{"floor":13.0,"key":"HornCleat"},{"floor":17.0,"key":"PreservedInsect"},{"floor":17.0,"key":"The Courier"},{"floor":17.0,"key":"Unceasing Top"},{"floor":26.0,"key":"Mummified Hand"},{"floor":30.0,"key":"Juzu Bracelet"},{"floor":36.0,"key":"Pocketwatch"},{"floor":42,"key":"Yang"},{"floor":43,"key":"Centennial Puzzle"},{"floor":44,"key":"Ornamental Fan"},{"floor":48,"key":"CaptainsWheel"}],"event_choices":[{"damage_healed":0.0,"max_hp_gain":5.0,"max_hp_loss":0.0,"gold_gain":0.0,"event_name":"Big Fish","player_choice":"Donut","floor":2.0,"gold_loss":0.0,"damage_taken":0.0},{"damage_healed":0.0,"max_hp_gain":0.0,"max_hp_loss":0.0,"gold_gain":75.0,"event_name":"World of Goop","player_choice":"Gather Gold","floor":4.0,"gold_loss":0.0,"damage_taken":11.0},{"cards_removed":["Defend_P"],"damage_healed":0.0,"max_hp_gain":0.0,"max_hp_loss":0.0,"gold_gain":0.0,"event_name":"Living Wall","player_choice":"Forget","floor":8.0,"gold_loss":0.0,"damage_taken":0.0},{"damage_healed":0.0,"max_hp_gain":0.0,"max_hp_loss":0.0,"gold_gain":100.0,"event_name":"The Joust","player_choice":"Bet on Murderer","floor":19.0,"gold_loss":50.0,"damage_taken":0.0},{"cards_removed":["Defend_P"],"damage_healed":0.0,"max_hp_gain":0.0,"max_hp_loss":0.0,"gold_gain":0.0,"event_name":"Back to Basics","player_choice":"Elegance","floor":24.0,"gold_loss":0.0,"damage_taken":0.0},{"damage_healed":27.0,"max_hp_gain":0.0,"max_hp_loss":0.0,"gold_gain":0.0,"event_name":"The Library","player_choice":"Heal","floor":25.0,"gold_loss":0.0,"damage_taken":0.0},{"damage_healed":0.0,"max_hp_gain":0.0,"max_hp_loss":0.0,"gold_gain":0.0,"event_name":"Vampires","player_choice":"Ignored","floor":27.0,"gold_loss":0.0,"damage_taken":0.0},{"damage_healed":0.0,"max_hp_gain":0.0,"max_hp_loss":0.0,"gold_gain":0.0,"event_name":"MindBloom","player_choice":"Fight","floor":36.0,"gold_loss":0.0,"damage_taken":0.0},{"damage_healed":0.0,"max_hp_gain":0.0,"max_hp_loss":4.0,"gold_gain":0.0,"event_name":"Winding Halls","player_choice":"Max HP","floor":38.0,"gold_loss":0.0,"damage_taken":0.0},{"damage_healed":0.0,"max_hp_gain":0.0,"max_hp_loss":0.0,"gold_gain":0.0,"event_name":"SensoryStone","player_choice":"Memory 1","floor":39.0,"gold_loss":0.0,"damage_taken":0.0},{"cards_removed":["Defend_P"],"damage_healed":0,"gold_gain":0,"player_choice":"Removed Skill","damage_taken":0,"max_hp_gain":0,"max_hp_loss":0,"event_name":"Falling","floor":46,"gold_loss":0},{"cards_removed":["Perseverance"],"damage_healed":0,"gold_gain":0,"player_choice":"Purged","damage_taken":0,"max_hp_gain":0,"max_hp_loss":0,"event_name":"Purifier","floor":47,"gold_loss":0},{"damage_healed":0,"gold_gain":0,"player_choice":"Fight","damage_taken":0,"max_hp_gain":0,"max_hp_loss":0,"event_name":"Mysterious Sphere","floor":48,"gold_loss":0}],"is_beta":false,"boss_relics":[{"not_picked":["Ectoplasm","Tiny House"],"picked":"Calling Bell"},{"not_picked":["Cursed Key","Runic Dome"],"picked":"Sozu"}],"items_purged_floors":[11,14,20,41,45],"is_endless":false,"potions_floor_spawned":[1,10,12,18,22,29,31,36,37,48],"ascension_level":13}}