{"host":"syfd7bej9fmvsdy8","time":1608247674,"event":{"mods":["Act Like it!","BaseMod","BetterRewards","Colored Map","Colored Powertips","Downfall","Elementarium","Gensokyo","Hallownest","Hubris","Infinite Spire","Minty Spire (QoL Compilation)","Quick Restart","Rare Cards Sparkle","Replay The Spire","Shade Mod","Shop Mod","Spikes Relics","StSLib"],"gold_per_floor":[99,99,24,24,24,24,50,150,52,79,99,119,119,119,139,139,139],"floor_reached":16,"playtime":783,"items_purged":["hexamod:Defend"],"score":96,"play_id":"62c584d4-a7b1-4835-9a78-641788d7cbda","local_time":"20201217232754","is_ascension_mode":false,"campfire_choices":[{"data":"hexamod:Sear","floor":1,"key":"SMITH"},{"floor":4,"key":"RECALL"},{"data":"hexamod:NightmareStrike","floor":6,"key":"SMITH"}],"circlet_count":0,"master_deck":["hexamod:Strike","hexamod:Strike","hexamod:Strike","hexamod:Strike","hexamod:Defend","hexamod:Defend","hexamod:Defend","hexamod:Sear+1","hexamod:Float","hexamod:NightmareStrike+1","hexamod:ThermalTransfer","hexamod:GhostLash","hexamod:Firestarter","expansioncontent:GuardianWhirl","hexamod:SwordOfDarkness","hexamod:NightmareGuise","hexamod:ExtraCrispy","hexamod:SpectralAdrenaline"],"relics":["hexamod:SpiritBrand","downfall:HeartsMalice"],"acts_visited":["Exordium"],"potions_floor_usage":[11,12,16],"damage_taken":[{"damage":0,"enemies":"2 Louse","floor":2,"turns":1},{"damage":0,"enemies":"downfall:FleeingMerchant","floor":3,"turns":1},{"damage":0,"enemies":"Cultist","floor":5,"turns":1},{"damage":0,"enemies":"downfall:FleeingMerchant","floor":9,"turns":4},{"damage":33,"enemies":"3 Sentries","floor":10,"turns":6},{"damage":0,"enemies":"Jaw Worm","floor":11,"turns":2},{"damage":2,"enemies":"Lots of Slimes","floor":12,"turns":3},{"damage":10,"enemies":"Red Slaver","floor":15,"turns":3},{"damage":58,"enemies":"downfall:Ironclad","floor":16,"turns":9}],"seed_played":"-458223486082618893","potions_obtained":[{"floor":10,"key":"Energy Potion"},{"floor":11,"key":"Flashbang"},{"floor":15,"key":"LiquidBronze"}],"is_trial":false,"path_per_floor":["R","M","$","R","M","R","T","?","$","E","M","M","?","?","M","B"],"character_chosen":"THE_SPIRIT","items_purchased":["expansioncontent:GuardianWhirl"],"campfire_rested":0,"item_purchase_floors":[9],"current_hp_per_floor":[70,70,70,70,70,70,70,70,70,37,37,35,35,35,25,0,0],"gold":139,"neow_bonus":"THREE_ENEMY_KILL","is_daily":false,"chose_seed":false,"campfire_upgraded":2,"win_rate":0.0,"timestamp":1608247674,"path_taken":["R","M","$","R","M","R","T","?","$","E","?","M","?","?","M","BOSS"],"items_purchased_type":["Card"],"build_version":"2020-12-13","purchased_purges":1,"victory":false,"max_hp_per_floor":[70,70,70,70,70,70,70,70,70,70,70,70,70,70,70,70,70],"card_choices":[{"not_picked":["hexamod:DynamicBlow","hexamod:ThirdSeal"],"picked":"hexamod:NightmareStrike","floor":2},{"not_picked":["hexamod:HauntingEcho","hexamod:PhantomCloak"],"picked":"hexamod:ThermalTransfer","floor":3},{"not_picked":["hexamod:PhantomFireball","hexamod:AdvancingGuard"],"picked":"hexamod:GhostLash","floor":5},{"not_picked":["hexamod:ShieldOfDarkness","hexamod:GhostflameBarrier"],"picked":"hexamod:Firestarter","floor":9},{"not_picked":["hexamod:Rewind","hexamod:StepThrough"],"picked":"hexamod:SwordOfDarkness","floor":10},{"not_picked":["hexamod:NecessarySacrifice","hexamod:HexaLevel"],"picked":"hexamod:NightmareGuise","floor":11},{"not_picked":["hexamod:GhostLash","hexamod:BurningTouch"],"picked":"hexamod:ExtraCrispy","floor":12},{"not_picked":["hexamod:InspiringFlames","hexamod:BacktrackSmack"],"picked":"hexamod:SpectralAdrenaline","floor":15}],"player_experience":170704,"relics_obtained":[],"event_choices":[],"is_beta":false,"boss_relics":[],"items_purged_floors":[3],"is_endless":false,"potions_floor_spawned":[10,11,15],"killed_by":"downfall:Ironclad","ascension_level":0}}