{"host":"mvw7i28zi3kj0eu9","time":1608211965,"event":{"mods":["AchievementEnabler","BaseMod","Better Third Choice","BetterRewards","Block Reminder","Conspire","Custom Start","Downfall","Energized Spire","Halation","Hermit","Hubris","Infinite Spire","Jorbs\u0027s Wanderer Trilogy","Minty Spire (QoL Compilation)","Replay The Spire","Shop Mod","Small Relic Pack","Spikes Relics","StSLib","The Blue Laboratory","The Necromancer","The Servant 0.9.4","Virulent Crown"],"gold_per_floor":[111,129,139,151,226,151,151,161,184,84,84,98,118,145,145,269,269,329,360,396,396,396,419,460,495,495,370,403,451,551,587,587,599,599],"floor_reached":33,"playtime":1441,"items_purged":["Defend_B","Defend_B","Strike_B","Strike_B"],"score":357,"play_id":"e700c5c0-e2f9-4814-b4fa-6756b545c2d5","local_time":"20201217143245","is_ascension_mode":false,"campfire_choices":[{"data":"Zap","floor":7,"key":"SMITH"},{"floor":15,"key":"REST"},{"data":"Glacier","floor":32,"key":"SMITH"}],"circlet_count":0,"master_deck":["Strike_B","Strike_B","Defend_B+1","Defend_B+1","Zap+1","Dualcast","Cold Snap","FIFO Queue+1","Glacier+1","Ball Lightning","White Noise+1","Ball Lightning"],"relics":["Cracked Core","conspire:InfiniteJournal","Anchor","Simple Rune","halation:IllGainedPizza","energizedSpire:RedRose","hubris:Backtick","Calipers","relicPack:SpireResearchBook","CeramicFish"],"acts_visited":["Exordium","TheCity"],"potions_floor_usage":[8,8,14,16,28,33],"damage_taken":[{"damage":4,"enemies":"Cultist","floor":1,"turns":3},{"damage":3,"enemies":"conspire:RoseBush","floor":2,"turns":3},{"damage":8,"enemies":"Small Slimes","floor":3,"turns":4},{"damage":8,"enemies":"Red Slaver","floor":4,"turns":3},{"damage":3,"enemies":"Gremlin Gang","floor":8,"turns":7},{"damage":2,"enemies":"Blue Slaver","floor":12,"turns":5},{"damage":1,"enemies":"Red Slaver","floor":13,"turns":4},{"damage":22,"enemies":"Lagavulin","floor":14,"turns":6},{"damage":8,"enemies":"Hexaghost","floor":16,"turns":10},{"damage":5,"enemies":"3 Byrds","floor":18,"turns":6},{"damage":1,"enemies":"Shell Parasite","floor":19,"turns":6},{"damage":7,"enemies":"Cultist and Chosen","floor":20,"turns":8},{"damage":4,"enemies":"conspire:HollyBat","floor":23,"turns":5},{"damage":4,"enemies":"Centurion and Healer","floor":24,"turns":9},{"damage":0,"enemies":"Shelled Parasite and Fungi","floor":25,"turns":7},{"damage":4,"enemies":"Sentry and Sphere","floor":28,"turns":6},{"damage":14,"enemies":"Cultist and Chosen","floor":29,"turns":6},{"damage":14,"enemies":"Shelled Parasite and Fungi","floor":31,"turns":8},{"damage":25,"enemies":"Collector","floor":33,"turns":6}],"seed_played":"-5540424188743286795","potions_obtained":[{"floor":2,"key":"blueLaboratory:ImpenetrablePotion"},{"floor":3,"key":"sneckomod:MuddlingPotion"},{"floor":8,"key":"infinitespire:BlackPotion"},{"floor":13,"key":"DuplicationPotion"},{"floor":23,"key":"blueLaboratory:HorrorPotion"},{"floor":25,"key":"blueLaboratory:RelayPotion"},{"floor":28,"key":"blueLaboratory:SavagePotion"},{"floor":31,"key":"Explosive Potion"}],"is_trial":false,"path_per_floor":["M","M","M","M","?","$","R","M","T","$","?","M","M","E","R","B",null,"M","M","M","AVR","?","M","M","M","T","$","M","M","?","M","R","B"],"character_chosen":"DEFECT","items_purchased":["conspire:InfiniteJournal","Anchor","Cold Snap","FIFO Queue+1"],"campfire_rested":1,"item_purchase_floors":[0,0,0,0],"current_hp_per_floor":[71,68,60,52,41,41,41,38,38,38,38,36,35,13,35,27,75,70,69,62,62,62,58,54,54,54,54,50,36,36,22,22,0,0],"gold":599,"neow_bonus":"","is_daily":false,"chose_seed":false,"campfire_upgraded":2,"win_rate":0.0,"timestamp":1608211965,"path_taken":["M","M","M","M","?","$","R","M","T","$","?","M","?","E","R","BOSS","M","M","M","AVR","?","M","M","M","T","$","?","?","?","?","R","BOSS"],"items_purchased_type":["Relic","Relic","Card","Card"],"build_version":"2020-12-13","purchased_purges":4,"victory":false,"max_hp_per_floor":[75,75,75,75,75,75,75,75,75,75,75,75,75,75,75,75,75,75,75,75,75,75,75,75,75,75,75,75,75,75,75,75,75,75],"card_choices":[{"not_picked":["Go for the Eyes","Hologram","Steam Power"],"picked":"SKIP","floor":1},{"not_picked":["Rebound","Go for the Eyes","Gash"],"picked":"SKIP","floor":2},{"not_picked":["Genetic Algorithm","Reinforced Body","Rebound"],"picked":"SKIP","floor":3},{"not_picked":["Hello World","Fusion"],"picked":"Glacier","floor":4},{"not_picked":["Panic Button","Turbo","Redo"],"picked":"SKIP","floor":8},{"not_picked":["Rip and Tear","Hologram","Turbo"],"picked":"SKIP","floor":12},{"not_picked":["Sweeping Beam","Leap"],"picked":"Ball Lightning","floor":13},{"not_picked":["Reprogram","Steam","Machine Learning"],"picked":"SKIP","floor":14},{"not_picked":["Fusion","Sweeping Beam+1","ReplayTheSpireMod:GoodbyeWorld"],"picked":"SKIP","floor":18},{"not_picked":["Beam Cell","ReplayTheSpireMod:Repulse","Recycle"],"picked":"SKIP","floor":19},{"not_picked":["Rebound+1","Stack"],"picked":"White Noise","floor":20},{"not_picked":["Redo","Gash+1","Coolheaded"],"picked":"SKIP","floor":23},{"not_picked":["Gash","Rebound","Time Bomb"],"picked":"SKIP","floor":24},{"not_picked":["hubris:Prefetch","Capacitor","Darkness"],"picked":"SKIP","floor":25},{"not_picked":["Gash","Fusion","Streamline"],"picked":"SKIP","floor":28},{"not_picked":["Go for the Eyes","Compile Driver"],"picked":"Ball Lightning","floor":29},{"not_picked":["Gash","Steam","Sweeping Beam"],"picked":"SKIP","floor":31}],"player_experience":887267,"relics_obtained":[{"floor":9,"key":"Simple Rune"},{"floor":14,"key":"halation:IllGainedPizza"},{"floor":26,"key":"CeramicFish"}],"event_choices":[{"damage_healed":0,"gold_gain":75,"player_choice":"Gold","damage_taken":11,"max_hp_gain":0,"max_hp_loss":0,"event_name":"betterThird:BetterGoop","floor":5,"gold_loss":0},{"damage_healed":0,"gold_gain":0,"player_choice":"Ignored","damage_taken":0,"max_hp_gain":0,"max_hp_loss":0,"event_name":"Transmorgrifier","floor":11,"gold_loss":0},{"damage_healed":0,"gold_gain":0,"player_choice":"Upgraded","damage_taken":0,"max_hp_gain":0,"max_hp_loss":0,"event_name":"Upgrade Shrine","floor":22,"gold_loss":0,"cards_upgraded":["White Noise"]},{"damage_healed":0,"gold_gain":100,"player_choice":"Pray","damage_taken":0,"max_hp_gain":0,"max_hp_loss":0,"event_name":"Golden Shrine","floor":30,"gold_loss":0}],"is_beta":false,"boss_relics":[{"not_picked":["Kintsugi","Coffee Dripper"],"picked":"energizedSpire:RedRose"}],"items_purged_floors":[6,10,21,27],"is_endless":false,"potions_floor_spawned":[2,3,8,13,23,25,28,31],"killed_by":"Collector","ascension_level":0}}