{"host":"qrt7o4dq2qslzw13","time":1608210259,"event":{"mods":["AchievementEnabler","BaseMod","Colored Map","Colored Powertips","Minty Spire (QoL Compilation)","Quick Restart","Rare Cards Sparkle","StSLib","SuperFastMode"],"gold_per_floor":[112,112,112,130,33,33,44,44,68,394,394,411,561,134,134,208,208,226,226,226,236,36,55,55,3,3,3,3,3,21,38,38,38,38],"floor_reached":33,"playtime":562,"items_purged":["Doubt"],"score":486,"play_id":"801157ce-3abd-4ef0-b5c6-b51fe2ce62f0","local_time":"20201217080419","is_ascension_mode":true,"campfire_choices":[{"data":"Whirlwind","floor":6.0,"key":"SMITH"},{"data":"Rupture","floor":8.0,"key":"SMITH"},{"floor":11.0,"key":"REST"},{"data":"Brutality","floor":15.0,"key":"SMITH"},{"floor":27.0,"key":"REST"},{"floor":29.0,"key":"REST"},{"floor":32.0,"key":"REST"}],"circlet_count":0,"master_deck":["AscendersBane","Strike_R+1","Strike_R+1","Strike_R+1","Strike_R+1","Defend_R+1","Defend_R+1","Defend_R+1","Defend_R+1","Bash","Brutality+1","Rupture+1","Bloodletting","Whirlwind+1","Flex","Double Tap","Warcry","Disarm","Offering","Panache","Warcry","Bludgeon","Iron Wave+1","J.A.X.","Magnetism","Warcry","Havoc","Shrug It Off","Inflame"],"relics":["Burning Blood","Orichalcum","Old Coin","Busted Crown","Question Card","Tiny Chest"],"acts_visited":["Exordium","TheCity"],"potions_floor_usage":[],"damage_taken":[{"damage":8.0,"enemies":"Small Slimes","floor":1.0,"turns":4.0},{"damage":3.0,"enemies":"2 Louse","floor":4.0,"turns":2.0},{"damage":9.0,"enemies":"Jaw Worm","floor":7.0,"turns":3.0},{"damage":20.0,"enemies":"3 Sentries","floor":10.0,"turns":4.0},{"damage":8.0,"enemies":"Blue Slaver","floor":12.0,"turns":2.0},{"damage":45.0,"enemies":"Hexaghost","floor":16.0,"turns":7.0},{"damage":33.0,"enemies":"Shell Parasite","floor":18.0,"turns":4.0},{"damage":12.0,"enemies":"Chosen","floor":21.0,"turns":4.0},{"damage":31.0,"enemies":"Snecko","floor":23.0,"turns":4.0},{"damage":26.0,"enemies":"Centurion and Healer","floor":30.0,"turns":5.0},{"damage":14.0,"enemies":"Shelled Parasite and Fungi","floor":31.0,"turns":4.0},{"damage":0,"enemies":"Automaton","floor":33,"turns":1}],"seed_played":"-9030289602345859060","potions_obtained":[{"floor":4.0,"key":"Weak Potion"},{"floor":10.0,"key":"DuplicationPotion"},{"floor":12.0,"key":"EntropicBrew"},{"floor":30.0,"key":"Block Potion"},{"floor":31.0,"key":"Ancient Potion"}],"is_trial":false,"path_per_floor":["M","?","?","M","$","R","M","R","T","E","R","M","?","$","R","B",null,"M","?","?","M","$","M","T","$","T","R","$","R","M","M","R","B"],"character_chosen":"IRONCLAD","items_purchased":["Whirlwind","Flex","Offering","Panache","Warcry","Magnetism","Havoc"],"campfire_rested":4,"item_purchase_floors":[5,5,14,14,14,22,25],"current_hp_per_floor":[66,66,59,62,62,62,59,59,59,45,67,65,65,65,65,41,67,40,40,40,34,34,9,9,9,9,31,31,53,33,25,47,47,47],"gold":38,"neow_bonus":"ONE_RANDOM_RARE_CARD","is_daily":false,"chose_seed":false,"campfire_upgraded":3,"win_rate":0.0,"timestamp":1608210259,"path_taken":["M","?","?","M","$","R","M","R","T","E","R","M","?","$","R","BOSS","M","?","?","M","$","M","?","$","T","R","?","R","M","M","R","BOSS"],"items_purchased_type":["Card","Card","Card","Card","Card","Card","Card"],"build_version":"2020-12-13","purchased_purges":1,"victory":false,"max_hp_per_floor":[75,75,75,75,75,75,75,75,75,75,75,75,75,75,75,75,75,75,75,75,75,75,75,75,75,75,75,75,75,75,75,75,75,75],"card_choices":[{"not_picked":["Body Slam","Perfected Strike"],"picked":"Rupture","floor":1.0},{"not_picked":["Perfected Strike","Twin Strike"],"picked":"Bloodletting","floor":4.0},{"not_picked":["Searing Blow","Anger"],"picked":"Double Tap","floor":7.0},{"not_picked":["Armaments","Havoc"],"picked":"Warcry","floor":10.0},{"not_picked":["Clash","Heavy Blade"],"picked":"Disarm","floor":12.0},{"not_picked":["Impervious","Exhume"],"picked":"Bludgeon","floor":16.0},{"not_picked":[],"picked":"Iron Wave+1","floor":18.0},{"not_picked":["Anger"],"picked":"SKIP","floor":21.0},{"not_picked":[],"picked":"Warcry","floor":23.0},{"not_picked":["Feel No Pain"],"picked":"Shrug It Off","floor":30.0},{"not_picked":["Twin Strike","Inflame"],"picked":"SKIP","floor":31.0},{"not_picked":["Twin Strike"],"picked":"Inflame","floor":31.0}],"player_experience":457527,"relics_obtained":[{"floor":9.0,"key":"Orichalcum"},{"floor":10.0,"key":"Old Coin"},{"floor":24.0,"key":"Question Card"},{"floor":26.0,"key":"Tiny Chest"}],"event_choices":[{"damage_healed":0.0,"max_hp_gain":0.0,"max_hp_loss":0.0,"gold_gain":0.0,"event_name":"The Cleric","player_choice":"Leave","floor":2.0,"gold_loss":0.0,"damage_taken":0.0},{"cards_removed":["Strike_R"],"damage_healed":0.0,"max_hp_gain":0.0,"max_hp_loss":0.0,"gold_gain":0.0,"event_name":"Golden Wing","player_choice":"Card Removal","floor":3.0,"gold_loss":0.0,"damage_taken":7.0},{"damage_healed":0.0,"max_hp_gain":0.0,"max_hp_loss":0.0,"gold_gain":150.0,"event_name":"Liars Game","player_choice":"AGREE","floor":13.0,"gold_loss":0.0,"damage_taken":0.0,"cards_obtained":["Doubt"]},{"damage_healed":0.0,"max_hp_gain":0.0,"max_hp_loss":0.0,"gold_gain":0.0,"event_name":"Drug Dealer","player_choice":"Obtain J.A.X.","floor":19.0,"gold_loss":0.0,"damage_taken":0.0,"cards_obtained":["J.A.X."]},{"damage_healed":0.0,"max_hp_gain":0.0,"max_hp_loss":0.0,"gold_gain":0.0,"event_name":"Back to Basics","player_choice":"Simplicity","floor":20.0,"gold_loss":0.0,"damage_taken":0.0,"cards_upgraded":["Strike_R","Strike_R","Strike_R","Strike_R","Defend_R","Defend_R","Defend_R","Defend_R"]}],"is_beta":false,"boss_relics":[{"not_picked":["Ectoplasm","Runic Cube"],"picked":"Busted Crown"}],"items_purged_floors":[14],"is_endless":false,"potions_floor_spawned":[4,10,12,30,31],"killed_by":"Automaton","ascension_level":20}}