{"host":"o7j6aatxjwpw1421","time":1608222234,"event":{"mods":["2.2 Compatiblity","BaseMod","Colored Map","DeckTracker","Highlight Path","Keyboard Shortcuts","Minty Spire (QoL Compilation)","Permanent Neow","Quick Restart","StSLib","SuperFastMode","everything is the same but u backflip on backflip"],"gold_per_floor":[114,289,289,300,320,320,354,354,402,402,412,437,193,206,206,311,311,327,310,310,310],"floor_reached":20,"playtime":738,"items_purged":[],"score":212,"play_id":"fe24cd35-1110-4b08-8dc0-22555f9001c1","local_time":"20201218012354","is_ascension_mode":true,"campfire_choices":[{"data":"Armaments","floor":6,"key":"SMITH"},{"data":"Perfected Strike","floor":15,"key":"SMITH"}],"circlet_count":0,"master_deck":["Strike_R","Strike_R","Strike_R","Strike_R","Strike_R","Defend_R","Defend_R","Defend_R","Defend_R","Bash","Armaments+1","Perfected Strike","Perfected Strike+1","Double Tap+1","Rage","Dual Wield","Warcry","Juggernaut","Clash"],"relics":["Burning Blood","NeowsBlessing","Bag of Marbles","Pen Nib","Incense Burner","Matryoshka","SlaversCollar"],"acts_visited":["Exordium","TheCity"],"potions_floor_usage":[16,18,19,20],"damage_taken":[{"damage":0,"enemies":"Jaw Worm","floor":1,"turns":1},{"damage":0,"enemies":"2 Louse","floor":4,"turns":1},{"damage":0,"enemies":"Cultist","floor":5,"turns":1},{"damage":5,"enemies":"Gremlin Nob","floor":7,"turns":3},{"damage":10,"enemies":"3 Louse","floor":11,"turns":3},{"damage":15,"enemies":"Lagavulin","floor":12,"turns":5},{"damage":15,"enemies":"2 Fungi Beasts","floor":14,"turns":3},{"damage":35,"enemies":"The Guardian","floor":16,"turns":8},{"damage":42,"enemies":"3 Byrds","floor":18,"turns":4},{"damage":28,"enemies":"2 Thieves","floor":19,"turns":4},{"damage":18,"enemies":"Shelled Parasite and Fungi","floor":20,"turns":3}],"seed_played":"5558238051175544120","potions_obtained":[{"floor":4,"key":"Swift Potion"},{"floor":7,"key":"HeartOfIron"},{"floor":14,"key":"Fire Potion"},{"floor":18,"key":"PowerPotion"}],"is_trial":false,"path_per_floor":["M","?","?","M","M","R","E","?","T","?","M","E","$","M","R","B",null,"M","M","M"],"character_chosen":"IRONCLAD","items_purchased":["Matryoshka"],"campfire_rested":0,"item_purchase_floors":[13],"current_hp_per_floor":[80,80,80,80,80,80,80,73,73,73,69,60,60,51,51,22,80,44,22,4,4],"gold":310,"neow_bonus":"THREE_ENEMY_KILL","is_daily":false,"chose_seed":false,"campfire_upgraded":2,"win_rate":0.0,"timestamp":1608222234,"path_taken":["M","?","?","M","?","R","E","?","T","?","M","E","$","M","R","BOSS","M","M","M"],"items_purchased_type":["Relic"],"build_version":"2020-12-13","purchased_purges":0,"victory":false,"max_hp_per_floor":[80,80,80,80,80,80,80,80,80,80,80,80,80,80,80,80,80,80,80,80,80],"card_choices":[{"not_picked":["Metallicize","Havoc"],"picked":"Armaments","floor":1},{"not_picked":["Pommel Strike","Bloodletting"],"picked":"Perfected Strike","floor":4},{"not_picked":["Flex","Iron Wave"],"picked":"Perfected Strike","floor":5},{"not_picked":["Warcry","Feel No Pain"],"picked":"Double Tap","floor":7},{"not_picked":["Wild Strike","Ghostly Armor"],"picked":"Rage","floor":11},{"not_picked":["Infernal Blade","Havoc"],"picked":"Dual Wield","floor":12},{"not_picked":["Thunderclap","Havoc"],"picked":"Warcry","floor":14},{"not_picked":["Corruption","Impervious"],"picked":"Juggernaut","floor":16},{"not_picked":["Iron Wave","Dropkick"],"picked":"Clash","floor":18},{"not_picked":["Havoc","Dual Wield","Clothesline"],"picked":"SKIP","floor":19}],"player_experience":256154,"relics_obtained":[{"floor":7,"key":"Bag of Marbles"},{"floor":9,"key":"Pen Nib"},{"floor":12,"key":"Incense Burner"}],"event_choices":[{"damage_healed":0,"gold_gain":175,"player_choice":"AGREE","damage_taken":0,"max_hp_gain":0,"max_hp_loss":0,"event_name":"Liars Game","floor":2,"gold_loss":0,"cards_obtained":["Doubt"]},{"damage_healed":0,"gold_gain":0,"player_choice":"Bought 0 Potions","damage_taken":0,"max_hp_gain":0,"max_hp_loss":0,"event_name":"The Woman in Blue","floor":3,"gold_loss":0},{"cards_removed":["Doubt"],"damage_healed":0,"gold_gain":0,"player_choice":"Card Removal","damage_taken":7,"max_hp_gain":0,"max_hp_loss":0,"event_name":"Golden Wing","floor":8,"gold_loss":0},{"damage_healed":0,"gold_gain":0,"player_choice":"Grow","damage_taken":0,"max_hp_gain":0,"max_hp_loss":0,"event_name":"Living Wall","floor":10,"gold_loss":0,"cards_upgraded":["Double Tap"]}],"is_beta":false,"boss_relics":[{"not_picked":["Runic Dome","Tiny House"],"picked":"SlaversCollar"}],"items_purged_floors":[],"is_endless":false,"potions_floor_spawned":[4,7,14,18],"killed_by":"Shelled Parasite and Fungi","ascension_level":3}}