{"host":"ilxricga2547gmyy","time":1608163692,"event":{"mods":["AchievementEnabler","BaseMod","Minty Spire (QoL Compilation)","Quick Restart","Replay The Spire","StSLib"],"gold_per_floor":[111,123,139,139,67,67,94,106,106,106,116,130,130,157,157,253,253,266,266,266,280,280,312,312,341,341,26,52,52,70,89,89,184,184,200,200,210,220,233,258,258,286,286,301,319,319,16,49,49,49,49],"floor_reached":50,"playtime":2095,"items_purged":["Injury"],"score":1106,"play_id":"85f50cce-7e64-4568-a6b2-f4a9e5da6fc0","local_time":"20201217010812","is_ascension_mode":true,"campfire_choices":[{"data":"ReplayTheSpireMod:Corrosion Curse","floor":6,"key":"SMITH"},{"data":"Twin Strike","floor":10,"key":"SMITH"},{"data":"Replay:Undeath\u0027s Touch","floor":15,"key":"SMITH"},{"floor":24,"key":"REST"},{"data":"Double Tap","floor":32,"key":"SMITH"},{"floor":41,"key":"REST"},{"floor":46,"key":"REST"},{"floor":49,"key":"RECALL"}],"circlet_count":0,"master_deck":["Defend_R+1","Defend_R+1","Defend_R+1","Bash","Replay:Undeath\u0027s Touch+1","Ghostly Armor","ReplayTheSpireMod:Corrosion Curse+1","Double Tap+1","Twin Strike+1","Replay:Undeath\u0027s Touch+1","Double Tap","Flex+1","Bite+1","Bite+1","Bite+1","Bite+1","Bite+1","ReplayTheSpireMod:Stacked","Ghostly Armor","Burning Pact+1","Inflame+1","Flex+1","Offering+1","Intimidate+1","ReplayTheSpireMod:Stacked+1","Burning Pact+1","Reaper","ReplayTheSpireMod:Corrosion Curse+1","Twin Strike"],"relics":["Philosopher\u0027s Stone","Another Sword","Pantograph","Ring of Peace","ReplayTheSpireMod:Ring of Exchange","Red Skull","Sozu","InkBottle","Gremlin Horn","Replay:Accelerometer","Toxic Egg 2","Iron Hammer","Ooze Armor","Replay:Bottled Eggs","Unceasing Top","Bag of Preparation"],"acts_visited":["Exordium","TheCity","TheBeyond"],"potions_floor_usage":[7,7,14,23],"damage_taken":[{"damage":8,"enemies":"Small Slimes","floor":1,"turns":3},{"damage":7,"enemies":"2 Louse","floor":2,"turns":3},{"damage":8,"enemies":"Jaw Worm","floor":3,"turns":3},{"damage":20,"enemies":"3 Sentries","floor":7,"turns":10},{"damage":0,"enemies":"2 Fungi Beasts","floor":8,"turns":3},{"damage":1,"enemies":"Looter","floor":11,"turns":3},{"damage":0,"enemies":"Blue Slaver","floor":12,"turns":2},{"damage":5,"enemies":"Lagavulin","floor":14,"turns":4},{"damage":0,"enemies":"Slime Boss","floor":16,"turns":8},{"damage":0,"enemies":"Spheric Guardian","floor":18,"turns":3},{"damage":1,"enemies":"Shell Parasite","floor":21,"turns":5},{"damage":50,"enemies":"Slavers","floor":23,"turns":8},{"damage":28,"enemies":"Book of Stabbing","floor":25,"turns":5},{"damage":17,"enemies":"Slavers","floor":28,"turns":5},{"damage":0,"enemies":"3 Cultists","floor":30,"turns":5},{"damage":15,"enemies":"Snecko","floor":31,"turns":6},{"damage":28,"enemies":"Pondfish","floor":33,"turns":5},{"damage":0,"enemies":"Orb Walker","floor":35,"turns":3},{"damage":17,"enemies":"3 Shapes","floor":37,"turns":3},{"damage":15,"enemies":"Writhing Mass","floor":38,"turns":4},{"damage":9,"enemies":"Sphere and 2 Shapes","floor":39,"turns":4},{"damage":40,"enemies":"Nemesis","floor":40,"turns":5},{"damage":30,"enemies":"Transient","floor":44,"turns":5},{"damage":21,"enemies":"Spire Growth","floor":45,"turns":4},{"damage":32,"enemies":"Reptomancer","floor":48,"turns":4},{"damage":98,"enemies":"Time Eater","floor":50,"turns":6}],"seed_played":"8745173745281043834","potions_obtained":[{"floor":1,"key":"Block Potion"},{"floor":2,"key":"LiquidBronze"},{"floor":12,"key":"Toxic Potion"},{"floor":16,"key":"LifebloodPotion"}],"is_trial":false,"path_per_floor":["M","M","M","?","$","R","E","M","T","R","M","M","?","E","R","B",null,"M","?","?","M","?","E","R","E","T","$","E","?","M","M","R","B",null,"M","?","M","M","M","E","R","?","T","M","M","R","$","E","R","B"],"character_chosen":"IRONCLAD","items_purchased":["ReplayTheSpireMod:Corrosion Curse","Toxic Egg 2","Unceasing Top"],"campfire_rested":3,"item_purchase_floors":[5,27,47],"current_hp_per_floor":[64,57,49,49,49,49,29,29,29,29,28,28,28,23,23,48,72,72,72,72,71,56,18,34,26,26,26,25,25,44,41,41,43,53,56,56,42,44,51,25,41,41,41,41,38,54,54,45,45,0,0],"gold":49,"neow_bonus":"BOSS_RELIC","is_daily":false,"chose_seed":false,"campfire_upgraded":4,"win_rate":0.0,"timestamp":1608163692,"path_taken":["M","M","M","?","$","R","E","M","T","R","M","M","?","E","R","BOSS","M","?","?","M","?","E","R","E","T","$","E","?","M","M","R","BOSS","M","?","M","M","M","E","R","?","T","M","M","R","?","E","R","BOSS"],"items_purchased_type":["Card","Relic","Relic"],"build_version":"2020-12-13","purchased_purges":1,"victory":false,"max_hp_per_floor":[80,80,80,80,80,80,80,80,80,80,80,80,80,80,80,80,80,80,80,80,80,56,56,56,56,56,56,56,56,56,56,56,56,56,56,56,56,56,56,56,56,56,56,56,56,56,56,56,56,56,56],"card_choices":[{"not_picked":["Second Wind","Flex"],"picked":"Replay:Undeath\u0027s Touch","floor":1},{"not_picked":["Body Slam","Headbutt"],"picked":"Ghostly Armor","floor":2},{"not_picked":["Headbutt","ReplayTheSpireMod:Strike From Hell","Havoc"],"picked":"SKIP","floor":3},{"not_picked":["Headbutt","ReplayTheSpireMod:Strike From Hell","Havoc"],"picked":"SKIP","floor":3},{"not_picked":["Clothesline","Blood for Blood"],"picked":"Double Tap","floor":7},{"not_picked":["Wild Strike","Run Through"],"picked":"Twin Strike","floor":8},{"not_picked":["Sword Boomerang","Cleave"],"picked":"Replay:Undeath\u0027s Touch","floor":11},{"not_picked":["Pommel Strike","Defy Death","Dark Embrace"],"picked":"SKIP","floor":12},{"not_picked":["Rage","Limit Break","Thunderclap"],"picked":"SKIP","floor":14},{"not_picked":["Demonic Infusion","Hemogenesis"],"picked":"Double Tap","floor":16},{"not_picked":["Rampage","Second Wind"],"picked":"Flex+1","floor":18},{"not_picked":["Armaments","Wild Strike","True Grit"],"picked":"SKIP","floor":21},{"not_picked":["Twin Strike","True Grit"],"picked":"ReplayTheSpireMod:Stacked","floor":23},{"not_picked":["Double Tap","Abandon+1"],"picked":"Ghostly Armor","floor":25},{"not_picked":["Wild Strike+1","Twin Strike"],"picked":"Burning Pact+1","floor":28},{"not_picked":["Cleave+1","Flex+1"],"picked":"Inflame+1","floor":30},{"not_picked":["True Grit+1","Ghostly Armor+1"],"picked":"Flex+1","floor":31},{"not_picked":["Juggernaut","Corruption"],"picked":"Offering+1","floor":33},{"not_picked":["Clash","Defy Death+1"],"picked":"Intimidate+1","floor":35},{"not_picked":["Sever Soul","Rampage+1"],"picked":"ReplayTheSpireMod:Stacked+1","floor":37},{"not_picked":["ReplayTheSpireMod:Strike From Hell+1","Perfected Strike+1","Clothesline+1"],"picked":"SKIP","floor":38},{"not_picked":["Havoc+1","Reckless Charge+1"],"picked":"Burning Pact+1","floor":39},{"not_picked":["Cleave+1","Perfected Strike","Clash+1"],"picked":"SKIP","floor":40},{"not_picked":["Ghostly Armor+1","Armaments+1"],"picked":"Reaper","floor":42},{"not_picked":["Twin Strike","Clash+1","Run Through+1"],"picked":"SKIP","floor":44},{"not_picked":["Hemokinesis+1","Run Through"],"picked":"ReplayTheSpireMod:Corrosion Curse+1","floor":45},{"not_picked":["ReplayTheSpireMod:LeadingStrike","Armaments+1"],"picked":"Twin Strike","floor":48}],"player_experience":232161,"relics_obtained":[{"floor":7,"key":"Another Sword"},{"floor":9,"key":"Pantograph"},{"floor":13,"key":"Ring of Peace"},{"floor":13,"key":"ReplayTheSpireMod:Ring of Exchange"},{"floor":14,"key":"Red Skull"},{"floor":23,"key":"InkBottle"},{"floor":25,"key":"Gremlin Horn"},{"floor":26,"key":"Replay:Accelerometer"},{"floor":28,"key":"Iron Hammer"},{"floor":40,"key":"Replay:Bottled Eggs"},{"floor":48,"key":"Bag of Preparation"}],"event_choices":[{"damage_healed":0,"gold_gain":0,"player_choice":"Grow","damage_taken":0,"max_hp_gain":0,"max_hp_loss":0,"event_name":"Living Wall","floor":4,"gold_loss":0,"cards_upgraded":["Replay:Undeath\u0027s Touch"]},{"damage_healed":0,"gold_gain":0,"player_choice":"Simplicity","damage_taken":0,"max_hp_gain":0,"max_hp_loss":0,"event_name":"Back to Basics","floor":19,"gold_loss":0,"cards_upgraded":["Strike_R","Strike_R","Strike_R","Strike_R","Strike_R","Defend_R","Defend_R","Defend_R","Defend_R"]},{"damage_healed":0,"gold_gain":0,"player_choice":"Ignored","damage_taken":0,"max_hp_gain":0,"max_hp_loss":0,"event_name":"Ghosts","floor":20,"gold_loss":0},{"damage_healed":0,"gold_gain":0,"player_choice":"Became a vampire","damage_taken":0,"max_hp_gain":0,"max_hp_loss":24,"event_name":"Vampires","floor":22,"gold_loss":0,"cards_obtained":["Bite","Bite","Bite","Bite","Bite"]},{"cards_removed":["Defend_R"],"damage_healed":0,"gold_gain":0,"player_choice":"Removed Skill","damage_taken":0,"max_hp_gain":0,"max_hp_loss":0,"event_name":"Falling","floor":36,"gold_loss":0}],"is_beta":false,"boss_relics":[{"not_picked":["SlaversCollar","Replay:Wanted Poster"],"picked":"Sozu"},{"not_picked":["ChewingGum","Replay:Bronze Core"],"picked":"Ooze Armor"}],"items_purged_floors":[27],"is_endless":false,"potions_floor_spawned":[1,2,12,16,18,25,28,30,35,38,40,45],"killed_by":"Time Eater","ascension_level":8}}