{"host":"3498uni0c31c9bdm","time":1608202626,"event":{"mods":["BaseMod","Better Third Choice","Downfall","Minty Spire (QoL Compilation)","StSLib"],"gold_per_floor":[99,99,84,9,21,39,39,65,77,2,102,163,175,191,201,304,304,229,279,298,323,323,58,81,107,123,153,203,222,272,283,302,403,403,403,416,513,544,544,554,580,597,647,76,111,126,141,13,26,26,26,26,26],"floor_reached":52,"playtime":4500,"items_purged":[],"score":696,"play_id":"83471e80-7e34-442b-8a05-1bb09ef5c475","local_time":"20201217215706","is_ascension_mode":false,"campfire_choices":[{"floor":1.0,"key":"RECALL"},{"data":"Guardian:CurlUp","floor":4.0,"key":"SMITH"},{"data":"Guardian:ShieldCharger","floor":10.0,"key":"SMITH"},{"data":"Guardian:GuardianWhirl","floor":18.0,"key":"SMITH"},{"data":"Guardian:Repulse","floor":22.0,"key":"SMITH"},{"data":"Guardian:AncientConstruct","floor":35.0,"key":"SMITH"},{"data":"Guardian:PolyBeam","floor":39.0,"key":"SMITH"}],"circlet_count":0,"master_deck":["Guardian:Strike_Guardian","Guardian:Strike_Guardian","Guardian:Strike_Guardian","Guardian:Strike_Guardian","Guardian:Defend_Guardian","Guardian:Defend_Guardian","Guardian:Defend_Guardian","Guardian:Defend_Guardian","Guardian:CurlUp+1","Guardian:TwinSlam","Guardian:ShieldCharger+1","Guardian:PrimingBeam","Guardian:RevengeProtocol","Guardian:MultiBeam","Guardian:PolyBeam+1","Guardian:ArmoredProtocol","Guardian:PiercingHide","Guardian:GuardianWhirl+1","Guardian:AncientConstruct+1","CurseOfTheBell","Guardian:Gem_Fragmented","Guardian:Repulse+1","Guardian:ChargeUp+1","Guardian:Planning+1","Guardian:SphericShield+1","Guardian:BronzeOrb","Guardian:Suspension+1","Guardian:RollAttack","Guardian:DecasProtection+1","Guardian:WalkerClaw","Guardian:Incinerate","Guardian:Incinerate","expansioncontent:DarkVoid","Guardian:Gem_Purple","Guardian:Gem_Lightblue","Guardian:Recover+1","Guardian:ChargeCore","Guardian:TimeBomb+1","Guardian:ShieldSpikes+1","Guardian:TimeBomb+1","Guardian:FloatingOrbs"],"relics":["Guardian:ModeShifter","Guardian:PickAxe","downfall:HeartBlessingRed","Vajra","downfall:HeartBlessingGreen","downfall:CloakOfManyFaces","CultistMask","FaceOfCleric","NlothsMask","GremlinMask","SsserpentHead","Calling Bell","Ancient Tea Set","Toxic Egg 2","Thread and Needle","downfall:HeartBlessingBlue","The Courier","Bird Faced Urn","Blue Candle","Bag of Preparation","MutagenicStrength","SlaversCollar","Torii","Bottled Tornado","Akabeko","Pantograph","Nunchaku","Omamori","Oddly Smooth Stone","Bronze Scales","Letter Opener"],"acts_visited":["TheEnding"],"potions_floor_usage":[],"damage_taken":[{"damage":0.0,"enemies":"downfall:FleeingMerchant","floor":3.0,"turns":4.0},{"damage":0.0,"enemies":"Jaw Worm","floor":5.0,"turns":3.0},{"damage":0.0,"enemies":"Cultist","floor":6.0,"turns":3.0},{"damage":11.0,"enemies":"Lagavulin","floor":8.0,"turns":6.0},{"damage":1.0,"enemies":"Small Slimes","floor":9.0,"turns":3.0},{"damage":2.0,"enemies":"downfall:FaceTrader","floor":11.0,"turns":6.0},{"damage":2.0,"enemies":"2 Fungi Beasts","floor":12.0,"turns":2.0},{"damage":0.0,"enemies":"Large Slime","floor":13.0,"turns":5.0},{"damage":7.0,"enemies":"Red Slaver","floor":14.0,"turns":3.0},{"damage":0.0,"enemies":"2 Fungi Beasts","floor":15.0,"turns":2.0},{"damage":5.0,"enemies":"downfall:CharBossWatcher","floor":16.0,"turns":6.0},{"damage":0.0,"enemies":"Spheric Guardian","floor":20.0,"turns":3.0},{"damage":11.0,"enemies":"Gremlin Leader","floor":21.0,"turns":7.0},{"damage":11.0,"enemies":"downfall:FleeingMerchant","floor":23.0,"turns":4.0},{"damage":30.0,"enemies":"Book of Stabbing","floor":25.0,"turns":6.0},{"damage":0.0,"enemies":"3 Byrds","floor":26.0,"turns":3.0},{"damage":22.0,"enemies":"Gremlin Leader","floor":27.0,"turns":8.0},{"damage":14.0,"enemies":"3 Cultists","floor":29.0,"turns":5.0},{"damage":2.0,"enemies":"Snake Plant","floor":31.0,"turns":4.0},{"damage":0.0,"enemies":"Cultist and Chosen","floor":32.0,"turns":5.0},{"damage":10.0,"enemies":"downfall:CharBossSilent","floor":33.0,"turns":7.0},{"damage":0.0,"enemies":"3 Shapes","floor":36.0,"turns":4.0},{"damage":22.0,"enemies":"2 Orb Walkers","floor":37.0,"turns":6.0},{"damage":8.0,"enemies":"Nemesis","floor":38.0,"turns":5.0},{"damage":0.0,"enemies":"Orb Walker","floor":40.0,"turns":3.0},{"damage":10.0,"enemies":"Sphere and 2 Shapes","floor":42.0,"turns":5.0},{"damage":3.0,"enemies":"downfall:FleeingMerchant","floor":44.0,"turns":4.0},{"damage":3.0,"enemies":"downfall:FleeingMerchant","floor":45.0,"turns":4.0},{"damage":0,"enemies":"4 Shapes","floor":46,"turns":3},{"damage":0,"enemies":"Spire Growth","floor":47,"turns":6},{"damage":0,"enemies":"downfall:FleeingMerchant","floor":48,"turns":1},{"damage":0,"enemies":"Transient","floor":49,"turns":5},{"damage":0,"enemies":"downfall:CharBossDefect","floor":50,"turns":1},{"damage":157,"enemies":"downfall:CharBossMerchant","floor":52,"turns":10}],"seed_played":"-74101490019287499","potions_obtained":[{"floor":5.0,"key":"CultistPotion"},{"floor":12.0,"key":"Strength Potion"},{"floor":14.0,"key":"CultistPotion"},{"floor":16.0,"key":"Strength Potion"},{"floor":19.0,"key":"CultistPotion"},{"floor":27.0,"key":"LiquidBronze"},{"floor":32.0,"key":"LiquidBronze"},{"floor":33.0,"key":"GamblersBrew"},{"floor":36.0,"key":"BlessingOfTheForge"},{"floor":42.0,"key":"PowerPotion"},{"floor":46,"key":"Energy Potion"},{"floor":49,"key":"Dexterity Potion"}],"is_trial":false,"path_per_floor":["R","?","$","R","M","M","T","E","M","R","?","M","M","M","M","B",null,"R","?","M","E","R","$","T","E","M","E","?","M","?","M","M","B",null,"R","M","?","E","R","M","T","M","?","$","?","M","M","$","M","B",null,"E"],"character_chosen":"GUARDIAN","items_purchased":["Bird Faced Urn","Pantograph","Nunchaku","Omamori","Oddly Smooth Stone","Bronze Scales","Letter Opener","Guardian:TimeBomb+1","Guardian:ShieldSpikes+1","Guardian:TimeBomb+1"],"campfire_rested":0,"item_purchase_floors":[23,44,44,44,44,48,48,48,48,48],"current_hp_per_floor":[88,88,88,88,88,88,88,77,76,76,74,73,74,68,69,65,93,103,103,104,94,94,84,84,63,66,51,51,42,42,45,48,45,113,113,114,97,100,100,107,107,108,108,110,114,121,122,123,124,125,125,0,0],"gold":26,"neow_bonus":"TEN_PERCENT_HP_BONUS","is_daily":false,"chose_seed":false,"campfire_upgraded":6,"win_rate":0.0,"timestamp":1608202626,"path_taken":["R","?","$","R","M","M","T","E","M","R","?","?","M","M","M","BOSS","R","?","M","E","R","$","T","E","M","E","?","M","?","M","M","BOSS","R","M","?","E","R","M","T","M","?","$","?","M","M","$","M","BOSS","E"],"items_purchased_type":["Relic","Relic","Relic","Relic","Relic","Relic","Relic","Card","Card","Card"],"build_version":"2020-12-13","purchased_purges":0,"victory":false,"max_hp_per_floor":[88,88,88,88,88,88,88,88,88,88,88,89,90,91,92,93,93,103,103,104,105,105,106,106,107,108,109,109,110,110,111,112,113,113,113,114,115,116,116,117,117,118,118,119,120,121,122,123,124,125,125,125,125],"card_choices":[{"not_picked":["Guardian:TemporalShield","Guardian:Planning"],"picked":"Guardian:ShieldCharger","floor":5.0},{"not_picked":["Guardian:PrismaticBeam","Guardian:Gem_Red"],"picked":"Guardian:PrimingBeam","floor":6.0},{"not_picked":["Guardian:Gem_Blue","Guardian:PiercingHide"],"picked":"Guardian:RevengeProtocol","floor":8.0},{"not_picked":["Guardian:PrimingBeam","Guardian:Preprogram"],"picked":"Guardian:MultiBeam","floor":9.0},{"not_picked":["Guardian:TimeCapacitor","Guardian:TemporalStrike"],"picked":"Guardian:PolyBeam","floor":11.0},{"not_picked":["Guardian:RollAttack","Guardian:Suspension"],"picked":"Guardian:ArmoredProtocol","floor":12.0},{"not_picked":["Guardian:SpikerProtocol","Guardian:Preprogram"],"picked":"Guardian:Gem_Fragmented","floor":13.0},{"not_picked":["Guardian:TemporalShield","Guardian:PolyBeam"],"picked":"Guardian:PiercingHide","floor":14.0},{"not_picked":["Guardian:Harden","Guardian:Gem_Red"],"picked":"Guardian:GuardianWhirl","floor":15.0},{"not_picked":["Guardian:StasisField","Guardian:ExploitGems"],"picked":"Guardian:AncientConstruct","floor":16.0},{"not_picked":["Guardian:Gem_Red","Guardian:RefractedBeam"],"picked":"Guardian:Gem_Fragmented","floor":20.0},{"not_picked":["Guardian:VentSteam+1","Guardian:Gem_Orange"],"picked":"Guardian:Repulse","floor":21.0},{"not_picked":["Guardian:Gem_Fragmented","Guardian:TemporalStrike"],"picked":"Guardian:ChargeUp+1","floor":25.0},{"not_picked":["Guardian:PiercingHide+1","Guardian:Gem_White"],"picked":"Guardian:Gem_Cyan","floor":26.0},{"not_picked":["Guardian:Incinerate","Guardian:CrystalBeam+1"],"picked":"Guardian:Planning+1","floor":27.0},{"not_picked":["Guardian:PiercingHide+1","Guardian:Gem_Cyan"],"picked":"Guardian:SphericShield+1","floor":29.0},{"not_picked":["Guardian:TemporalShield+1","Guardian:PiercingHide+1"],"picked":"Guardian:BronzeOrb","floor":31.0},{"not_picked":["Guardian:CrystalBeam","Guardian:RefractedBeam"],"picked":"Guardian:Suspension+1","floor":32.0},{"not_picked":["Guardian:ConstructionForm","Guardian:TimeSifter"],"picked":"Guardian:Gem_Orange","floor":33.0},{"not_picked":["Guardian:Suspension+1","Guardian:Planning+1"],"picked":"Guardian:RollAttack","floor":36.0},{"not_picked":["Guardian:CrystalBeam","Guardian:Planning+1"],"picked":"Guardian:DecasProtection+1","floor":37.0},{"not_picked":["Guardian:Incinerate","Guardian:Gem_Red"],"picked":"Guardian:WalkerClaw","floor":38.0},{"not_picked":["Guardian:WeakpointTargeting+1","Guardian:Gem_Fragmented"],"picked":"Guardian:Incinerate","floor":40.0},{"not_picked":["Guardian:VentSteam+1","Guardian:Planning+1"],"picked":"Guardian:Incinerate","floor":42.0},{"not_picked":["expansioncontent:ManipulateTime+1","expansioncontent:LastStand"],"picked":"expansioncontent:DarkVoid","floor":43.0},{"not_picked":["Guardian:Recover+1","Guardian:Gem_Fragmented"],"picked":"Guardian:Gem_Purple","floor":45},{"not_picked":["Guardian:ArmoredProtocol","Guardian:ShieldSpikes+1"],"picked":"Guardian:Gem_Lightblue","floor":46},{"not_picked":["Guardian:Harden+1","Guardian:PolyBeam"],"picked":"Guardian:Recover+1","floor":47},{"not_picked":["Guardian:WalkerClaw","Guardian:TemporalShield+1"],"picked":"Guardian:ChargeCore","floor":48},{"not_picked":["Guardian:GuardianWhirl","Guardian:Reroute"],"picked":"Guardian:FloatingOrbs","floor":49}],"player_experience":644946,"relics_obtained":[{"floor":8.0,"key":"Vajra"},{"floor":11.0,"key":"downfall:CloakOfManyFaces"},{"floor":17.0,"key":"Ancient Tea Set"},{"floor":17.0,"key":"Toxic Egg 2"},{"floor":17.0,"key":"Thread and Needle"},{"floor":21.0,"key":"The Courier"},{"floor":25.0,"key":"Blue Candle"},{"floor":27.0,"key":"Bag of Preparation"},{"floor":37.0,"key":"Torii"},{"floor":38.0,"key":"Bottled Tornado"},{"floor":41.0,"key":"Akabeko"}],"event_choices":[{"damage_healed":0.0,"max_hp_gain":0.0,"max_hp_loss":0.0,"gold_gain":0.0,"event_name":"Drug Dealer","player_choice":"Inject Mutagens","floor":28.0,"gold_loss":0.0,"damage_taken":0.0,"relics_obtained":["MutagenicStrength"]},{"damage_healed":0.0,"max_hp_gain":0.0,"max_hp_loss":0.0,"gold_gain":0.0,"event_name":"Mysterious Sphere","player_choice":"Fight","floor":37.0,"gold_loss":0.0,"damage_taken":0.0}],"is_beta":false,"boss_relics":[{"not_picked":["Astrolabe","Fusion Hammer"],"picked":"Calling Bell"},{"not_picked":["Sozu","SacredBark"],"picked":"SlaversCollar"}],"items_purged_floors":[],"is_endless":false,"potions_floor_spawned":[5,12,14,16,20,27,32,33,36,42,46,49],"killed_by":"downfall:CharBossMerchant","ascension_level":0}}