{"host":"bg8va46pgqgvtzim","time":1608220584,"event":{"mods":["BaseMod","Minty Spire (QoL Compilation)","Quick Restart","StSLib","SuperFastMode","¡¾ÒÅÎï¿¨ÅÆ¡¿REMEMod"],"gold_per_floor":[110,130,205,223,240,240,271,271,271,271,32,44,79,97,97,192,192,210,125,224,224,243,276,276,209,209,236,86,186,214,214,214,312,312,326,177,189,239,239,264,264,293,293,293,313,313,313],"floor_reached":46,"playtime":1511,"items_purged":["Strike_G","Strike_G","Strike_G","Strike_G"],"score":727,"play_id":"da1d6102-ea6c-47f1-b3d2-9af894495416","local_time":"20201217235624","is_ascension_mode":true,"campfire_choices":[{"data":"Noxious Fumes","floor":6.0,"key":"SMITH"},{"data":"Barricade","floor":8.0,"key":"SMITH"},{"data":"Neutralize","floor":10.0,"key":"SMITH"},{"data":"Apotheosis","floor":15.0,"key":"SMITH"},{"floor":24.0,"key":"REST"},{"floor":32.0,"key":"RECALL"},{"data":"Adrenaline","floor":41.0,"key":"SMITH"},{"data":"Prepared","floor":44.0,"key":"SMITH"}],"circlet_count":1,"master_deck":["Defend_G","Defend_G","Defend_G","Defend_G","Defend_G","Survivor","Neutralize+1","Barricade+1","Acrobatics","Noxious Fumes+1","Apotheosis+1","Adrenaline+1","Expertise","Purity","Madness","Footwork","After Image","Prepared+1","Outmaneuver+1","Escape Plan+1"],"relics":["Ring of the Snake","Circlet","NeowsBlessing","Lizard Tail","WingedGreaves","Membership Card","Paper Crane","Matryoshka","MawBank","Tough Bandages","Bottled Lightning","Nloth\u0027s Gift","SlaversCollar","Medical Kit","Incense Burner","Art of War","Question Card"],"acts_visited":["Exordium","TheCity","TheBeyond"],"potions_floor_usage":[45],"damage_taken":[{"damage":0.0,"enemies":"Small Slimes","floor":1.0,"turns":1.0},{"damage":0.0,"enemies":"Jaw Worm","floor":2.0,"turns":1.0},{"damage":0.0,"enemies":"Cultist","floor":4.0,"turns":1.0},{"damage":7.0,"enemies":"2 Fungi Beasts","floor":5.0,"turns":6.0},{"damage":0.0,"enemies":"Lagavulin","floor":7.0,"turns":12.0},{"damage":2.0,"enemies":"3 Louse","floor":12.0,"turns":4.0},{"damage":10.0,"enemies":"3 Sentries","floor":13.0,"turns":8.0},{"damage":17.0,"enemies":"Exordium Thugs","floor":14.0,"turns":5.0},{"damage":19.0,"enemies":"The Guardian","floor":16.0,"turns":14.0},{"damage":0.0,"enemies":"Spheric Guardian","floor":18.0,"turns":8.0},{"damage":0.0,"enemies":"3 Byrds","floor":22.0,"turns":9.0},{"damage":48.0,"enemies":"Slavers","floor":23.0,"turns":7.0},{"damage":2.0,"enemies":"Gremlin Leader","floor":27.0,"turns":8.0},{"damage":0.0,"enemies":"Colosseum Slavers","floor":29.0,"turns":7.0},{"damage":0.0,"enemies":"Colosseum Nobs","floor":29.0,"turns":5.0},{"damage":0.0,"enemies":"REME_1_Revenger","floor":30.0,"turns":7.0},{"damage":0.0,"enemies":"Collector","floor":33.0,"turns":7.0},{"damage":0.0,"enemies":"3 Shapes","floor":35.0,"turns":6.0},{"damage":0.0,"enemies":"Orb Walker","floor":37.0,"turns":5.0},{"damage":20.0,"enemies":"2 Orb Walkers","floor":38.0,"turns":8.0},{"damage":7.0,"enemies":"Reptomancer","floor":40.0,"turns":6.0},{"damage":0.0,"enemies":"Giant Head","floor":42.0,"turns":8.0},{"damage":46,"enemies":"Transient","floor":45,"turns":5},{"damage":7,"enemies":"Reptomancer","floor":46,"turns":2}],"seed_played":"2813851611732848117","potions_obtained":[{"floor":2.0,"key":"Regen Potion"},{"floor":13.0,"key":"DuplicationPotion"},{"floor":14.0,"key":"DuplicationPotion"},{"floor":18.0,"key":"Weak Potion"},{"floor":29.0,"key":"Poison Potion"},{"floor":33.0,"key":"Explosive Potion"},{"floor":40.0,"key":"SteroidPotion"},{"floor":42.0,"key":"Poison Potion"}],"is_trial":false,"path_per_floor":["M","M","?","M","M","R","E","R","T","R","$","M","E","M","R","B",null,"M","$","?","?","M","E","R","$","T","E","$","?","E","?","R","B",null,"M","$","M","?","?","E","R","E","T","R","M","E"],"character_chosen":"THE_SILENT","items_purchased":["Membership Card","Apotheosis","Purity","Footwork","After Image","Prepared","Medical Kit"],"campfire_rested":1,"item_purchase_floors":[11,11,19,25,28,28,36],"current_hp_per_floor":[70,70,59,59,52,52,52,52,52,52,52,50,55,38,38,19,70,70,70,70,70,70,22,43,43,43,41,41,41,41,41,41,41,70,70,70,70,50,50,43,43,43,43,43,35,28,28],"gold":313,"neow_bonus":"THREE_ENEMY_KILL","is_daily":false,"chose_seed":false,"campfire_upgraded":6,"win_rate":0.0,"timestamp":1608220584,"path_taken":["M","M","?","M","M","R","E","R","T","R","$","M","E","M","R","BOSS","M","$","?","?","?","E","R","$","T","E","$","?","E","?","R","BOSS","M","$","M","?","?","E","R","E","T","R","M","E"],"items_purchased_type":["Relic","Card","Card","Card","Card","Card","Relic"],"build_version":"2020-12-13","purchased_purges":4,"victory":false,"max_hp_per_floor":[70,70,70,70,70,70,70,70,70,70,70,70,70,70,70,70,70,70,70,70,70,70,70,70,70,70,70,70,70,70,70,70,70,70,70,70,70,70,70,70,70,70,70,70,70,70,70],"card_choices":[{"not_picked":["Dagger Spray","Slice","Flying Knee"],"picked":"SKIP","floor":1.0},{"not_picked":["Sucker Punch","Dagger Throw"],"picked":"Acrobatics","floor":2.0},{"not_picked":["Finisher","Heel Hook","Cloak And Dagger"],"picked":"SKIP","floor":4.0},{"not_picked":["Dagger Throw","Finisher"],"picked":"Noxious Fumes","floor":5.0},{"not_picked":["Poisoned Stab","Quick Slash","Cloak And Dagger"],"picked":"SKIP","floor":7.0},{"not_picked":["Outmaneuver","Prepared","REME_ShadowForm"],"picked":"SKIP","floor":12.0},{"not_picked":["Quick Slash","Choke","Slice"],"picked":"SKIP","floor":13.0},{"not_picked":["All Out Attack","PiercingWail","Crippling Poison"],"picked":"SKIP","floor":14.0},{"not_picked":["Unload","REME_ShadowForm"],"picked":"Adrenaline","floor":16.0},{"not_picked":["Dodge and Roll","Poisoned Stab+1"],"picked":"Expertise","floor":18.0},{"not_picked":["Slice","Dagger Spray"],"picked":"REME_GreenPollution","floor":22.0},{"not_picked":["Masterful Stab","Backflip","Cloak And Dagger"],"picked":"SKIP","floor":23.0},{"not_picked":["Deflect","Dagger Throw","REME_SpectralBlade"],"picked":"SKIP","floor":27.0},{"not_picked":["Leg Sweep","A Thousand Cuts","Outmaneuver"],"picked":"SKIP","floor":30.0},{"not_picked":["Dodge and Roll","Choke","Infinite Blades"],"picked":"SKIP","floor":35.0},{"not_picked":["All Out Attack","Deadly Poison+1","Glass Knife"],"picked":"SKIP","floor":37.0},{"not_picked":["Unload","Expertise+1"],"picked":"Outmaneuver+1","floor":38.0},{"not_picked":["Dash+1","Dagger Spray+1"],"picked":"Escape Plan+1","floor":40.0},{"not_picked":["Slice","Dash+1","Poisoned Stab+1"],"picked":"SKIP","floor":42.0},{"not_picked":["Phantasmal Killer","Blur","Dagger Spray","Night Terror"],"picked":"SKIP","floor":45}],"player_experience":2120601,"relics_obtained":[{"floor":7.0,"key":"Lizard Tail"},{"floor":9.0,"key":"WingedGreaves"},{"floor":13.0,"key":"Ornamental Fan"},{"floor":23.0,"key":"Paper Crane"},{"floor":26.0,"key":"Matryoshka"},{"floor":27.0,"key":"MawBank"},{"floor":29.0,"key":"Tough Bandages"},{"floor":29.0,"key":"Bottled Lightning"},{"floor":38.0,"key":"Incense Burner"},{"floor":40.0,"key":"Art of War"},{"floor":42.0,"key":"Question Card"}],"event_choices":[{"damage_healed":0.0,"max_hp_gain":0.0,"max_hp_loss":0.0,"gold_gain":75.0,"event_name":"World of Goop","player_choice":"Gather Gold","floor":3.0,"gold_loss":0.0,"damage_taken":11.0},{"damage_healed":0.0,"max_hp_gain":0.0,"max_hp_loss":0.0,"gold_gain":99.0,"event_name":"Nest","player_choice":"Stole From Cult","floor":20.0,"gold_loss":0.0,"damage_taken":0.0},{"cards_removed":["Strike_G"],"damage_healed":0.0,"max_hp_gain":0.0,"max_hp_loss":0.0,"gold_gain":0.0,"event_name":"Purifier","player_choice":"Purged","floor":21.0,"gold_loss":0.0,"damage_taken":0.0},{"damage_healed":0.0,"max_hp_gain":0.0,"max_hp_loss":0.0,"gold_gain":0.0,"event_name":"Colosseum","player_choice":"Fight","floor":29.0,"gold_loss":0.0,"damage_taken":0.0},{"damage_healed":0.0,"max_hp_gain":0.0,"max_hp_loss":0.0,"gold_gain":0.0,"event_name":"Colosseum","player_choice":"Fought Nobs","floor":29.0,"gold_loss":0.0,"damage_taken":0.0},{"damage_healed":0.0,"max_hp_gain":0.0,"max_hp_loss":0.0,"gold_gain":0.0,"event_name":"N\u0027loth","player_choice":"Traded Relic","floor":31.0,"relics_lost":["Ornamental Fan"],"gold_loss":0.0,"damage_taken":0.0,"relics_obtained":["Nloth\u0027s Gift"]},{"damage_healed":0.0,"max_hp_gain":0.0,"max_hp_loss":0.0,"gold_gain":0.0,"event_name":"Mysterious Sphere","player_choice":"Fight","floor":38.0,"gold_loss":0.0,"damage_taken":0.0},{"damage_healed":0.0,"max_hp_gain":0.0,"max_hp_loss":0.0,"gold_gain":0.0,"event_name":"Tomb of Lord Red Mask","player_choice":"Ignored","floor":39.0,"gold_loss":0.0,"damage_taken":0.0}],"is_beta":false,"boss_relics":[{"not_picked":["Snecko Eye","REME_DemonsWealth"],"picked":"REME_DuelDisc"},{"not_picked":["Ring of the Serpent","Velvet Choker"],"picked":"SlaversCollar"}],"items_purged_floors":[19,25,28,36],"is_endless":false,"potions_floor_spawned":[2,13,14,18,29,33,40,42],"killed_by":"Reptomancer","ascension_level":1}}