{"host":"fevvm7bbzuh4s1jc","time":1608238375,"event":{"mods":["BaseMod","Highlight Path","Minty Spire (QoL Compilation)","Relic Stats"],"gold_per_floor":[115,7,7,82,94,94,124,124,124,151,162,162,177,177,177,275,275,293,218,241,241,259,297,297,340,421,440,440,178,211,336,336,432,432,455,80,443,462,462,502,502,545,570,610,610,610,610,630,630,630,630,630,630,26,61,61],"floor_reached":57,"playtime":11175,"items_purged":["Defend_P+1","Strike_P+1"],"score":3379,"play_id":"74b7e0aa-7bb0-4b9d-b9b3-32531c12c4f2","local_time":"20201217155255","is_ascension_mode":true,"campfire_choices":[{"data":"Eruption","floor":6,"key":"SMITH"},{"data":"DeceiveReality","floor":8,"key":"SMITH"},{"data":"Vigilance","floor":12,"key":"SMITH"},{"floor":15,"key":"REST"},{"data":"Scrawl","floor":24,"key":"SMITH"},{"floor":28,"key":"REST"},{"data":"WaveOfTheHand","floor":32,"key":"SMITH"},{"floor":41,"key":"RECALL"},{"data":"TalkToTheHand","floor":45,"key":"SMITH"},{"data":"Tantrum","floor":49,"key":"SMITH"},{"floor":53,"key":"REST"}],"circlet_count":0,"master_deck":["AscendersBane","Strike_P+1","Defend_P+1","Defend_P+1","Defend_P+1","Eruption+1","Vigilance+1","CutThroughFate+1","CutThroughFate+1","FlurryOfBlows+1","DeceiveReality+1","ClearTheMind+1","LessonLearned+1","Scrawl+1","EmptyFist+1","CrushJoints+1","MentalFortress+1","Halt+1","DevaForm+1","WheelKick+1","Adaptation+1","WaveOfTheHand+1","Vault+1","CutThroughFate+1","Scrawl+1","CurseOfTheBell","ThirdEye+1","Evaluate+1","ThirdEye+1","Tantrum+1","DeusExMachina+1","Sanctity+1","TalkToTheHand+1","MasterReality+1","CutThroughFate+1","TalkToTheHand+1"],"relics":["PureWater","NeowsBlessing","Bronze Scales","TungstenRod","War Paint","Golden Idol","SlaversCollar","The Courier","Frozen Egg 2","Gremlin Horn","Nunchaku","Eternal Feather","Bird Faced Urn","Toxic Egg 2","Calling Bell","Orichalcum","Letter Opener","Ginger","Yang","Old Coin","Dead Branch","Blood Vial","Pen Nib","Molten Egg 2","Bag of Preparation","Mummified Hand","InkBottle","Gambling Chip"],"acts_visited":["Exordium","TheCity","TheBeyond","TheEnding"],"potions_floor_usage":[10,10,16,23,31,31,56],"damage_taken":[{"damage":0,"enemies":"Cultist","floor":1,"turns":1},{"damage":0,"enemies":"Jaw Worm","floor":5,"turns":1},{"damage":0,"enemies":"Gremlin Nob","floor":7,"turns":1},{"damage":0,"enemies":"Lagavulin","floor":10,"turns":3},{"damage":0,"enemies":"Small Slimes","floor":11,"turns":4},{"damage":0,"enemies":"Looter","floor":13,"turns":2},{"damage":7,"enemies":"The Guardian","floor":16,"turns":10},{"damage":7,"enemies":"Shell Parasite","floor":18,"turns":8},{"damage":3,"enemies":"Spheric Guardian","floor":20,"turns":5},{"damage":2,"enemies":"Snake Plant","floor":22,"turns":6},{"damage":0,"enemies":"Gremlin Leader","floor":23,"turns":5},{"damage":8,"enemies":"Slavers","floor":25,"turns":6},{"damage":9,"enemies":"Shelled Parasite and Fungi","floor":27,"turns":6},{"damage":1,"enemies":"Gremlin Leader","floor":30,"turns":4},{"damage":6,"enemies":"Colosseum Slavers","floor":31,"turns":4},{"damage":0,"enemies":"Colosseum Nobs","floor":31,"turns":2},{"damage":0,"enemies":"Automaton","floor":33,"turns":8},{"damage":12,"enemies":"3 Shapes","floor":35,"turns":3},{"damage":16,"enemies":"2 Orb Walkers","floor":37,"turns":5},{"damage":6,"enemies":"Orb Walker","floor":38,"turns":5},{"damage":0,"enemies":"Reptomancer","floor":40,"turns":4},{"damage":0,"enemies":"Giant Head","floor":42,"turns":5},{"damage":0,"enemies":"Reptomancer","floor":44,"turns":2},{"damage":11,"enemies":"3 Darklings","floor":48,"turns":3},{"damage":10,"enemies":"Donu and Deca","floor":50,"turns":5},{"damage":23,"enemies":"Time Eater","floor":51,"turns":8},{"damage":0,"enemies":"Shield and Spear","floor":55,"turns":4},{"damage":1,"enemies":"The Heart","floor":56,"turns":5}],"seed_played":"-7121158865178783744","potions_obtained":[{"floor":5,"key":"Ancient Potion"},{"floor":10,"key":"BlessingOfTheForge"},{"floor":11,"key":"DistilledChaos"},{"floor":18,"key":"Block Potion"},{"floor":20,"key":"BottledMiracle"},{"floor":25,"key":"Swift Potion"},{"floor":27,"key":"Swift Potion"},{"floor":31,"key":"BlessingOfTheForge"},{"floor":33,"key":"StancePotion"},{"floor":44,"key":"DuplicationPotion"}],"is_trial":false,"path_per_floor":["M","$","?","?","M","R","E","R","T","E","M","R","M","?","R","B",null,"M","?","M","?","M","E","R","E","T","M","R","$","E","?","R","B",null,"M","$","?","M","?","E","R","E","T","E","R","?","T","M","R","B","B",null,"R","$","E","B",null],"character_chosen":"WATCHER","items_purchased":["SteroidPotion","CutThroughFate","Nunchaku","WaveOfTheHand","Yang","Evaluate+1","ThirdEye+1","Bag of Preparation","Mummified Hand","InkBottle","CutThroughFate+1"],"campfire_rested":3,"item_purchase_floors":[2,2,29,29,36,36,36,54,54,54,54],"current_hp_per_floor":[61,61,41,30,30,30,30,30,30,30,30,30,30,8,28,21,56,49,49,46,46,44,44,44,36,36,27,47,47,46,40,55,61,66,58,58,46,44,44,48,65,65,65,65,65,65,65,56,65,60,44,60,65,65,65,65],"gold":61,"neow_bonus":"THREE_ENEMY_KILL","is_daily":false,"chose_seed":false,"campfire_upgraded":7,"win_rate":0.0,"timestamp":1608238375,"path_taken":["M","$","?","?","M","R","E","R","T","E","M","R","M","?","R","BOSS","M","?","M","?","M","E","R","E","T","?","R","$","E","?","R","BOSS","M","$","?","M","?","E","R","E","T","E","R","?","?","?","R","BOSS","BOSS","R","$","E","BOSS"],"items_purchased_type":["Potion","Card","Relic","Card","Relic","Card","Card","Relic","Relic","Relic","Card"],"build_version":"2020-12-13","purchased_purges":2,"victory":true,"max_hp_per_floor":[68,68,68,68,68,68,68,68,68,68,68,68,68,68,68,68,68,68,68,68,68,68,68,68,68,68,68,68,68,68,68,68,68,68,68,68,68,68,65,65,65,65,65,65,65,65,65,65,65,65,65,65,65,65,65,65],"relic_stats":{"Gremlin Horn":[22,23],"counters":[28,125],"Golden Idol":219,"Dead Branch":[95],"Eternal Feather":46,"Yang":[184],"Pen Nib":[10],"Bag of Preparation":[4],"Letter Opener":[355],"Ginger":[3],"War Paint":["Defend_P","Defend_P"],"Orichalcum":[18],"Blood Vial":2,"Nunchaku":[26],"Mummified Hand":[16],"Bronze Scales":[396],"Bird Faced Urn":[35],"Gambling Chip":[4],"obtain_stats":[{"Gremlin Horn":26,"Yang":36,"Bag of Preparation":54,"Ginger":34,"Old Coin":37,"Blood Vial":42,"Nunchaku":29,"Mummified Hand":54,"Gambling Chip":55,"Toxic Egg 2":31,"InkBottle":54,"NeowsBlessing":0,"Golden Idol":14,"Dead Branch":40,"Eternal Feather":30,"The Courier":23,"Pen Nib":44,"Letter Opener":34,"War Paint":10,"Frozen Egg 2":25,"Orichalcum":34,"Calling Bell":34,"SlaversCollar":17,"Bronze Scales":7,"Bird Faced Urn":31,"Molten Egg 2":47,"PureWater":0,"TungstenRod":9},{"Gremlin Horn":12,"Yang":18,"Bag of Preparation":26,"Ginger":17,"Old Coin":19,"Blood Vial":22,"Nunchaku":13,"Mummified Hand":26,"Gambling Chip":27,"Toxic Egg 2":16,"InkBottle":26,"NeowsBlessing":0,"Golden Idol":6,"Dead Branch":21,"Eternal Feather":14,"The Courier":11,"Pen Nib":23,"Letter Opener":17,"War Paint":4,"Frozen Egg 2":12,"Orichalcum":17,"Calling Bell":17,"SlaversCollar":7,"Bronze Scales":3,"Bird Faced Urn":16,"Molten Egg 2":23,"PureWater":0,"TungstenRod":3},{"Gremlin Horn":52,"Yang":79,"Bag of Preparation":116,"Ginger":76,"Old Coin":84,"Blood Vial":98,"Nunchaku":58,"Mummified Hand":116,"Gambling Chip":120,"Toxic Egg 2":68,"InkBottle":116,"NeowsBlessing":0,"Golden Idol":12,"Dead Branch":93,"Eternal Feather":62,"The Courier":46,"Pen Nib":100,"Letter Opener":76,"War Paint":6,"Frozen Egg 2":52,"Orichalcum":76,"Calling Bell":76,"SlaversCollar":22,"Bronze Scales":3,"Bird Faced Urn":68,"Molten Egg 2":100,"PureWater":0,"TungstenRod":3}],"TungstenRod":29,"InkBottle":[11]},"card_choices":[{"not_picked":["Fasting2","CrushJoints"],"picked":"CutThroughFate","floor":1},{"not_picked":["Prostrate","Vengeance"],"picked":"FlurryOfBlows","floor":5},{"not_picked":["MentalFortress","BattleHymn"],"picked":"DeceiveReality","floor":7},{"not_picked":["Pray","Alpha","FlurryOfBlows"],"picked":"SKIP","floor":10},{"not_picked":["Swivel","PathToVictory"],"picked":"ClearTheMind","floor":11},{"not_picked":["CutThroughFate","TalkToTheHand"],"picked":"LessonLearned","floor":13},{"not_picked":["MasterReality","Establishment"],"picked":"Scrawl","floor":16},{"not_picked":["BattleHymn","SignatureMove"],"picked":"EmptyFist+1","floor":18},{"not_picked":["Crescendo","EmptyFist"],"picked":"CrushJoints","floor":20},{"not_picked":["CrushJoints","PathToVictory"],"picked":"Halt+1","floor":22},{"not_picked":["EmptyFist","Conclude"],"picked":"DevaForm","floor":23},{"not_picked":["ForeignInfluence","FollowUp"],"picked":"WheelKick","floor":25},{"not_picked":["Crescendo","WheelKick"],"picked":"Adaptation+1","floor":27},{"not_picked":["FollowUp","Wireheading+1"],"picked":"Vault","floor":30},{"not_picked":["JustLucky","CrushJoints"],"picked":"CutThroughFate","floor":31},{"not_picked":["DeusExMachina+1","ConjureBlade+1"],"picked":"Scrawl+1","floor":33},{"not_picked":["Pray+1","Prostrate+1"],"picked":"ThirdEye+1","floor":35},{"not_picked":["EmptyBody+1","Consecrate"],"picked":"Tantrum","floor":37},{"not_picked":["LikeWater+1","BowlingBash+1","Pray+1"],"picked":"SKIP","floor":38},{"not_picked":["EmptyBody+1","Sanctity+1"],"picked":"DeusExMachina+1","floor":40},{"not_picked":["WaveOfTheHand+1","Protect+1"],"picked":"Sanctity+1","floor":42},{"not_picked":["SashWhip","EmptyBody+1"],"picked":"TalkToTheHand","floor":44},{"not_picked":["EmptyBody+1","CrushJoints+1"],"picked":"MasterReality+1","floor":48},{"not_picked":["InnerPeace+1","CutThroughFate+1"],"picked":"TalkToTheHand+1","floor":55}],"player_experience":2544079,"relics_obtained":[{"floor":7,"key":"Bronze Scales"},{"floor":9,"key":"TungstenRod"},{"floor":10,"key":"War Paint"},{"floor":23,"key":"The Courier"},{"floor":25,"key":"Frozen Egg 2"},{"floor":26,"key":"Gremlin Horn"},{"floor":30,"key":"Eternal Feather"},{"floor":31,"key":"Bird Faced Urn"},{"floor":31,"key":"Toxic Egg 2"},{"floor":34,"key":"Orichalcum"},{"floor":34,"key":"Letter Opener"},{"floor":34,"key":"Ginger"},{"floor":37,"key":"Old Coin"},{"floor":40,"key":"Dead Branch"},{"floor":42,"key":"Blood Vial"},{"floor":44,"key":"Pen Nib"},{"floor":47,"key":"Molten Egg 2"},{"floor":55,"key":"Gambling Chip"}],"event_choices":[{"damage_healed":0,"gold_gain":0,"player_choice":"Entered Light","damage_taken":20,"max_hp_gain":0,"max_hp_loss":0,"event_name":"Shining Light","floor":3,"gold_loss":0,"cards_upgraded":["Strike_P","Defend_P"]},{"damage_healed":0,"gold_gain":75,"player_choice":"Gather Gold","damage_taken":11,"max_hp_gain":0,"max_hp_loss":0,"event_name":"World of Goop","floor":4,"gold_loss":0},{"damage_healed":0,"gold_gain":0,"player_choice":"Take Damage","damage_taken":23,"relics_obtained":["Golden Idol"],"max_hp_gain":0,"max_hp_loss":0,"event_name":"Golden Idol","floor":14,"gold_loss":0},{"cards_removed":["Strike_P"],"damage_healed":0,"gold_gain":0,"player_choice":"Gave Gold","damage_taken":0,"max_hp_gain":0,"max_hp_loss":0,"event_name":"Beggar","floor":19,"gold_loss":75},{"damage_healed":0,"gold_gain":0,"cards_transformed":["Strike_P"],"player_choice":"Transformed","damage_taken":0,"max_hp_gain":0,"max_hp_loss":0,"event_name":"Transmorgrifier","floor":21,"gold_loss":0,"cards_obtained":["MentalFortress"]},{"damage_healed":0,"gold_gain":0,"player_choice":"Fight","damage_taken":0,"max_hp_gain":0,"max_hp_loss":0,"event_name":"Colosseum","floor":31,"gold_loss":0},{"damage_healed":0,"gold_gain":0,"player_choice":"Fought Nobs","damage_taken":0,"max_hp_gain":0,"max_hp_loss":0,"event_name":"Colosseum","floor":31,"gold_loss":0},{"damage_healed":0,"gold_gain":0,"player_choice":"Fight","damage_taken":0,"max_hp_gain":0,"max_hp_loss":0,"event_name":"Mysterious Sphere","floor":37,"gold_loss":0},{"damage_healed":0,"gold_gain":0,"player_choice":"Max HP","damage_taken":0,"max_hp_gain":0,"max_hp_loss":3,"event_name":"Winding Halls","floor":39,"gold_loss":0},{"damage_healed":0,"gold_gain":0,"player_choice":"Ignored","damage_taken":0,"max_hp_gain":0,"max_hp_loss":0,"event_name":"Tomb of Lord Red Mask","floor":46,"gold_loss":0}],"is_beta":false,"boss_relics":[{"not_picked":["Ectoplasm","Coffee Dripper"],"picked":"SlaversCollar"},{"not_picked":["Velvet Choker","Snecko Eye"],"picked":"Calling Bell"}],"items_purged_floors":[29,36],"is_endless":false,"potions_floor_spawned":[5,10,11,18,20,25,27,31,33,35,44,55],"ascension_level":20}}