{"host":"udzsrhbqdxqtlypj","time":1608225832,"event":{"mods":["BaseMod","Minty Spire (QoL Compilation)","Relic Stats"],"gold_per_floor":[11,11,11,30,53,68,68,408,408,424,23,59,74,105,105,230,230,255,255,273,286,7,7,21,59,59,59,59,21,21,56,56,56,56],"floor_reached":33,"playtime":1803,"items_purged":["Strike_R","Strike_R"],"score":483,"play_id":"21df13bd-a5d3-47b2-b4f9-a14490859f84","local_time":"20201217112352","is_ascension_mode":true,"campfire_choices":[{"data":"Bash","floor":7,"key":"SMITH"},{"floor":15,"key":"REST"},{"data":"1","floor":23,"key":"LIFT"},{"data":"2","floor":27,"key":"LIFT"},{"data":"3","floor":32,"key":"LIFT"}],"circlet_count":0,"master_deck":["AscendersBane","Strike_R","Strike_R","Strike_R","Defend_R","Defend_R","Defend_R","Defend_R","Bash+1","Carnage+1","Headbutt","Clash+1","Corruption","Evolve","Inflame","Shrug It Off","Battle Trance","Feed","Disarm","Clash+1","Metallicize"],"relics":["Burning Blood","Mango","Golden Idol","Old Coin","Peace Pipe","Mummified Hand","Girya","Lantern","Runic Pyramid","Membership Card","Bag of Preparation","Art of War","Whetstone","MutagenicStrength","Nunchaku"],"acts_visited":["Exordium","TheCity"],"potions_floor_usage":[10,10,16,21,25,31],"damage_taken":[{"damage":11,"enemies":"Cultist","floor":1,"turns":4},{"damage":0,"enemies":"2 Louse","floor":4,"turns":2},{"damage":0,"enemies":"Small Slimes","floor":5,"turns":3},{"damage":6,"enemies":"Looter","floor":6,"turns":2},{"damage":25,"enemies":"3 Sentries","floor":8,"turns":7},{"damage":11,"enemies":"Gremlin Gang","floor":10,"turns":4},{"damage":18,"enemies":"Gremlin Nob","floor":12,"turns":4},{"damage":6,"enemies":"Large Slime","floor":13,"turns":6},{"damage":25,"enemies":"3 Sentries","floor":14,"turns":7},{"damage":16,"enemies":"The Guardian","floor":16,"turns":7},{"damage":25,"enemies":"3 Byrds","floor":18,"turns":6},{"damage":7,"enemies":"Chosen","floor":20,"turns":4},{"damage":18,"enemies":"Snake Plant","floor":21,"turns":3},{"damage":0,"enemies":"Snecko","floor":24,"turns":3},{"damage":8,"enemies":"Gremlin Leader","floor":25,"turns":7},{"damage":34,"enemies":"Slavers","floor":31,"turns":4},{"damage":64,"enemies":"Automaton","floor":33,"turns":6}],"seed_played":"9123584330474757920","potions_obtained":[{"floor":4,"key":"DuplicationPotion"},{"floor":5,"key":"SkillPotion"},{"floor":12,"key":"Energy Potion"},{"floor":14,"key":"EssenceOfSteel"},{"floor":16,"key":"DuplicationPotion"},{"floor":19,"key":"LiquidMemories"},{"floor":24,"key":"HeartOfIron"},{"floor":25,"key":"Strength Potion"}],"is_trial":false,"path_per_floor":["M","?","?","M","M","M","R","E","T","M","$","E","M","E","R","B",null,"M","?","M","M","$","R","M","E","T","R","?","$","?","E","R","B"],"character_chosen":"IRONCLAD","items_purchased":["Mummified Hand","Evolve","Membership Card","Bag of Preparation","Metallicize"],"campfire_rested":1,"item_purchase_floors":[11,11,22,22,29],"current_hp_per_floor":[81,58,58,64,70,70,70,51,51,46,46,34,34,15,43,33,79,63,63,62,53,53,53,62,63,63,63,63,63,63,38,38,0,0],"gold":56,"neow_bonus":"ONE_RARE_RELIC","is_daily":false,"chose_seed":false,"campfire_upgraded":1,"win_rate":0.0,"timestamp":1608225832,"path_taken":["M","?","?","M","M","M","R","E","T","M","$","E","M","E","R","BOSS","M","?","M","M","$","R","?","E","T","R","?","$","?","E","R","BOSS"],"items_purchased_type":["Relic","Card","Relic","Relic","Card"],"build_version":"2020-12-13","purchased_purges":2,"victory":false,"max_hp_per_floor":[94,94,94,94,94,94,94,94,94,94,94,94,94,94,94,94,94,97,97,97,100,100,100,103,106,106,106,106,106,106,109,109,109,109],"relic_stats":{"Peace Pipe":0,"Nunchaku":[1],"counters":[17,79],"Golden Idol":94,"Mummified Hand":[42],"Bag of Preparation":[8],"Art of War":[0],"Whetstone":["Clash","Clash"],"obtain_stats":[{"Girya":12,"Lantern":14,"Golden Idol":2,"Mango":0,"Bag of Preparation":22,"Whetstone":26,"Burning Blood":0,"Old Coin":8,"Peace Pipe":9,"Nunchaku":31,"Mummified Hand":11,"MutagenicStrength":30,"Art of War":25,"Membership Card":22,"Runic Pyramid":17},{"Girya":7,"Lantern":9,"Golden Idol":1,"Mango":0,"Bag of Preparation":13,"Whetstone":15,"Burning Blood":0,"Old Coin":5,"Peace Pipe":5,"Nunchaku":16,"Mummified Hand":6,"MutagenicStrength":15,"Art of War":15,"Membership Card":13,"Runic Pyramid":10},{"Girya":26,"Lantern":39,"Golden Idol":4,"Mango":0,"Bag of Preparation":59,"Whetstone":69,"Burning Blood":0,"Old Coin":18,"Peace Pipe":18,"Nunchaku":73,"Mummified Hand":22,"MutagenicStrength":69,"Art of War":69,"Membership Card":59,"Runic Pyramid":46}],"Burning Blood":96},"card_choices":[{"not_picked":["Body Slam","Clothesline"],"picked":"Carnage","floor":1},{"not_picked":["Fire Breathing","Sword Boomerang","Wild Strike"],"picked":"SKIP","floor":4},{"not_picked":["Flex","Havoc"],"picked":"Headbutt","floor":5},{"not_picked":["Blood for Blood","Entrench"],"picked":"Clash","floor":6},{"not_picked":["Seeing Red","Twin Strike"],"picked":"Corruption","floor":8},{"not_picked":["Perfected Strike","Fire Breathing","Havoc"],"picked":"SKIP","floor":10},{"not_picked":["Sword Boomerang","Feel No Pain"],"picked":"Inflame","floor":12},{"not_picked":["Flex","Blood for Blood"],"picked":"Shrug It Off","floor":13},{"not_picked":["Thunderclap","Flex"],"picked":"Battle Trance","floor":14},{"not_picked":["Bludgeon","Demon Form"],"picked":"Feed","floor":16},{"not_picked":["Warcry+1","Battle Trance"],"picked":"Disarm","floor":18},{"not_picked":["Havoc","Heavy Blade"],"picked":"Clash","floor":20},{"not_picked":["Flex","Headbutt","Clothesline"],"picked":"SKIP","floor":21},{"not_picked":["Blood for Blood","Rampage","Thunderclap"],"picked":"SKIP","floor":24},{"not_picked":["Evolve","Combust","Headbutt"],"picked":"SKIP","floor":25},{"not_picked":["Warcry","Combust","Carnage"],"picked":"SKIP","floor":31}],"player_experience":2639508,"relics_obtained":[{"floor":8,"key":"Old Coin"},{"floor":9,"key":"Peace Pipe"},{"floor":12,"key":"Girya"},{"floor":14,"key":"Lantern"},{"floor":25,"key":"Art of War"},{"floor":26,"key":"Whetstone"},{"floor":31,"key":"Nunchaku"}],"event_choices":[{"damage_healed":0,"gold_gain":0,"player_choice":"Take Damage","damage_taken":23,"relics_obtained":["Golden Idol"],"max_hp_gain":0,"max_hp_loss":0,"event_name":"Golden Idol","floor":2,"gold_loss":0},{"damage_healed":0,"gold_gain":0,"player_choice":"Grow","damage_taken":0,"max_hp_gain":0,"max_hp_loss":0,"event_name":"Living Wall","floor":3,"gold_loss":0,"cards_upgraded":["Carnage"]},{"damage_healed":0,"gold_gain":0,"player_choice":"Got Potions","damage_taken":0,"max_hp_gain":0,"max_hp_loss":0,"event_name":"Lab","floor":19,"gold_loss":0},{"damage_healed":0,"gold_gain":0,"player_choice":"Inject Mutagens","damage_taken":0,"relics_obtained":["MutagenicStrength"],"max_hp_gain":0,"max_hp_loss":0,"event_name":"Drug Dealer","floor":30,"gold_loss":0}],"is_beta":false,"boss_relics":[{"not_picked":["Busted Crown","Philosopher\u0027s Stone"],"picked":"Runic Pyramid"}],"items_purged_floors":[11,22],"is_endless":false,"potions_floor_spawned":[4,5,12,14,16,20,24,25],"killed_by":"Automaton","ascension_level":10}}