{"host":"bjzqjr1ycgj8gt55","time":1608172474,"event":{"mods":["BaseMod","Better Altar","Better Match","Better Sensory Stone","Better Skull","Better Third Choice","Better Vampires","Block Reminder","Colored Map","Colored Powertips","Downfall","GifTheSpireLib","Minty Spire (QoL Compilation)","Shop Mod","StSLib","Waifu the Spire"],"gold_per_floor":[99,99,24,24,53,53,53,16,16,16,26,201,221,240,255,356,356,356,14,14,46,46,62,143,56,89,189,202,202,202],"floor_reached":29,"playtime":1004,"items_purged":["Doubt"],"score":296,"play_id":"3b69677c-436b-41c8-874c-b2a41761a504","local_time":"20201216203434","is_ascension_mode":true,"campfire_choices":[{"floor":1,"key":"RECALL"},{"data":"Guardian:TwinSlam","floor":3,"key":"SMITH"},{"data":"Guardian:PrimingBeam","floor":6,"key":"SMITH"},{"data":"Guardian:Orbwalk","floor":10,"key":"SMITH"},{"data":"Guardian:AncientConstruct","floor":18,"key":"SMITH"},{"data":"Guardian:Preprogram","floor":20,"key":"SMITH"},{"floor":22,"key":"REST"}],"circlet_count":0,"master_deck":["Guardian:Strike_Guardian","Guardian:Strike_Guardian","Guardian:Strike_Guardian","Guardian:Strike_Guardian","Guardian:Defend_Guardian","Guardian:Defend_Guardian","Guardian:Defend_Guardian","Guardian:Defend_Guardian","Guardian:CurlUp","Guardian:TwinSlam+1","Guardian:PrimingBeam+1","Guardian:CrystalBeam","Guardian:Orbwalk+1","Guardian:Repulse","Guardian:Planning","Guardian:Orbwalk","Guardian:Emergency","Guardian:AncientConstruct+1","Guardian:Preprogram+1","Guardian:PiercingHide","Guardian:WalkerClaw","Guardian:Preprogram+1","Guardian:SpikerProtocol","Guardian:RefractedBeam+1","Guardian:RefractedBeam+1","Guardian:Preprogram","Guardian:WalkerClaw","Guardian:FuturePlans","Guardian:Gem_Cyan","Guardian:Harden"],"relics":["Guardian:ModeShifter","downfall:HeartsMalice","Dream Catcher","downfall:HeartBlessingRed","Centennial Puzzle","Pear","SlaversCollar","Gambling Chip","Guardian:PickAxe"],"acts_visited":["Exordium","TheCity"],"potions_floor_usage":[21],"damage_taken":[{"damage":0,"enemies":"Lagavulin","floor":5,"turns":1},{"damage":0,"enemies":"downfall:FleeingMerchant","floor":8,"turns":1},{"damage":0,"enemies":"2 Louse","floor":9,"turns":1},{"damage":11,"enemies":"Jaw Worm","floor":11,"turns":3},{"damage":6,"enemies":"Cultist","floor":13,"turns":3},{"damage":8,"enemies":"Exordium Thugs","floor":14,"turns":4},{"damage":12,"enemies":"3 Louse","floor":15,"turns":3},{"damage":48,"enemies":"downfall:Defect","floor":16,"turns":7},{"damage":10,"enemies":"downfall:FleeingMerchant","floor":19,"turns":4},{"damage":23,"enemies":"Slavers","floor":21,"turns":5},{"damage":20,"enemies":"Shell Parasite","floor":23,"turns":6},{"damage":7,"enemies":"downfall:FleeingMerchant","floor":25,"turns":4},{"damage":11,"enemies":"Book of Stabbing","floor":26,"turns":5},{"damage":28,"enemies":"Centurion and Healer","floor":28,"turns":7},{"damage":0,"enemies":"Snecko","floor":29,"turns":3}],"seed_played":"-6548312358497348288","potions_obtained":[{"floor":11,"key":"Guardian:BlockOnCardUsePotion"},{"floor":14,"key":"SneckoOil"},{"floor":16,"key":"Ancient Potion"},{"floor":21,"key":"SpeedPotion"}],"is_trial":false,"path_per_floor":["R","?","R","?","E","R","T","$","M","R","M","?","M","M","M","B",null,"R","$","R","E","R","M","T","$","E","?","M","M"],"character_chosen":"GUARDIAN","items_purchased":["Guardian:Orbwalk","Guardian:PiercingHide","Guardian:WalkerClaw","Guardian:Preprogram","Guardian:SpikerProtocol","Guardian:FuturePlans"],"campfire_rested":1,"item_purchase_floors":[8,19,19,19,19,25],"current_hp_per_floor":[80,80,80,80,80,80,90,90,90,90,79,79,73,65,53,5,90,90,80,80,57,84,64,64,57,46,46,18,18,18],"gold":202,"neow_bonus":"THREE_ENEMY_KILL","is_daily":false,"chose_seed":false,"campfire_upgraded":5,"win_rate":0.0,"timestamp":1608172474,"path_taken":["R","?","R","?","E","R","T","$","M","R","M","?","?","M","M","BOSS","R","$","R","E","R","M","T","$","E","?","?","M"],"items_purchased_type":["Card","Card","Card","Card","Card","Card"],"build_version":"2020-12-13","purchased_purges":1,"victory":false,"max_hp_per_floor":[80,80,80,80,80,80,90,90,90,90,90,90,90,90,90,90,90,90,90,90,90,90,90,90,90,90,90,90,90,90],"card_choices":[{"not_picked":["Guardian:ChargeCore","Guardian:SphericShield"],"picked":"Guardian:PrimingBeam","floor":5},{"not_picked":["Guardian:TimeCapacitor","Guardian:WalkerClaw"],"picked":"Guardian:CrystalBeam","floor":8},{"not_picked":["Guardian:CrystalBeam","Guardian:Gem_Lightblue"],"picked":"Guardian:Gem_Cyan","floor":9},{"not_picked":["Guardian:ShieldCharger","Guardian:TimeCapacitor"],"picked":"Guardian:Repulse","floor":11},{"not_picked":["Guardian:TemporalShield","Guardian:Incinerate"],"picked":"Guardian:Planning","floor":13},{"not_picked":["Guardian:GemFire","Guardian:PiercingHide"],"picked":"Guardian:Orbwalk","floor":14},{"not_picked":["Guardian:Incinerate","Guardian:VentSteam"],"picked":"Guardian:Emergency","floor":15},{"not_picked":["Guardian:ExploitGems","Guardian:FierceBash"],"picked":"Guardian:AncientConstruct","floor":16},{"not_picked":["Guardian:ShieldCharger","Guardian:PrismaticBeam"],"picked":"Guardian:Preprogram+1","floor":19},{"not_picked":["Guardian:TemporalStrike","Guardian:Gem_Yellow"],"picked":"Guardian:RefractedBeam+1","floor":21},{"not_picked":["Guardian:Repulse","Guardian:Gem_Lightblue"],"picked":"Guardian:RefractedBeam+1","floor":22},{"not_picked":["Guardian:DecasProtection","Guardian:RollAttack+1"],"picked":"Guardian:Preprogram","floor":23},{"not_picked":["Guardian:Gem_Yellow","Guardian:Reroute+1"],"picked":"Guardian:WalkerClaw","floor":25},{"not_picked":["Guardian:Reroute","Guardian:PiercingHide"],"picked":"Guardian:Gem_Cyan","floor":26},{"not_picked":["Guardian:Suspension+1","Guardian:Gem_Cyan"],"picked":"Guardian:Harden","floor":28}],"player_experience":100118,"relics_obtained":[{"floor":5,"key":"Centennial Puzzle"},{"floor":7,"key":"Pear"},{"floor":21,"key":"Gambling Chip"},{"floor":26,"key":"Guardian:PickAxe"}],"event_choices":[{"damage_healed":0,"gold_gain":0,"player_choice":"Box","damage_taken":0,"relics_obtained":["Dream Catcher"],"max_hp_gain":0,"max_hp_loss":0,"event_name":"Big Fish","floor":2,"gold_loss":0,"cards_obtained":["Regret"]},{"cards_removed":["Regret"],"damage_healed":0,"gold_gain":0,"player_choice":"Card Removal","damage_taken":0,"max_hp_gain":0,"max_hp_loss":0,"event_name":"The Cleric","floor":4,"gold_loss":0}],"is_beta":false,"boss_relics":[{"not_picked":["Fusion Hammer","Busted Crown"],"picked":"SlaversCollar"}],"items_purged_floors":[19],"is_endless":false,"potions_floor_spawned":[11,14,16,21,26,28],"killed_by":"Snecko","ascension_level":1}}