{"host":"fa35vd3kig5td25x","time":1608229604,"event":{"mods":["BaseMod","Colored Powertips","Minty Spire (QoL Compilation)","Relic Stats","Slay the Relics Exporter"],"gold_per_floor":[119,200,200,211,10,10,21,21,21,38,69,87,121,133,133,205,205,222,147,147,161,161,161,173,173,173,185,210,210,41,56,56,133,183,193,193,60,85,85,85,33,48,48,75,75,85,85,113,113,113,113],"floor_reached":52,"playtime":5340,"items_purged":["Strike_G"],"score":1876,"play_id":"698036d5-af33-4455-846d-9d59df6b7493","local_time":"20201217192644","is_ascension_mode":true,"campfire_choices":[{"floor":6,"key":"REST"},{"data":"Flying Knee","floor":8,"key":"SMITH"},{"data":"Infinite Blades","floor":15,"key":"SMITH"},{"floor":23,"key":"REST"},{"floor":29,"key":"REST"},{"data":"Cloak And Dagger","floor":32,"key":"SMITH"},{"data":"Tactician","floor":40,"key":"SMITH"},{"floor":45,"key":"RECALL"},{"data":"Wraith Form v2","floor":47,"key":"SMITH"},{"data":"Tools of the Trade","floor":49,"key":"SMITH"}],"circlet_count":0,"master_deck":["AscendersBane","Defend_G","Defend_G","Defend_G","Defend_G","Defend_G","Survivor","Neutralize+1","Flying Knee+1","Escape Plan","Infinite Blades+1","Backstab","Phantasmal Killer","Dagger Throw","PiercingWail","Escape Plan","Tools of the Trade+1","Catalyst+1","Caltrops+1","Doppelganger+1","Dagger Spray","RitualDagger","Infinite Blades+1","Wraith Form v2+1","PiercingWail","Bite+1","Bite+1","Bite","Bite+1","Bite","Tactician+1","Cloak And Dagger+1","Glass Knife+1","Dagger Throw+1","Well Laid Plans+1","Calculated Gamble","Sucker Punch+1","Tactician+1","Blur+1","Finisher+1"],"relics":["Ring of the Snake","Kunai","Shuriken","Sling","The Specimen","InkBottle","Tough Bandages","Astrolabe","Molten Egg 2","Matryoshka","Toolbox","Tiny House","Ice Cream","Vajra","Pantograph","Whetstone"],"acts_visited":["Exordium","TheCity","TheBeyond"],"potions_floor_usage":[11,28,35,35,42,50,50],"damage_taken":[{"damage":3,"enemies":"Cultist","floor":1,"turns":5},{"damage":1,"enemies":"Jaw Worm","floor":4,"turns":4},{"damage":5,"enemies":"Small Slimes","floor":7,"turns":4},{"damage":11,"enemies":"Exordium Wildlife","floor":10,"turns":6},{"damage":0,"enemies":"Gremlin Nob","floor":11,"turns":2},{"damage":0,"enemies":"2 Fungi Beasts","floor":12,"turns":3},{"damage":4,"enemies":"3 Sentries","floor":13,"turns":5},{"damage":0,"enemies":"Looter","floor":14,"turns":2},{"damage":7,"enemies":"Hexaghost","floor":16,"turns":8},{"damage":15,"enemies":"3 Byrds","floor":18,"turns":4},{"damage":18,"enemies":"Shell Parasite","floor":21,"turns":10},{"damage":12,"enemies":"Snake Plant","floor":24,"turns":3},{"damage":3,"enemies":"3 Cultists","floor":27,"turns":4},{"damage":19,"enemies":"Slavers","floor":28,"turns":3},{"damage":3,"enemies":"Chosen and Byrds","floor":31,"turns":7},{"damage":18,"enemies":"Champ","floor":33,"turns":13},{"damage":19,"enemies":"3 Darklings","floor":35,"turns":5},{"damage":2,"enemies":"Mind Bloom Boss Battle","floor":38,"turns":7},{"damage":10,"enemies":"Orb Walker","floor":42,"turns":5},{"damage":6,"enemies":"Reptomancer","floor":44,"turns":7},{"damage":19,"enemies":"Maw","floor":46,"turns":8},{"damage":27,"enemies":"Giant Head","floor":48,"turns":6},{"damage":40,"enemies":"Donu and Deca","floor":50,"turns":6},{"damage":48,"enemies":"Time Eater","floor":51,"turns":9}],"seed_played":"6186214950419425200","potions_obtained":[{"floor":10,"key":"LiquidMemories"},{"floor":13,"key":"SteroidPotion"},{"floor":14,"key":"Explosive Potion"},{"floor":33,"key":"Block Potion"},{"floor":35,"key":"GhostInAJar"},{"floor":46,"key":"Fire Potion"}],"is_trial":false,"path_per_floor":["M","T","?","M","$","R","M","R","T","M","E","M","E","M","R","B",null,"M","$","?","M","?","R","M","?","T","M","E","R","$","M","R","B",null,"M","?","$","?","?","R","$","M","T","E","R","M","R","E","R","B","B",null],"character_chosen":"THE_SILENT","items_purchased":["Sling","Infinite Blades","Toolbox","Calculated Gamble","SkillPotion","Sucker Punch+1"],"campfire_rested":3,"item_purchase_floors":[5,5,30,37,37,41],"current_hp_per_floor":[56,56,30,29,29,48,43,43,43,32,32,32,28,28,28,21,55,40,40,34,16,16,35,23,23,23,28,11,24,24,33,33,33,48,36,36,36,45,45,45,45,44,44,45,45,34,34,16,16,12,2],"gold":113,"neow_bonus":"UPGRADE_CARD","is_daily":false,"chose_seed":false,"campfire_upgraded":6,"win_rate":0.0,"timestamp":1608229604,"path_taken":["M","?","?","M","?","R","M","R","T","M","E","M","E","M","R","BOSS","M","$","?","M","?","R","M","?","T","M","E","R","$","M","R","BOSS","M","?","$","?","?","R","?","M","T","E","R","M","R","E","R","BOSS","BOSS"],"items_purchased_type":["Relic","Card","Relic","Card","Potion","Card"],"build_version":"2020-12-13","purchased_purges":1,"victory":true,"max_hp_per_floor":[66,66,66,66,66,66,66,66,66,66,66,66,66,66,66,66,66,66,66,66,66,66,66,66,46,46,46,46,46,46,46,46,46,51,51,51,51,51,48,48,48,48,48,48,48,48,48,48,48,48,48],"relic_stats":{"Tough Bandages":[333],"counters":[24,136],"Shuriken":[77],"Astrolabe":["Catalyst","Caltrops","Doppelganger"],"Pantograph":50,"Kunai":[77],"Whetstone":["Bite","Bite"],"obtain_stats":[{"Ice Cream":38,"Tiny House":34,"The Specimen":9,"Astrolabe":17,"Vajra":43,"Whetstone":48,"Sling":5,"Tough Bandages":13,"Matryoshka":28,"Shuriken":3,"Pantograph":44,"Toolbox":30,"Molten Egg 2":26,"Kunai":2,"InkBottle":11,"Ring of the Snake":0},{"Ice Cream":18,"Tiny House":16,"The Specimen":3,"Astrolabe":9,"Vajra":19,"Whetstone":22,"Sling":2,"Tough Bandages":7,"Matryoshka":14,"Shuriken":1,"Pantograph":20,"Toolbox":14,"Molten Egg 2":12,"Kunai":1,"InkBottle":5,"Ring of the Snake":0},{"Ice Cream":95,"Tiny House":83,"The Specimen":13,"Astrolabe":39,"Vajra":100,"Whetstone":121,"Sling":9,"Tough Bandages":29,"Matryoshka":63,"Shuriken":5,"Pantograph":107,"Toolbox":63,"Molten Egg 2":56,"Kunai":5,"InkBottle":21,"Ring of the Snake":0}],"InkBottle":[51],"Ring of the Snake":[48]},"card_choices":[{"not_picked":["Outmaneuver","Prepared"],"picked":"Flying Knee","floor":1},{"not_picked":["Prepared","Flying Knee"],"picked":"Escape Plan","floor":4},{"not_picked":["Catalyst","Caltrops"],"picked":"Backstab","floor":7},{"not_picked":["Choke","Deadly Poison"],"picked":"Phantasmal Killer","floor":10},{"not_picked":["PiercingWail","Catalyst"],"picked":"Dagger Throw","floor":11},{"not_picked":["Flying Knee","Prepared"],"picked":"Predator","floor":12},{"not_picked":["Setup","Distraction"],"picked":"PiercingWail","floor":13},{"not_picked":["Phantasmal Killer","Expertise"],"picked":"Escape Plan","floor":14},{"not_picked":["Bullet Time","Unload"],"picked":"Tools of the Trade","floor":16},{"not_picked":["Acrobatics","Escape Plan"],"picked":"Dagger Spray","floor":18},{"not_picked":["Expertise","Slice"],"picked":"Infinite Blades+1","floor":21},{"not_picked":["Dash","Dodge and Roll"],"picked":"PiercingWail","floor":24},{"not_picked":["Acrobatics","Dagger Throw+1","Bouncing Flask"],"picked":"SKIP","floor":27},{"not_picked":["Poisoned Stab+1","Expertise"],"picked":"Tactician","floor":28},{"not_picked":["PiercingWail","Quick Slash+1"],"picked":"Cloak And Dagger","floor":31},{"not_picked":["Die Die Die+1","Bullet Time"],"picked":"Glass Knife+1","floor":33},{"not_picked":["Dagger Spray+1","Leg Sweep"],"picked":"Dagger Throw+1","floor":34},{"not_picked":["Deadly Poison","Night Terror"],"picked":"Well Laid Plans+1","floor":35},{"not_picked":["Prepared","Riddle With Holes+1","Outmaneuver"],"picked":"SKIP","floor":42},{"not_picked":["Accuracy","A Thousand Cuts"],"picked":"Tactician+1","floor":44},{"not_picked":["Choke+1","Caltrops+1"],"picked":"Blur+1","floor":46},{"not_picked":["After Image","Concentrate"],"picked":"Finisher+1","floor":48}],"player_experience":2837743,"relics_obtained":[{"floor":2,"key":"Kunai"},{"floor":9,"key":"The Specimen"},{"floor":11,"key":"InkBottle"},{"floor":13,"key":"Tough Bandages"},{"floor":26,"key":"Molten Egg 2"},{"floor":28,"key":"Matryoshka"},{"floor":38,"key":"Ice Cream"},{"floor":43,"key":"Vajra"},{"floor":44,"key":"Pantograph"},{"floor":48,"key":"Whetstone"}],"event_choices":[{"damage_healed":0,"gold_gain":0,"player_choice":"Success","damage_taken":26,"relics_obtained":["Shuriken"],"max_hp_gain":0,"max_hp_loss":0,"event_name":"Scrap Ooze","floor":3,"gold_loss":0},{"damage_healed":0,"gold_gain":0,"player_choice":"Joined the Cult","damage_taken":6,"max_hp_gain":0,"max_hp_loss":0,"event_name":"Nest","floor":20,"gold_loss":0,"cards_obtained":["RitualDagger"]},{"damage_healed":0,"gold_gain":0,"player_choice":"Read","damage_taken":0,"max_hp_gain":0,"max_hp_loss":0,"event_name":"The Library","floor":22,"gold_loss":0,"cards_obtained":["Wraith Form v2"]},{"damage_healed":0,"gold_gain":0,"player_choice":"Became a vampire","damage_taken":0,"max_hp_gain":0,"max_hp_loss":20,"event_name":"Vampires","floor":25,"gold_loss":0,"cards_obtained":["Bite","Bite","Bite","Bite","Bite"]},{"cards_removed":["Predator"],"damage_healed":0,"gold_gain":0,"player_choice":"Removed Attack","damage_taken":0,"max_hp_gain":0,"max_hp_loss":0,"event_name":"Falling","floor":36,"gold_loss":0},{"damage_healed":0,"gold_gain":0,"player_choice":"Fight","damage_taken":0,"max_hp_gain":0,"max_hp_loss":0,"event_name":"MindBloom","floor":38,"gold_loss":0},{"damage_healed":0,"gold_gain":0,"player_choice":"Max HP","damage_taken":0,"max_hp_gain":0,"max_hp_loss":3,"event_name":"Winding Halls","floor":39,"gold_loss":0}],"is_beta":false,"boss_relics":[{"not_picked":["Runic Dome","Cursed Key"],"picked":"Astrolabe"},{"not_picked":["SacredBark","Ring of the Serpent"],"picked":"Tiny House"}],"items_purged_floors":[19],"is_endless":false,"potions_floor_spawned":[10,13,14,16,18,21,33,35,46],"ascension_level":20}}