{"host":"no0bdlpxzp7bzzks","time":1608238249,"event":{"mods":["BaseMod","Better Match","Block Reminder","Colored Map","Curses Come First","DeckTracker","Downfall","Duelist Mod","Filter the Spire","Highlight Path","Jedi Mod","Jorbs\u0027s Wanderer Trilogy","Key Reminder","Minty Spire (QoL Compilation)","Permanent Neow","Relic Sorter","Relic Stats","Replay The Spire","StSLib","The Construct"],"gold_per_floor":[110,110,127,142,160,160,186,186,186],"floor_reached":8,"playtime":846,"items_purged":[],"score":58,"play_id":"09864850-2c90-4e8e-b9ff-7b0ecc23837a","local_time":"20201217145049","is_ascension_mode":false,"campfire_choices":[{"data":"construct:Enhance","floor":6,"key":"SMITH"}],"circlet_count":0,"master_deck":["construct:Strike_Gold","construct:Strike_Gold","construct:Strike_Gold","construct:Strike_Gold","construct:Strike_Gold","construct:Defend_Gold","construct:Defend_Gold","construct:Defend_Gold","construct:Defend_Gold","construct:Defend_Gold","construct:AttackMode","construct:DefenseMode","construct:Forcefield","construct:Enhance+1","construct:BatteryAcid"],"relics":["construct:Cogwheel","StoneCalendar","Replay:Baseball","keyreminder:keyreminder"],"acts_visited":["Exordium"],"potions_floor_usage":[7],"damage_taken":[{"damage":0,"enemies":"2 Louse","floor":1,"turns":2},{"damage":1,"enemies":"Cultist","floor":3,"turns":4},{"damage":11,"enemies":"Jaw Worm","floor":4,"turns":7},{"damage":11,"enemies":"Red Slaver","floor":5,"turns":7},{"damage":23,"enemies":"Lagavulin","floor":7,"turns":7},{"damage":24,"enemies":"Gremlin Nob","floor":8,"turns":5}],"seed_played":"-2481059085754905857","potions_obtained":[{"floor":3,"key":"jedi:wingpotion"},{"floor":4,"key":"Adrenaline Potion"}],"is_trial":false,"path_per_floor":["M","?","M","M","M","R","E","E"],"character_chosen":"THE_CONSTRUCT_MOD","items_purchased":[],"campfire_rested":0,"item_purchase_floors":[],"current_hp_per_floor":[61,61,60,49,38,38,15,0,0],"gold":186,"neow_bonus":"ONE_RARE_RELIC","is_daily":false,"chose_seed":false,"campfire_upgraded":1,"win_rate":0.0,"timestamp":1608238249,"path_taken":["M","?","M","M","?","R","E","E"],"items_purchased_type":[],"build_version":"2020-12-13","purchased_purges":0,"victory":false,"max_hp_per_floor":[85,85,85,85,85,85,85,85,85],"relic_stats":{"counters":[6,32],"StoneCalendar":[54],"obtain_stats":[{"keyreminder:keyreminder":7,"Replay:Baseball":7,"construct:Cogwheel":0,"StoneCalendar":0},{"keyreminder:keyreminder":5,"Replay:Baseball":5,"construct:Cogwheel":0,"StoneCalendar":0},{"keyreminder:keyreminder":27,"Replay:Baseball":27,"construct:Cogwheel":0,"StoneCalendar":0}]},"card_choices":[{"not_picked":["construct:ClusterMines","construct:Analyze"],"picked":"construct:Forcefield","floor":1},{"not_picked":["construct:SweepLaser","construct:Analyze","construct:SyphonStrike"],"picked":"SKIP","floor":3},{"not_picked":["construct:Analyze","construct:BatteryAcid"],"picked":"construct:Enhance","floor":4},{"not_picked":["construct:HeavyBolt","construct:Versatility","construct:ClusterMines"],"picked":"SKIP","floor":5},{"not_picked":["construct:VentSteam","construct:ScopeCore"],"picked":"construct:BatteryAcid","floor":7}],"player_experience":120815,"relics_obtained":[{"floor":7,"key":"Replay:Baseball"}],"event_choices":[{"damage_healed":0,"gold_gain":0,"player_choice":"Bought 0 Potions","damage_taken":0,"max_hp_gain":0,"max_hp_loss":0,"event_name":"The Woman in Blue","floor":2,"gold_loss":0}],"is_beta":false,"boss_relics":[],"items_purged_floors":[],"is_endless":false,"potions_floor_spawned":[3,4],"killed_by":"Gremlin Nob","ascension_level":0}}