{"host":"sz8c8ni79nvzjmmg","time":1608227733,"event":{"mods":["AchievementEnabler","BaseMod","DeckTracker","Keyboard Shortcuts","Minty Spire (QoL Compilation)","SuperFastMode"],"gold_per_floor":[20,35,35,46,64,64,93,93,93,118,134,59,79,95,95,173,173,189,218,218,229,229,229,263,263,263,263,297,310,330,365,365,437,437,455,475,493,135,135,135,167,167,167,202,227,243,272,282,282,282,282,282,282,28,62,62],"floor_reached":57,"playtime":1771,"items_purged":[],"score":3074,"play_id":"a002b79a-9de6-4bff-80cc-bd0fc2229fb7","local_time":"20201218025533","is_ascension_mode":true,"campfire_choices":[{"data":"Perfected Strike","floor":6.0,"key":"SMITH"},{"data":"Perfected Strike","floor":8.0,"key":"SMITH"},{"data":"Perfected Strike","floor":15.0,"key":"SMITH"},{"data":"Dual Wield","floor":23.0,"key":"SMITH"},{"data":"Demon Form","floor":25.0,"key":"SMITH"},{"data":"Burning Pact","floor":27.0,"key":"SMITH"},{"data":"Perfected Strike","floor":32.0,"key":"SMITH"},{"data":"Double Tap","floor":40.0,"key":"SMITH"},{"data":"Bludgeon","floor":42.0,"key":"SMITH"},{"floor":49,"key":"RECALL"},{"data":"Limit Break","floor":53,"key":"SMITH"}],"circlet_count":0,"master_deck":["AscendersBane","Strike_R","Strike_R","Strike_R","Strike_R","Strike_R","Defend_R","Defend_R+1","Defend_R+1","Bash","Pommel Strike","Wild Strike","Burning Pact+1","Perfected Strike+1","Perfected Strike+1","Perfected Strike+1","Dual Wield+1","Double Tap+1","Carnage","Demon Form+1","Perfected Strike+1","Wild Strike","Limit Break+1","Wild Strike","Armaments+1","Barricade","Battle Trance","Perfected Strike","Shrug It Off+1","Burning Pact","Impervious","Flame Barrier","Bludgeon+1","Perfected Strike","Perfected Strike","Evolve+1","Flame Barrier","Impervious","Evolve","Disarm+1"],"relics":["Burning Blood","Turnip","Bag of Preparation","War Paint","Mummified Hand","MealTicket","Snecko Eye","Red Mask","MutagenicStrength","Prayer Wheel","Mango","Kunai","Dead Branch","Runic Dome","Question Card","Akabeko","Unceasing Top","StoneCalendar","Oddly Smooth Stone","Calipers"],"acts_visited":["Exordium","TheCity","TheBeyond","TheEnding"],"potions_floor_usage":[51,55],"damage_taken":[{"damage":6.0,"enemies":"Cultist","floor":1.0,"turns":3.0},{"damage":1.0,"enemies":"2 Louse","floor":2.0,"turns":3.0},{"damage":0.0,"enemies":"Small Slimes","floor":4.0,"turns":2.0},{"damage":19.0,"enemies":"Blue Slaver","floor":5.0,"turns":5.0},{"damage":8.0,"enemies":"Gremlin Nob","floor":7.0,"turns":3.0},{"damage":32.0,"enemies":"Lagavulin","floor":10.0,"turns":6.0},{"damage":0.0,"enemies":"2 Fungi Beasts","floor":11.0,"turns":2.0},{"damage":9.0,"enemies":"Red Slaver","floor":13.0,"turns":3.0},{"damage":0.0,"enemies":"Exordium Wildlife","floor":14.0,"turns":3.0},{"damage":43.0,"enemies":"Hexaghost","floor":16.0,"turns":8.0},{"damage":0.0,"enemies":"Chosen","floor":18.0,"turns":2.0},{"damage":0.0,"enemies":"Masked Bandits","floor":19.0,"turns":2.0},{"damage":15.0,"enemies":"Shell Parasite","floor":21.0,"turns":2.0},{"damage":0.0,"enemies":"Slavers","floor":24.0,"turns":1.0},{"damage":0.0,"enemies":"Gremlin Leader","floor":28.0,"turns":1.0},{"damage":0.0,"enemies":"Snecko","floor":29.0,"turns":2.0},{"damage":0.0,"enemies":"Snake Plant","floor":30.0,"turns":2.0},{"damage":10.0,"enemies":"Book of Stabbing","floor":31.0,"turns":2.0},{"damage":10.0,"enemies":"Automaton","floor":33.0,"turns":4.0},{"damage":15.0,"enemies":"3 Shapes","floor":35.0,"turns":2.0},{"damage":8.0,"enemies":"3 Darklings","floor":36.0,"turns":3.0},{"damage":12.0,"enemies":"4 Shapes","floor":37.0,"turns":2.0},{"damage":16.0,"enemies":"Reptomancer","floor":41.0,"turns":3.0},{"damage":8.0,"enemies":"Nemesis","floor":44.0,"turns":3.0},{"damage":0.0,"enemies":"Mind Bloom Boss Battle","floor":45.0,"turns":1.0},{"damage":0,"enemies":"Writhing Mass","floor":46,"turns":2},{"damage":3,"enemies":"Giant Head","floor":47,"turns":3},{"damage":11,"enemies":"Jaw Worm Horde","floor":48,"turns":3},{"damage":38,"enemies":"Time Eater","floor":50,"turns":5},{"damage":25,"enemies":"Awakened One","floor":51,"turns":6},{"damage":8,"enemies":"Shield and Spear","floor":55,"turns":5},{"damage":81,"enemies":"The Heart","floor":56,"turns":6}],"seed_played":"-5039023878291427168","potions_obtained":[{"floor":4.0,"key":"ColorlessPotion"},{"floor":11.0,"key":"Fruit Juice"},{"floor":16.0,"key":"Weak Potion"},{"floor":18.0,"key":"Fire Potion"},{"floor":37.0,"key":"DuplicationPotion"},{"floor":44.0,"key":"FearPotion"}],"is_trial":false,"path_per_floor":["M","M","T","M","M","R","E","R","T","E","M","?","M","M","R","B",null,"M","?","?","M","?","R","E","R","T","R","E","M","M","E","R","B",null,"M","M","M","$","?","R","E","R","T","E","?","M","E","M","R","B","B",null,"R","$","E","B",null],"character_chosen":"IRONCLAD","items_purchased":["Flame Barrier","Question Card","Impervious","Evolve"],"campfire_rested":0,"item_purchase_floors":[38,38,54,54],"current_hp_per_floor":[68,73,73,75,62,62,60,60,60,34,40,40,37,43,43,11,63,69,75,75,66,62,62,68,68,82,82,88,94,94,90,90,86,92,83,81,75,90,89,89,79,79,79,77,83,89,89,84,84,52,33,75,75,89,87,12],"gold":62,"neow_bonus":"ONE_RARE_RELIC","is_daily":false,"chose_seed":false,"campfire_upgraded":10,"win_rate":0.0,"timestamp":1608227733,"path_taken":["M","?","?","M","M","R","E","R","T","E","M","?","M","M","R","BOSS","M","?","?","M","?","R","E","R","T","R","E","M","M","E","R","BOSS","M","?","M","$","?","R","E","R","T","E","?","M","E","M","R","BOSS","BOSS","R","$","E","BOSS"],"items_purchased_type":["Card","Relic","Card","Card"],"build_version":"2020-12-13","purchased_purges":0,"victory":true,"max_hp_per_floor":[75,75,75,75,75,75,75,75,75,75,75,75,75,75,75,80,80,80,80,80,80,80,80,80,80,94,94,94,94,94,94,94,94,94,94,94,94,94,89,89,89,89,89,89,89,89,89,89,89,89,89,89,89,89,89,89],"card_choices":[{"not_picked":["Twin Strike","Sword Boomerang"],"picked":"Pommel Strike","floor":1.0},{"not_picked":["True Grit","Clothesline"],"picked":"Wild Strike","floor":2.0},{"not_picked":["Pommel Strike","Dropkick"],"picked":"Burning Pact","floor":4.0},{"not_picked":["Armaments","Rupture"],"picked":"Perfected Strike","floor":5.0},{"not_picked":["Shrug It Off","Flex"],"picked":"Perfected Strike","floor":7.0},{"not_picked":["Clothesline","Body Slam","Clash"],"picked":"SKIP","floor":10.0},{"not_picked":["Pummel","Flex","Feed"],"picked":"SKIP","floor":11.0},{"not_picked":["Havoc","Rupture"],"picked":"Perfected Strike","floor":13.0},{"not_picked":["Clothesline","Thunderclap"],"picked":"Dual Wield","floor":14.0},{"not_picked":["Corruption","Limit Break"],"picked":"Double Tap","floor":16.0},{"not_picked":["Combust","Seeing Red"],"picked":"Carnage","floor":18.0},{"not_picked":["Headbutt+1","Body Slam","Flex"],"picked":"SKIP","floor":21.0},{"not_picked":["Iron Wave","Blood for Blood"],"picked":"Demon Form","floor":24.0},{"not_picked":["Clash","Feel No Pain"],"picked":"Perfected Strike","floor":28.0},{"not_picked":["Battle Trance","Flex"],"picked":"Wild Strike","floor":29.0},{"not_picked":["Uppercut","Intimidate","Dropkick"],"picked":"SKIP","floor":29.0},{"not_picked":["Iron Wave","Pommel Strike"],"picked":"Limit Break","floor":30.0},{"not_picked":["Cleave","Uppercut+1"],"picked":"Wild Strike","floor":30.0},{"not_picked":["Sword Boomerang","Headbutt"],"picked":"Armaments+1","floor":31.0},{"not_picked":["Berserk","Exhume"],"picked":"Barricade","floor":33.0},{"not_picked":["Spot Weakness","Clothesline"],"picked":"Battle Trance","floor":35.0},{"not_picked":["Anger+1","Rupture","Warcry+1"],"picked":"SKIP","floor":35.0},{"not_picked":["Clash","Burning Pact+1"],"picked":"Perfected Strike","floor":36.0},{"not_picked":["Headbutt","Anger"],"picked":"Shrug It Off+1","floor":36.0},{"not_picked":["Sever Soul","Sword Boomerang"],"picked":"Burning Pact","floor":37.0},{"not_picked":["Body Slam","Rage"],"picked":"Impervious","floor":37.0},{"not_picked":["Reckless Charge+1","Clash","Thunderclap+1"],"picked":"Bludgeon","floor":41.0},{"not_picked":["Heavy Blade","Body Slam","Searing Blow","Armaments"],"picked":"SKIP","floor":44.0},{"not_picked":["Armaments+1","Seeing Red","Power Through"],"picked":"Perfected Strike","floor":45.0},{"not_picked":["Second Wind","Twin Strike","Pommel Strike"],"picked":"Perfected Strike","floor":46},{"not_picked":["Carnage","Sword Boomerang","Headbutt"],"picked":"Evolve+1","floor":46},{"not_picked":["Flex","Havoc","Sword Boomerang"],"picked":"Flame Barrier","floor":47},{"not_picked":["Seeing Red","Iron Wave","Sword Boomerang","Flex"],"picked":"SKIP","floor":48},{"not_picked":["Warcry","Whirlwind","Inflame+1","Clash"],"picked":"SKIP","floor":48},{"not_picked":["Bludgeon","Flame Barrier","Dark Embrace"],"picked":"Disarm+1","floor":55}],"player_experience":1202142,"relics_obtained":[{"floor":3.0,"key":"Bag of Preparation"},{"floor":7.0,"key":"War Paint"},{"floor":9.0,"key":"Mummified Hand"},{"floor":10.0,"key":"MealTicket"},{"floor":19.0,"key":"Red Mask"},{"floor":24.0,"key":"Prayer Wheel"},{"floor":26.0,"key":"Mango"},{"floor":28.0,"key":"Kunai"},{"floor":31.0,"key":"Dead Branch"},{"floor":41.0,"key":"Akabeko"},{"floor":44.0,"key":"Unceasing Top"},{"floor":45.0,"key":"StoneCalendar"},{"floor":47,"key":"Oddly Smooth Stone"},{"floor":55,"key":"Calipers"}],"event_choices":[{"cards_removed":["Defend_R"],"damage_healed":0.0,"max_hp_gain":0.0,"max_hp_loss":0.0,"gold_gain":0.0,"event_name":"The Cleric","player_choice":"Card Removal","floor":12.0,"gold_loss":75.0,"damage_taken":0.0},{"damage_healed":0.0,"max_hp_gain":0.0,"max_hp_loss":0.0,"gold_gain":0.0,"event_name":"Masked Bandits","player_choice":"Fought Bandits","floor":19.0,"gold_loss":0.0,"damage_taken":0.0},{"damage_healed":0.0,"max_hp_gain":0.0,"max_hp_loss":0.0,"gold_gain":0.0,"event_name":"Drug Dealer","player_choice":"Inject Mutagens","floor":20.0,"gold_loss":0.0,"damage_taken":0.0,"relics_obtained":["MutagenicStrength"]},{"damage_healed":0.0,"max_hp_gain":0.0,"max_hp_loss":0.0,"gold_gain":0.0,"event_name":"The Woman in Blue","player_choice":"Bought 0 Potions","floor":22.0,"gold_loss":0.0,"damage_taken":0.0},{"damage_healed":0.0,"max_hp_gain":0.0,"max_hp_loss":5.0,"gold_gain":0.0,"event_name":"Winding Halls","player_choice":"Max HP","floor":39.0,"gold_loss":0.0,"damage_taken":0.0},{"damage_healed":0.0,"max_hp_gain":0.0,"max_hp_loss":0.0,"gold_gain":0.0,"event_name":"MindBloom","player_choice":"Fight","floor":45.0,"gold_loss":0.0,"damage_taken":0.0}],"is_beta":false,"boss_relics":[{"not_picked":["Tiny House","Mark of Pain"],"picked":"Snecko Eye"},{"not_picked":["Runic Pyramid","SacredBark"],"picked":"Runic Dome"}],"items_purged_floors":[],"is_endless":false,"potions_floor_spawned":[4,11,14,16,18,29,30,33,35,37,44,46],"ascension_level":20}}