{"host":"szp1d6dso4pv7ddl","time":1608225587,"event":{"mods":["AchievementEnabler","Alarm Clock","BaseMod","Bestiary","Block Reminder","Colored Map","Colored Powertips","Curses Come First","Displayed Cursed Tome","Highlight Path","Minty Spire (QoL Compilation)","Permanent Neow","Quick Restart","Relic Stats","StSLib"],"gold_per_floor":[369,389,91,104,104,104,120,120,120,20,20,20,31,51,51,147,147,167,18,18,18,29,29,56,56,105,118,118,318,318,318],"floor_reached":30,"playtime":2274,"items_purged":["Defend_R","Defend_R"],"score":369,"play_id":"41d12d89-a2b2-482e-b228-9067c4cb49ef","local_time":"20201217091947","is_ascension_mode":true,"campfire_choices":[{"data":"Searing Blow","floor":6.0,"key":"SMITH"},{"data":"Searing Blow+1","floor":8.0,"key":"SMITH"},{"data":"Searing Blow+2","floor":15.0,"key":"SMITH"},{"floor":23.0,"key":"REST"}],"circlet_count":0,"master_deck":["AscendersBane","Strike_R","Strike_R","Strike_R","Strike_R","Strike_R","Defend_R","Defend_R","Bash","Sword Boomerang","Searing Blow+3","Perfected Strike","Havoc","Armaments+1","Demon Form","CurseOfTheBell","Dropkick","Seeing Red","Dropkick"],"relics":["Burning Blood","Red Skull","Torii","Calling Bell","Regal Pillow","Meat on the Bone","Champion Belt","Oddly Smooth Stone","StoneCalendar","Bag of Marbles"],"acts_visited":["Exordium","TheCity"],"potions_floor_usage":[24],"damage_taken":[{"damage":11.0,"enemies":"Cultist","floor":1.0,"turns":4.0},{"damage":14.0,"enemies":"Jaw Worm","floor":2.0,"turns":4.0},{"damage":15.0,"enemies":"Small Slimes","floor":4.0,"turns":3.0},{"damage":16.0,"enemies":"Exordium Wildlife","floor":7.0,"turns":4.0},{"damage":8.0,"enemies":"Blue Slaver","floor":13.0,"turns":2.0},{"damage":4.0,"enemies":"Gremlin Gang","floor":14.0,"turns":4.0},{"damage":22.0,"enemies":"Hexaghost","floor":16.0,"turns":7.0},{"damage":30.0,"enemies":"Spheric Guardian","floor":18.0,"turns":4.0},{"damage":47.0,"enemies":"2 Thieves","floor":22.0,"turns":5.0},{"damage":51,"enemies":"Book of Stabbing","floor":24,"turns":4},{"damage":6,"enemies":"Centurion and Healer","floor":27,"turns":4},{"damage":43,"enemies":"Gremlin Leader","floor":30,"turns":5}],"seed_played":"-8870666365158588130","potions_obtained":[{"floor":1.0,"key":"BlessingOfTheForge"},{"floor":7.0,"key":"FearPotion"},{"floor":14.0,"key":"Regen Potion"},{"floor":16.0,"key":"GamblersBrew"},{"floor":18.0,"key":"LiquidBronze"}],"is_trial":false,"path_per_floor":["M","M","$","M","?","R","M","R","T","$","$","?","M","M","R","B",null,"M","$","?","$","M","R","E","?","T","M","?","?","E"],"character_chosen":"IRONCLAD","items_purchased":["Perfected Strike","Red Skull","Havoc","Oddly Smooth Stone"],"campfire_rested":1,"item_purchase_floors":[3,3,3,19],"current_hp_per_floor":[67,59,59,50,50,50,40,40,40,40,40,40,38,40,40,39,64,52,52,52,52,23,59,26,26,26,38,38,38,0,0],"gold":318,"neow_bonus":"TWO_FIFTY_GOLD","is_daily":false,"chose_seed":false,"campfire_upgraded":3,"win_rate":0.0,"timestamp":1608225587,"path_taken":["M","M","$","?","?","R","M","R","T","?","$","?","?","M","R","BOSS","M","$","?","$","M","R","E","?","T","?","?","?","E"],"items_purchased_type":["Card","Relic","Card","Relic"],"build_version":"2020-12-13","purchased_purges":2,"victory":false,"max_hp_per_floor":[72,72,72,72,72,72,72,72,72,72,72,72,72,72,72,72,72,72,72,72,72,72,72,72,72,72,72,72,72,72,72],"relic_stats":{"Regal Pillow":15,"Torii":42,"counters":[12,50],"StoneCalendar":[0],"Champion Belt":[11],"obtain_stats":[{"Calling Bell":17,"Regal Pillow":17,"Torii":9,"Oddly Smooth Stone":19,"StoneCalendar":24,"Bag of Marbles":26,"Champion Belt":17,"Burning Blood":0,"Red Skull":3,"Meat on the Bone":17},{"Calling Bell":7,"Regal Pillow":7,"Torii":4,"Oddly Smooth Stone":8,"StoneCalendar":10,"Bag of Marbles":10,"Champion Belt":7,"Burning Blood":0,"Red Skull":2,"Meat on the Bone":7},{"Calling Bell":28,"Regal Pillow":28,"Torii":15,"Oddly Smooth Stone":32,"StoneCalendar":41,"Bag of Marbles":41,"Champion Belt":28,"Burning Blood":0,"Red Skull":8,"Meat on the Bone":28}],"Burning Blood":66,"Meat on the Bone":48},"card_choices":[{"not_picked":["Power Through","Anger"],"picked":"Sword Boomerang","floor":1.0},{"not_picked":["Flex","Perfected Strike"],"picked":"Searing Blow","floor":2.0},{"not_picked":["Infernal Blade","Reckless Charge"],"picked":"Armaments","floor":4.0},{"not_picked":["Evolve","Thunderclap","Iron Wave"],"picked":"SKIP","floor":7.0},{"not_picked":["Thunderclap","Cleave","Iron Wave"],"picked":"SKIP","floor":13.0},{"not_picked":["Second Wind","Perfected Strike","Body Slam"],"picked":"SKIP","floor":14.0},{"not_picked":["Impervious","Berserk"],"picked":"Demon Form","floor":16.0},{"not_picked":["Iron Wave","Wild Strike","Dark Embrace+1"],"picked":"SKIP","floor":18.0},{"not_picked":["Warcry","Anger","Carnage+1"],"picked":"SKIP","floor":22.0},{"not_picked":["Bloodletting","Warcry"],"picked":"Dropkick","floor":24},{"not_picked":["Sever Soul","Body Slam"],"picked":"Dropkick","floor":27}],"player_experience":967095,"relics_obtained":[{"floor":9.0,"key":"Torii"},{"floor":17.0,"key":"Regal Pillow"},{"floor":17.0,"key":"Meat on the Bone"},{"floor":17.0,"key":"Champion Belt"},{"floor":24,"key":"StoneCalendar"},{"floor":26,"key":"Bag of Marbles"}],"event_choices":[{"damage_healed":0.0,"max_hp_gain":0.0,"max_hp_loss":0.0,"gold_gain":0.0,"event_name":"Upgrade Shrine","player_choice":"Upgraded","floor":5.0,"gold_loss":0.0,"damage_taken":0.0,"cards_upgraded":["Armaments"]},{"damage_healed":0.0,"max_hp_gain":0.0,"max_hp_loss":0.0,"gold_gain":0.0,"event_name":"Shining Light","player_choice":"Ignored","floor":12.0,"gold_loss":0.0,"damage_taken":0.0},{"damage_healed":0.0,"max_hp_gain":0.0,"max_hp_loss":0.0,"gold_gain":0.0,"event_name":"Vampires","player_choice":"Ignored","floor":20.0,"gold_loss":0.0,"damage_taken":0.0},{"damage_healed":0,"gold_gain":0,"player_choice":"1 cards matched","damage_taken":0,"max_hp_gain":0,"max_hp_loss":0,"event_name":"Match and Keep!","floor":25,"gold_loss":0,"cards_obtained":["Seeing Red"]},{"damage_healed":0,"gold_gain":0,"player_choice":"Ignored","damage_taken":0,"max_hp_gain":0,"max_hp_loss":0,"event_name":"The Mausoleum","floor":28,"gold_loss":0},{"damage_healed":0,"gold_gain":250,"player_choice":"Bet on Owner","damage_taken":0,"max_hp_gain":0,"max_hp_loss":0,"event_name":"The Joust","floor":29,"gold_loss":50}],"is_beta":false,"boss_relics":[{"not_picked":["Velvet Choker","Black Star"],"picked":"Calling Bell"}],"items_purged_floors":[3,10],"is_endless":false,"potions_floor_spawned":[1,7,14,16,18],"killed_by":"Gremlin Leader","ascension_level":11}}