{"host":"pl1fbpkom0aq337f","time":1608220963,"event":{"mods":["AchievementEnabler","BaseMod","Colored Map","Minty Spire (QoL Compilation)"],"gold_per_floor":[109,23,23,23,44,84,84,84,115,115,115,115,131,154,154,154,170,191,191,284,284,302,302,326,326,326,326],"floor_reached":26,"playtime":745,"items_purged":[],"score":458,"play_id":"0c706369-92b6-4a6a-b102-47e86a05040f","local_time":"20201217170243","is_ascension_mode":true,"campfire_choices":[{"data":"Eruption","floor":7.0,"key":"SMITH"},{"data":"Adaptation","floor":10.0,"key":"SMITH"},{"floor":12.0,"key":"REST"},{"data":"ThirdEye","floor":15.0,"key":"SMITH"},{"data":"CutThroughFate","floor":19.0,"key":"SMITH"}],"circlet_count":0,"master_deck":["AscendersBane","Strike_P","Strike_P","Strike_P","Strike_P","Defend_P","Defend_P","Defend_P+1","Defend_P","Eruption+1","Vigilance","FlurryOfBlows","Adaptation+1","BowlingBash","ThirdEye+1","EmptyFist","Consecrate","CarveReality","CutThroughFate+1","LessonLearned+1","Vengeance","CrushJoints+1"],"relics":["PureWater","NeowsBlessing","Golden Idol","Mummified Hand","CloakClasp","Regal Pillow","StrikeDummy","Runic Dome"],"acts_visited":["Exordium","TheCity"],"potions_floor_usage":[],"damage_taken":[{"damage":0.0,"enemies":"Cultist","floor":1.0,"turns":1.0},{"damage":0.0,"enemies":"Small Slimes","floor":5.0,"turns":1.0},{"damage":0.0,"enemies":"3 Sentries","floor":6.0,"turns":2.0},{"damage":20.0,"enemies":"Gremlin Nob","floor":9.0,"turns":3.0},{"damage":0.0,"enemies":"2 Louse","floor":13.0,"turns":2.0},{"damage":0.0,"enemies":"Lots of Slimes","floor":14.0,"turns":2.0},{"damage":0.0,"enemies":"Large Slime","floor":17.0,"turns":3.0},{"damage":7.0,"enemies":"Exordium Thugs","floor":18.0,"turns":3.0},{"damage":21.0,"enemies":"Hexaghost","floor":20.0,"turns":9.0},{"damage":0.0,"enemies":"Chosen","floor":22.0,"turns":3.0},{"damage":15.0,"enemies":"Shell Parasite","floor":24.0,"turns":5.0},{"damage":44,"enemies":"Centurion and Healer","floor":26,"turns":1}],"seed_played":"3873463500238134035","potions_obtained":[{"floor":5.0,"key":"DistilledChaos"},{"floor":6.0,"key":"CultistPotion"}],"is_trial":false,"path_per_floor":["M","$","?","$","M","E","R","?","E","R","T","R","M","M","R","?","M","M","R","B",null,"M","?","M","?","M"],"character_chosen":"WATCHER","items_purchased":["Adaptation"],"campfire_rested":1,"item_purchase_floors":[2],"current_hp_per_floor":[61,61,61,61,61,61,61,43,23,23,23,56,56,56,56,56,56,49,49,28,54,54,54,39,39,0,0],"gold":326,"neow_bonus":"THREE_ENEMY_KILL","is_daily":false,"chose_seed":false,"campfire_upgraded":4,"win_rate":0.0,"timestamp":1608220963,"path_taken":["M","$","?","$","M","E","R","?","E","R","T","R","M","M","R","?","M","?","R","BOSS","M","?","M","?","?"],"items_purchased_type":["Card"],"build_version":"2020-12-13","purchased_purges":0,"victory":false,"max_hp_per_floor":[68,68,62,62,62,62,62,62,62,62,62,62,62,62,62,62,62,62,62,62,62,62,62,62,62,62,62],"card_choices":[{"not_picked":["EmptyBody","ClearTheMind"],"picked":"FlurryOfBlows","floor":1.0},{"not_picked":["Consecrate","InnerPeace"],"picked":"BowlingBash","floor":5.0},{"not_picked":["Vault","WindmillStrike"],"picked":"ThirdEye","floor":6.0},{"not_picked":["Halt","ThirdEye"],"picked":"EmptyFist","floor":9.0},{"not_picked":["PathToVictory","ThirdEye","Swivel"],"picked":"SKIP","floor":13.0},{"not_picked":["SashWhip","FlurryOfBlows"],"picked":"Consecrate","floor":14.0},{"not_picked":["Prostrate","WindmillStrike"],"picked":"CarveReality","floor":17.0},{"not_picked":["Prostrate","Protect"],"picked":"CutThroughFate","floor":18.0},{"not_picked":["Alpha","MasterReality"],"picked":"LessonLearned","floor":20.0},{"not_picked":["FlyingSleeves","EmptyBody"],"picked":"Vengeance","floor":22.0},{"not_picked":["SignatureMove","Evaluate"],"picked":"CrushJoints+1","floor":24.0}],"player_experience":395507,"relics_obtained":[{"floor":6.0,"key":"Mummified Hand"},{"floor":9.0,"key":"Regal Pillow"},{"floor":11.0,"key":"StrikeDummy"}],"event_choices":[{"damage_healed":0.0,"max_hp_gain":0.0,"max_hp_loss":6.0,"gold_gain":0.0,"event_name":"Golden Idol","player_choice":"Lose Max HP","floor":3.0,"gold_loss":0.0,"damage_taken":0.0,"relics_obtained":["Golden Idol"]},{"damage_healed":0.0,"max_hp_gain":0.0,"max_hp_loss":0.0,"gold_gain":0.0,"event_name":"Scrap Ooze","player_choice":"Success","floor":8.0,"gold_loss":0.0,"damage_taken":18.0,"relics_obtained":["CloakClasp"]},{"damage_healed":0.0,"max_hp_gain":0.0,"max_hp_loss":0.0,"gold_gain":0.0,"event_name":"Lab","player_choice":"Got Potions","floor":16.0,"gold_loss":0.0,"damage_taken":0.0},{"damage_healed":0,"gold_gain":0,"player_choice":"Leave","damage_taken":0,"max_hp_gain":0,"max_hp_loss":0,"event_name":"FaceTrader","floor":25,"gold_loss":0}],"is_beta":false,"boss_relics":[{"not_picked":["Empty Cage","SlaversCollar"],"picked":"Runic Dome"}],"items_purged_floors":[],"is_endless":false,"potions_floor_spawned":[5,6,17,20],"killed_by":"Centurion and Healer","ascension_level":18}}