{"host":"6azrrw3tf7wb0f4b","time":1608170171,"event":{"mods":["BaseMod","DeckTracker","Minty Spire (QoL Compilation)","SuperFastMode"],"gold_per_floor":[118,268,268,285,210,210,225,225,249,262,55,70,82,98,98,176,176,193,24,24,40,40,66,66,66,66,166,166,166,166],"floor_reached":29,"playtime":561,"items_purged":["Strike_R"],"score":419,"play_id":"48ccaa0e-6d44-4936-9987-794aa1fbb83f","local_time":"20201217105611","is_ascension_mode":true,"campfire_choices":[{"data":"Wild Strike","floor":6.0,"key":"SMITH"},{"data":"Battle Trance","floor":8.0,"key":"SMITH"},{"data":"Double Tap","floor":15.0,"key":"SMITH"},{"floor":24.0,"key":"REST"}],"circlet_count":0,"master_deck":["AscendersBane","Strike_R+1","Strike_R+1","Defend_R","Defend_R","Defend_R","Defend_R","Bash","Second Wind","Wild Strike+1","Battle Trance+1","Armaments","Inflame","Pummel","Twin Strike","Hemokinesis","Double Tap+1","Immolate","Spot Weakness","Flame Barrier","Fire Breathing","Power Through","Hemokinesis","Havoc","Burning Pact","Dual Wield+1","Feel No Pain"],"relics":["Burning Blood","Dream Catcher","Smiling Mask","Mark of Pain","Orrery","Strawberry","Bottled Lightning","Toxic Egg 2","Incense Burner","Question Card","Gremlin Horn"],"acts_visited":["Exordium","TheCity"],"potions_floor_usage":[27,27],"damage_taken":[{"damage":6.0,"enemies":"Cultist","floor":1.0,"turns":3.0},{"damage":3.0,"enemies":"2 Louse","floor":4.0,"turns":2.0},{"damage":13.0,"enemies":"Jaw Worm","floor":7.0,"turns":5.0},{"damage":8.0,"enemies":"Blue Slaver","floor":10.0,"turns":3.0},{"damage":1.0,"enemies":"Exordium Wildlife","floor":12.0,"turns":4.0},{"damage":3.0,"enemies":"3 Louse","floor":13.0,"turns":4.0},{"damage":13.0,"enemies":"Looter","floor":14.0,"turns":2.0},{"damage":34.0,"enemies":"Hexaghost","floor":16.0,"turns":8.0},{"damage":3.0,"enemies":"Spheric Guardian","floor":18.0,"turns":3.0},{"damage":11.0,"enemies":"2 Thieves","floor":21.0,"turns":4.0},{"damage":49.0,"enemies":"Slavers","floor":23.0,"turns":4.0},{"damage":24,"enemies":"Colosseum Slavers","floor":27,"turns":4},{"damage":25,"enemies":"Colosseum Nobs","floor":27,"turns":5},{"damage":9,"enemies":"Book of Stabbing","floor":29,"turns":1}],"seed_played":"-7745504382270876246","potions_obtained":[{"floor":1.0,"key":"Energy Potion"},{"floor":7.0,"key":"PowerPotion"},{"floor":16.0,"key":"SkillPotion"},{"floor":18.0,"key":"AttackPotion"},{"floor":23.0,"key":"Swift Potion"}],"is_trial":false,"path_per_floor":["M","?","?","M","?","R","M","R","T","M","$","M","M","M","R","B",null,"M","$","?","M","$","E","R","T","T","?","T","E"],"character_chosen":"IRONCLAD","items_purchased":["Inflame","Pummel","Orrery"],"campfire_rested":1,"item_purchase_floors":[11,11,19],"current_hp_per_floor":[68,68,45,48,48,48,41,41,41,39,39,44,47,40,40,12,59,62,62,62,57,57,21,45,45,45,8,8,0,0],"gold":166,"neow_bonus":"RANDOM_COMMON_RELIC","is_daily":false,"chose_seed":false,"campfire_upgraded":3,"win_rate":0.0,"timestamp":1608170171,"path_taken":["M","?","?","M","?","R","M","R","T","M","?","M","M","M","R","BOSS","M","$","?","M","$","E","R","?","T","?","?","E"],"items_purchased_type":["Card","Card","Relic"],"build_version":"2020-12-13","purchased_purges":1,"victory":false,"max_hp_per_floor":[75,75,75,75,75,75,75,75,75,75,75,75,75,75,75,75,75,75,75,75,75,75,82,82,82,82,82,82,82,82],"card_choices":[{"not_picked":["Headbutt","Ghostly Armor"],"picked":"Second Wind","floor":1.0},{"not_picked":["Pommel Strike","Thunderclap"],"picked":"Wild Strike","floor":4.0},{"not_picked":["Anger","True Grit"],"picked":"Battle Trance","floor":7.0},{"not_picked":["Wild Strike","Metallicize"],"picked":"Armaments","floor":10.0},{"not_picked":["Pommel Strike","Perfected Strike"],"picked":"Twin Strike","floor":12.0},{"not_picked":["Rupture","Clothesline"],"picked":"Hemokinesis","floor":13.0},{"not_picked":["Wild Strike","Evolve"],"picked":"Double Tap","floor":14.0},{"not_picked":["Exhume","Reaper"],"picked":"Immolate","floor":16.0},{"not_picked":["Wild Strike","Headbutt"],"picked":"Spot Weakness","floor":18.0},{"not_picked":["Perfected Strike","Whirlwind"],"picked":"Flame Barrier","floor":19.0},{"not_picked":["Corruption","Pummel"],"picked":"Fire Breathing","floor":19.0},{"not_picked":["Shrug It Off","Thunderclap"],"picked":"Power Through","floor":19.0},{"not_picked":["Pommel Strike","Pummel"],"picked":"Burning Pact","floor":21.0},{"not_picked":["Perfected Strike","True Grit"],"picked":"Dual Wield+1","floor":23.0},{"not_picked":["Pummel","Perfected Strike"],"picked":"Feel No Pain","floor":24.0}],"player_experience":597409,"relics_obtained":[{"floor":9.0,"key":"Smiling Mask"},{"floor":23.0,"key":"Strawberry"},{"floor":25.0,"key":"Bottled Lightning"},{"floor":26.0,"key":"Toxic Egg 2"},{"floor":27,"key":"Incense Burner"},{"floor":27,"key":"Question Card"},{"floor":28,"key":"Gremlin Horn"}],"event_choices":[{"damage_healed":0.0,"max_hp_gain":0.0,"max_hp_loss":0.0,"gold_gain":150.0,"event_name":"Liars Game","player_choice":"AGREE","floor":2.0,"gold_loss":0.0,"damage_taken":0.0,"cards_obtained":["Doubt"]},{"damage_healed":0.0,"max_hp_gain":0.0,"max_hp_loss":0.0,"gold_gain":0.0,"event_name":"Shining Light","player_choice":"Entered Light","floor":3.0,"gold_loss":0.0,"damage_taken":23.0,"cards_upgraded":["Strike_R","Strike_R"]},{"cards_removed":["Doubt"],"damage_healed":0.0,"max_hp_gain":0.0,"max_hp_loss":0.0,"gold_gain":0.0,"event_name":"The Cleric","player_choice":"Card Removal","floor":5.0,"gold_loss":75.0,"damage_taken":0.0},{"damage_healed":0.0,"max_hp_gain":0.0,"max_hp_loss":0.0,"gold_gain":0.0,"cards_transformed":["Strike_R","Strike_R"],"event_name":"Drug Dealer","player_choice":"Became Test Subject","floor":20.0,"gold_loss":0.0,"damage_taken":0.0,"cards_obtained":["Hemokinesis","Havoc"]},{"damage_healed":0,"gold_gain":0,"player_choice":"Fight","damage_taken":0,"max_hp_gain":0,"max_hp_loss":0,"event_name":"Colosseum","floor":27,"gold_loss":0},{"damage_healed":0,"gold_gain":0,"player_choice":"Fought Nobs","damage_taken":0,"max_hp_gain":0,"max_hp_loss":0,"event_name":"Colosseum","floor":27,"gold_loss":0}],"is_beta":false,"boss_relics":[{"not_picked":["Cursed Key","SacredBark"],"picked":"Mark of Pain"}],"items_purged_floors":[11],"is_endless":false,"potions_floor_spawned":[1,7,10,16,18,23],"killed_by":"Book of Stabbing","ascension_level":16}}