{"host":"oz21etxqo4yojsq8","time":1608173781,"event":{"mods":["BaseMod","Colored Map","Colored Powertips","Minty Spire (QoL Compilation)","StSLib","SuperFastMode"],"gold_per_floor":[116,266,266,191,191,191,218,238,238,257,257,52,67,80,80,175,175,188,232,147,171,171,171,171,171,194,194,64,78,78,28,28,105,105,105,105],"floor_reached":35,"playtime":1165,"items_purged":["Strike_R","Strike_R","Doubt"],"score":658,"play_id":"8c96a709-f76a-4136-ac9e-f26c90e3114b","local_time":"20201217115621","is_ascension_mode":true,"campfire_choices":[{"data":"Defend_R","floor":6,"key":"SMITH"},{"data":"Body Slam","floor":15,"key":"SMITH"},{"data":"Demon Form","floor":23,"key":"SMITH"},{"data":"Exhume","floor":25,"key":"SMITH"},{"data":"Metallicize","floor":30,"key":"SMITH"},{"floor":32,"key":"REST"}],"circlet_count":0,"master_deck":["AscendersBane","Defend_R","Defend_R","Defend_R","Defend_R+1","Bash","Armaments+1","Battle Trance","Body Slam+1","Shrug It Off","Offering","Shrug It Off","Demon Form+1","Exhume+1","Intimidate+1","Writhe","Power Through+1","Bludgeon","Metallicize+1","Double Tap+1","Offering+1"],"relics":["Black Blood","NeowsBlessing","Centennial Puzzle","Smiling Mask","Happy Flower","Bloody Idol","Philosopher\u0027s Stone","Red Mask","Toxic Egg 2","Ornamental Fan","PreservedInsect"],"acts_visited":["Exordium","TheCity","TheBeyond"],"potions_floor_usage":[16,19,33,33],"damage_taken":[{"damage":0,"enemies":"Jaw Worm","floor":1,"turns":1},{"damage":0,"enemies":"3 Sentries","floor":7,"turns":1},{"damage":0,"enemies":"Small Slimes","floor":8,"turns":1},{"damage":2,"enemies":"2 Louse","floor":10,"turns":4},{"damage":12,"enemies":"Exordium Wildlife","floor":13,"turns":6},{"damage":12,"enemies":"Looter","floor":14,"turns":2},{"damage":29,"enemies":"Hexaghost","floor":16,"turns":11},{"damage":21,"enemies":"Spheric Guardian","floor":18,"turns":4},{"damage":12,"enemies":"Masked Bandits","floor":19,"turns":6},{"damage":12,"enemies":"Chosen","floor":21,"turns":4},{"damage":22,"enemies":"Centurion and Healer","floor":29,"turns":8},{"damage":36,"enemies":"Collector","floor":33,"turns":9},{"damage":18,"enemies":"3 Darklings","floor":35,"turns":3}],"seed_played":"5137114246858116473","potions_obtained":[{"floor":7,"key":"Weak Potion"},{"floor":14,"key":"Regen Potion"},{"floor":21,"key":"HeartOfIron"},{"floor":29,"key":"Swift Potion"},{"floor":33,"key":"Block Potion"}],"is_trial":false,"path_per_floor":["M","?","T","?","?","R","E","M","T","M","?","$","M","M","R","B",null,"M","?","?","M","?","R","?","R","T","?","$","M","R","$","R","B",null,"M"],"character_chosen":"IRONCLAD","items_purchased":["Offering","Metallicize"],"campfire_rested":1,"item_purchase_floors":[12,28],"current_hp_per_floor":[74,74,74,74,74,74,75,75,75,75,68,68,62,56,56,33,59,44,53,53,47,47,47,47,47,52,52,52,41,41,41,61,36,60,42,42],"gold":105,"neow_bonus":"THREE_ENEMY_KILL","is_daily":false,"chose_seed":false,"campfire_upgraded":5,"win_rate":0.0,"timestamp":1608173781,"path_taken":["M","?","?","?","?","R","E","M","T","?","?","$","M","M","R","BOSS","M","?","?","M","?","R","?","R","T","?","?","?","R","?","R","BOSS","M"],"items_purchased_type":["Card","Card"],"build_version":"2020-12-13","purchased_purges":3,"victory":false,"max_hp_per_floor":[75,75,75,75,75,75,75,75,75,75,68,68,68,68,68,68,68,68,68,68,68,68,68,68,68,68,68,68,68,68,68,68,68,68,68,68],"card_choices":[{"not_picked":["Headbutt","Iron Wave"],"picked":"Armaments","floor":1},{"not_picked":["Dropkick","Whirlwind"],"picked":"Battle Trance","floor":7},{"not_picked":["Havoc","Pommel Strike"],"picked":"Body Slam","floor":8},{"not_picked":["Evolve","Iron Wave"],"picked":"Shrug It Off","floor":10},{"not_picked":["Carnage","Anger"],"picked":"Shrug It Off","floor":13},{"not_picked":["Fire Breathing","Warcry"],"picked":"Demon Form","floor":14},{"not_picked":["Brutality","Impervious"],"picked":"Exhume","floor":16},{"not_picked":["Flex","Havoc+1","Warcry"],"picked":"SKIP","floor":18},{"not_picked":["Dropkick","Flex+1"],"picked":"Intimidate+1","floor":21},{"not_picked":["Iron Wave","Rampage"],"picked":"Double Tap+1","floor":29},{"not_picked":["Berserk","Double Tap+1"],"picked":"Offering+1","floor":33}],"player_experience":341139,"relics_obtained":[{"floor":3,"key":"Centennial Puzzle"},{"floor":7,"key":"Smiling Mask"},{"floor":9,"key":"Happy Flower"},{"floor":19,"key":"Red Mask"},{"floor":26,"key":"PreservedInsect"}],"event_choices":[{"damage_healed":0,"gold_gain":150,"player_choice":"AGREE","damage_taken":0,"max_hp_gain":0,"max_hp_loss":0,"event_name":"Liars Game","floor":2,"gold_loss":0,"cards_obtained":["Doubt"]},{"cards_removed":["Strike_R"],"damage_healed":0,"gold_gain":0,"player_choice":"Card Removal","damage_taken":0,"max_hp_gain":0,"max_hp_loss":0,"event_name":"The Cleric","floor":4,"gold_loss":75},{"damage_healed":0,"gold_gain":0,"player_choice":"Grow","damage_taken":0,"max_hp_gain":0,"max_hp_loss":0,"event_name":"Living Wall","floor":5,"gold_loss":0,"cards_upgraded":["Armaments"]},{"damage_healed":0,"gold_gain":0,"player_choice":"Lose Max HP","damage_taken":0,"relics_obtained":["Golden Idol"],"max_hp_gain":0,"max_hp_loss":7,"event_name":"Golden Idol","floor":11,"gold_loss":0},{"damage_healed":0,"gold_gain":0,"player_choice":"Fought Bandits","damage_taken":0,"max_hp_gain":0,"max_hp_loss":0,"event_name":"Masked Bandits","floor":19,"gold_loss":0},{"damage_healed":0,"gold_gain":0,"player_choice":"Obtained Relic","damage_taken":0,"relics_obtained":["Toxic Egg 2"],"max_hp_gain":0,"max_hp_loss":0,"event_name":"Addict","floor":20,"gold_loss":85},{"damage_healed":0,"gold_gain":0,"player_choice":"Opened","damage_taken":0,"relics_obtained":["Ornamental Fan"],"max_hp_gain":0,"max_hp_loss":0,"event_name":"The Mausoleum","floor":22,"gold_loss":0,"cards_obtained":["Writhe"]},{"damage_healed":0,"gold_gain":0,"player_choice":"Gave Idol","damage_taken":0,"relics_obtained":["Bloody Idol"],"max_hp_gain":0,"max_hp_loss":0,"event_name":"Forgotten Altar","floor":24,"relics_lost":["Golden Idol"],"gold_loss":0},{"damage_healed":0,"gold_gain":0,"cards_transformed":["Strike_R","Strike_R"],"player_choice":"Became Test Subject","damage_taken":0,"max_hp_gain":0,"max_hp_loss":0,"event_name":"Drug Dealer","floor":27,"gold_loss":0,"cards_obtained":["Power Through","Bludgeon"]}],"is_beta":false,"boss_relics":[{"not_picked":["Coffee Dripper","Tiny House"],"picked":"Philosopher\u0027s Stone"},{"not_picked":["SlaversCollar","SacredBark"],"picked":"Black Blood"}],"items_purged_floors":[12,28,31],"is_endless":false,"potions_floor_spawned":[7,14,21,29,33],"killed_by":"3 Darklings","ascension_level":15}}