{"host":"l8lm1goh5xm9tkuw","time":1608172656,"event":{"mods":["Act Like it!","Alarm Clock","Astrologer","BaseMod","Colored Map","Colored Powertips","GungeonMod","Hermit","KinomotoSakuraMod(Ä¾Ö®±¾Ó£)","KomeijiMod","Library of Ruina","Library of Ruina Extra","Lobotomy","LobotomyExtend","Marisa£¨ìFÓê¡¡Ä§ÀíÉ³£©","Minty Spire (QoL Compilation)","MostiFishMod","Quick Restart","Replay The Spire","Shade Mod","StSLib","TestMod","The Animator","The Bug Knight","The Hierophant","UnlockEverythingMod","vexMod","¡¾ÒÅÎï¿¨ÅÆ¡¿REMEMod"],"gold_per_floor":[118,129,146,164,181,212,212,212,259,259,259],"floor_reached":10,"playtime":475,"items_purged":[],"score":70,"play_id":"9aa76ea9-bba7-4ae3-8ebf-98d0bc949633","local_time":"20201217103736","is_ascension_mode":false,"campfire_choices":[{"data":"Armaments","floor":7.0,"key":"SMITH"}],"circlet_count":0,"master_deck":["Strike_R","Strike_R","Strike_R","Defend_R","Defend_R","Defend_R","Defend_R","Bash","Feel No Pain","Armaments+1","Evolve","Shockwave","Hemokinesis+1"],"relics":["Burning Blood","DaveBox","testmod-TestBox","REME_ComplimentaryCards","Question Card","LetterFromLob","vexMod:ScavengeHelm"],"acts_visited":["Exordium"],"potions_floor_usage":[],"damage_taken":[{"damage":10.0,"enemies":"Cultist","floor":1.0,"turns":4.0},{"damage":10.0,"enemies":"Small Slimes","floor":2.0,"turns":3.0},{"damage":15.0,"enemies":"Jaw Worm","floor":3.0,"turns":5.0},{"damage":25.0,"enemies":"Large Slime","floor":4.0,"turns":9.0},{"damage":3.0,"enemies":"Blue Slaver","floor":5.0,"turns":9.0},{"damage":30.0,"enemies":"Gremlin Nob","floor":6.0,"turns":5.0},{"damage":11,"enemies":"HollowMod:MossKnight","floor":10,"turns":4}],"seed_played":"-6018816190996931468","potions_obtained":[{"floor":2.0,"key":"Languid Potion"},{"floor":4.0,"key":"Dexterity Potion"},{"floor":5.0,"key":"AttackPotion"},{"floor":6.0,"key":"BlessingOfTheForge"}],"is_trial":false,"path_per_floor":["M","M","M","M","M","E","R","?","T","E"],"character_chosen":"IRONCLAD","items_purchased":[],"campfire_rested":0,"item_purchase_floors":[],"current_hp_per_floor":[76,72,63,44,47,23,23,23,23,12,12],"gold":259,"neow_bonus":"REMOVE_CARD","is_daily":false,"chose_seed":false,"campfire_upgraded":1,"win_rate":0.0,"timestamp":1608172656,"path_taken":["M","M","M","M","M","E","R","?","T","E"],"items_purchased_type":[],"build_version":"2020-12-13","purchased_purges":0,"victory":false,"max_hp_per_floor":[80,80,80,80,80,80,80,80,80,80,80],"card_choices":[{"not_picked":["Wild Strike","Twin Strike","Iron Wave"],"picked":"SKIP","floor":1.0},{"not_picked":["Bloodletting","Run Through","Inflame"],"picked":"Feel No Pain","floor":2.0},{"not_picked":["Armaments","REME_FearOfPain","Heavy Blade","Disarm"],"picked":"SKIP","floor":3.0},{"not_picked":["Anger","Flame Barrier","Run Through"],"picked":"Armaments","floor":4.0},{"not_picked":["Uppercut","MostiFishMod:TemporaryOutbreak","Headbutt"],"picked":"Evolve","floor":5.0},{"not_picked":["Flame Barrier","Run Through","Anger"],"picked":"Shockwave","floor":6.0}],"player_experience":319042,"relics_obtained":[{"floor":1.0,"key":"Question Card"},{"floor":1.0,"key":"LetterFromLob"},{"floor":6.0,"key":"vexMod:ScavengeHelm"}],"event_choices":[],"is_beta":false,"boss_relics":[],"items_purged_floors":[],"is_endless":false,"potions_floor_spawned":[2,4,5,6],"killed_by":"HollowMod:MossKnight","ascension_level":0}}