{"host":"a7kkotolxcg5vljr","time":1608165438,"event":{"mods":["2.2 Compatiblity","AchievementEnabler","Act Like it!","BaseMod","Better Altar","Better Skull","Better Third Choice","Colored Map","Colored Powertips","Downfall","Hermit","Highlight Path","Marisa????????","Minty Spire (QoL Compilation)","Quick Restart","Rare Cards Sparkle","Replay The Spire","Spicy Shops","StSLib","The Cursed","The Disciple","The Servant 0.9.4"],"gold_per_floor":[117,0,11,11,30,63,73,73,152,170,204,128,128,140,140,237,237,248,263,178,178,178,201,212,212,224,241,264,204,204,228,238,16,16,117,117,136,136,2,2,19,19,19,33,58,58,58],"floor_reached":46,"playtime":1632,"items_purged":["Sickly"],"score":530,"play_id":"0d796fb9-5ca6-4b2e-aef4-f8a0e93ad381","local_time":"20201216193718","is_ascension_mode":false,"campfire_choices":[{"floor":8,"key":"RECALL"},{"data":"Poison Darts","floor":15,"key":"SMITH"},{"data":"Noxious Fumes","floor":25,"key":"SMITH"},{"floor":30,"key":"REST"},{"floor":34,"key":"REST"},{"data":"Catalyst","floor":42,"key":"SMITH"}],"circlet_count":0,"master_deck":["Strike_G","Strike_G","Strike_G","Strike_G","Strike_G","Defend_G","Defend_G","Defend_G","Defend_G","Defend_G","Survivor","Neutralize","Noxious Fumes+1","Deadly Poison","Hidden Blade","Backflip","Leg Sweep","Backflip","Flying Knee+1","Poison Darts+1","Deadly Poison","Corpse Explosion","Deadly Poison+1","Flying Knee+1","Prepared","Sucker Punch+1","Backflip+1","ReplayTheSpireMod:Tripwire","Deadly Poison","Catalyst+1","ReplayTheSpireMod:Necrosis","Distraction+1","Bane+1","Draining Mist","Dagger Throw+1","Backflip"],"relics":["Ring of the Snake","NeowsBlessing","ReplayTheSpireMod:CursedCoin","Dream Catcher","Pondfish Scales","Molten Egg 2","ReplayTheSpireMod:Lightbulb","Blood Vial","expansioncontent:StudyCardRelic","Anchor","Art of War","Chemical X","Replay:Bronze Core","MealTicket"],"acts_visited":["Exordium","TheCity","TheBeyond"],"potions_floor_usage":[6,6,11,18,24,24,24,35,46,46,46,46,46],"damage_taken":[{"damage":0,"enemies":"Cultist","floor":1,"turns":1},{"damage":0,"enemies":"2 Louse","floor":3,"turns":1},{"damage":0,"enemies":"Small Slimes","floor":5,"turns":1},{"damage":16,"enemies":"Lagavulin","floor":6,"turns":7},{"damage":3,"enemies":"Blue Slaver","floor":7,"turns":5},{"damage":1,"enemies":"Red Slaver","floor":10,"turns":5},{"damage":11,"enemies":"3 Sentries","floor":11,"turns":8},{"damage":5,"enemies":"Exordium Thugs","floor":14,"turns":5},{"damage":56,"enemies":"Fading Forest","floor":16,"turns":11},{"damage":8,"enemies":"Spheric Guardian","floor":18,"turns":4},{"damage":13,"enemies":"2 Thieves","floor":19,"turns":2},{"damage":2,"enemies":"Snake Plant","floor":24,"turns":3},{"damage":8,"enemies":"Centurion and Healer","floor":26,"turns":3},{"damage":23,"enemies":"Cultist and Chosen","floor":27,"turns":4},{"damage":0,"enemies":"Shelled Parasite and Fungi","floor":32,"turns":4},{"damage":40,"enemies":"Champ","floor":35,"turns":9},{"damage":4,"enemies":"Orb Walker","floor":37,"turns":4},{"damage":1,"enemies":"3 Shapes","floor":41,"turns":3},{"damage":8,"enemies":"Jaw Worm Horde","floor":44,"turns":5},{"damage":67,"enemies":"Reptomancer","floor":46,"turns":5}],"seed_played":"3723721337039512583","potions_obtained":[{"floor":3,"key":"Energy Potion"},{"floor":5,"key":"LifebloodPotion"},{"floor":6,"key":"AttackPotion"},{"floor":16,"key":"ColorlessPotion"},{"floor":19,"key":"Strength Potion"},{"floor":23,"key":"Toxic Potion"},{"floor":23,"key":"SpeedPotion"},{"floor":35,"key":"EntropicBrew"},{"floor":41,"key":"Adrenaline Potion"}],"is_trial":false,"path_per_floor":["M","$","M","$","M","E","M","R","T","M","E","$","?","M","R","B",null,"M","M","?","PTL","PTL","?","M","R","M","M","T","?","R","T","M","$","R","B",null,"M","?","$","?","M","R","?","M","T","E"],"character_chosen":"THE_SILENT","items_purchased":["ReplayTheSpireMod:CursedCoin","Dream Catcher","Deadly Poison","Blood Vial","Chemical X","Block Potion","Bane+1","Draining Mist"],"campfire_rested":2,"item_purchase_floors":[2,2,2,12,33,33,39,39],"current_hp_per_floor":[70,70,70,70,70,54,51,51,51,50,39,39,70,65,65,11,70,62,51,51,51,51,51,51,51,45,24,24,24,45,45,47,47,68,30,70,66,66,66,60,61,61,61,55,55,0,0],"gold":58,"neow_bonus":"THREE_ENEMY_KILL","is_daily":false,"chose_seed":false,"campfire_upgraded":3,"win_rate":0.0,"timestamp":1608165438,"path_taken":["M","$","?","?","?","E","M","R","T","?","E","$","?","M","R","BOSS","M","?","?","PTL","PTL","?","M","R","M","?","T","?","R","?","?","?","R","BOSS","M","?","$","?","?","R","?","?","T","E"],"items_purchased_type":["Relic","Relic","Card","Relic","Relic","Potion","Card","Card"],"build_version":"2020-12-13","purchased_purges":1,"victory":false,"max_hp_per_floor":[70,70,70,70,70,70,70,70,70,70,70,70,70,70,70,70,70,70,70,70,70,70,70,70,70,70,70,70,70,70,70,70,70,70,70,70,70,66,66,66,66,66,66,66,66,66,66],"card_choices":[{"not_picked":["Flying Knee","Acrobatics"],"picked":"Noxious Fumes","floor":1},{"not_picked":["Sneak Up","PiercingWail"],"picked":"Hidden Blade","floor":3},{"not_picked":["Quick Slash","Blade Dance"],"picked":"Backflip","floor":5},{"not_picked":["ReplayTheSpireMod:Exploit Weakness","PiercingWail"],"picked":"Leg Sweep","floor":6},{"not_picked":["Heel Hook","Deflect"],"picked":"Backflip","floor":7},{"not_picked":["Underhanded Strike+1","Riddle With Holes+1"],"picked":"Flying Knee+1","floor":10},{"not_picked":["Leg Sweep","Blade Dance"],"picked":"Poison Darts","floor":11},{"not_picked":["Cloak And Dagger","Dodge and Roll"],"picked":"Deadly Poison","floor":14},{"not_picked":["Grand Finale+1","Atom Bomb+1"],"picked":"Corpse Explosion","floor":16},{"not_picked":["Cloak And Dagger+1","Dodge and Roll+1"],"picked":"Deadly Poison+1","floor":18},{"not_picked":["Reflex+1","Calculated Gamble","ReplayTheSpireMod:Speed Training"],"picked":"SKIP","floor":19},{"not_picked":["Cloak And Dagger","Endless Agony+1"],"picked":"Flying Knee+1","floor":23},{"not_picked":["Terror+1","Dagger Throw+1"],"picked":"Prepared","floor":24},{"not_picked":["Storm of Steel","ReplayTheSpireMod:Speed Training"],"picked":"Sucker Punch+1","floor":26},{"not_picked":["Masterful Stab+1","Blur"],"picked":"Backflip+1","floor":27},{"not_picked":["Expertise","Blade Dance+1"],"picked":"ReplayTheSpireMod:Tripwire","floor":30},{"not_picked":["Dagger Spray+1","Backflip"],"picked":"Deadly Poison","floor":32},{"not_picked":["Slice+1","Dagger Spray+1"],"picked":"Catalyst","floor":34},{"not_picked":["ReplayTheSpireMod:From All Sides+1","Night Terror"],"picked":"ReplayTheSpireMod:Necrosis","floor":35},{"not_picked":["Quick Slash+1","Outmaneuver"],"picked":"Distraction+1","floor":37},{"not_picked":["Backflip","ReplayTheSpireMod:The Works"],"picked":"Dagger Throw+1","floor":41},{"not_picked":["Deflect","Dodge and Roll"],"picked":"Backflip","floor":44}],"player_experience":338404,"relics_obtained":[{"floor":6,"key":"Pondfish Scales"},{"floor":9,"key":"Molten Egg 2"},{"floor":11,"key":"ReplayTheSpireMod:Lightbulb"},{"floor":31,"key":"Art of War"},{"floor":45,"key":"MealTicket"}],"event_choices":[{"damage_healed":31,"gold_gain":0,"player_choice":"Full Heal","damage_taken":0,"max_hp_gain":0,"max_hp_loss":0,"event_name":"Wheel of Change","floor":13,"gold_loss":0},{"damage_healed":0,"gold_gain":0,"player_choice":"Obtained Relic","damage_taken":0,"relics_obtained":["Anchor"],"max_hp_gain":0,"max_hp_loss":0,"event_name":"Addict","floor":20,"gold_loss":85},{"damage_healed":0,"gold_gain":0,"player_choice":"Max HP","damage_taken":0,"max_hp_gain":0,"max_hp_loss":4,"event_name":"Winding Halls","floor":38,"gold_loss":0},{"damage_healed":0,"gold_gain":0,"player_choice":"Damaged","damage_taken":6,"max_hp_gain":0,"max_hp_loss":0,"event_name":"Wheel of Change","floor":40,"gold_loss":0},{"damage_healed":0,"gold_gain":0,"player_choice":"Ignored","damage_taken":0,"max_hp_gain":0,"max_hp_loss":0,"event_name":"NoteForYourself","floor":43,"gold_loss":0}],"is_beta":false,"boss_relics":[{"not_picked":["ReplayTheSpireMod:DimensionalGlitch","Runic Dome"],"picked":"expansioncontent:StudyCardRelic"},{"not_picked":["Snecko Scales","Philosopher\u0027s Stone"],"picked":"Replay:Bronze Core"}],"items_purged_floors":[2],"is_endless":false,"potions_floor_spawned":[3,5,6,16,19,35,41],"killed_by":"Reptomancer","ascension_level":0}}