{"host":"idmgg8r816nmas40","time":1608199032,"event":{"mods":["AchievementEnabler","AlwaysNeverKeys","BaseMod","BetterRewards","Block Reminder","Colored Map","Colored Powertips","DeckTracker","Googly Eyes","Highlight Path","Minty Spire (QoL Compilation)","Quick Restart","Relic Stats","Shop Mod","StSLib","SuperFastMode","Synergy Search","Transform Curses"],"gold_per_floor":[109,119,119,294,219,247,247,273,273,273,306,23,36,61,61,161,211,224,77,87,103,103,132,132,152,198,227,227,268,36,55,55,166,166,191,218,240,249,104,104,142,178,178,178,201,251,277,159,159,159,159,159,7,48,48,48],"floor_reached":55,"playtime":2866,"items_purged":["Regret"],"score":1596,"play_id":"ac2d6a6e-f3dc-42d7-ba15-fa59a3eef3c0","local_time":"20201217025712","is_ascension_mode":true,"campfire_choices":[{"floor":7.0,"key":"REST"},{"floor":10.0,"key":"REST"},{"data":"WindmillStrike","floor":15.0,"key":"SMITH"},{"floor":24.0,"key":"REST"},{"floor":28.0,"key":"REST"},{"floor":32.0,"key":"REST"},{"floor":40.0,"key":"REST"},{"floor":49.0,"key":"REST"},{"floor":52.0,"key":"REST"}],"circlet_count":0,"master_deck":["AscendersBane","Strike_P","Strike_P+1","Strike_P","Defend_P","Defend_P","Defend_P+1","Defend_P+1","Eruption+1","Vigilance","ForeignInfluence+1","WindmillStrike+1","EmptyFist","Tantrum","Consecrate","LessonLearned","EmptyBody","Protect+1","ReachHeaven+1","Brilliance","Wallop+1","FlyingSleeves","Consecrate+1","Mayhem","TalkToTheHand","Adaptation+1","DevaForm","Perseverance+1","Prostrate+1","ClearTheMind+1","Dramatic Entrance","Parasite","FlyingSleeves+1","ForeignInfluence","ForeignInfluence","FlurryOfBlows","WaveOfTheHand+1","Protect+1","Halt+1","Scrawl","Pray+1"],"relics":["PureWater","ClockworkSouvenir","StrikeDummy","Matryoshka","CaptainsWheel","Centennial Puzzle","Shuriken","Yang","Du-Vu Doll","Toy Ornithopter","Pantograph","Bottled Flame","Tiny House","Lantern","Dead Branch","Nunchaku","CeramicFish","Darkstone Periapt","Fusion Hammer","Sling","Letter Opener","PreservedInsect","Unceasing Top","Orrery","Pen Nib","Happy Flower"],"acts_visited":["Exordium","TheCity","TheBeyond","TheEnding"],"potions_floor_usage":[],"damage_taken":[{"damage":0.0,"enemies":"Cultist","floor":1.0,"turns":2.0},{"damage":0.0,"enemies":"Small Slimes","floor":2.0,"turns":1.0},{"damage":20.0,"enemies":"Gremlin Nob","floor":6.0,"turns":5.0},{"damage":20.0,"enemies":"3 Sentries","floor":8.0,"turns":3.0},{"damage":3.0,"enemies":"Gremlin Nob","floor":11.0,"turns":3.0},{"damage":0.0,"enemies":"Jaw Worm","floor":13.0,"turns":1.0},{"damage":3.0,"enemies":"3 Sentries","floor":14.0,"turns":2.0},{"damage":25.0,"enemies":"Hexaghost","floor":16.0,"turns":7.0},{"damage":7.0,"enemies":"Shell Parasite","floor":18.0,"turns":3.0},{"damage":2.0,"enemies":"2 Thieves","floor":20.0,"turns":2.0},{"damage":13.0,"enemies":"Cultist and Chosen","floor":21.0,"turns":2.0},{"damage":28.0,"enemies":"Book of Stabbing","floor":23.0,"turns":6.0},{"damage":14.0,"enemies":"Snake Plant","floor":25.0,"turns":2.0},{"damage":13.0,"enemies":"Sentry and Sphere","floor":27.0,"turns":3.0},{"damage":17.0,"enemies":"Gremlin Leader","floor":29.0,"turns":6.0},{"damage":0.0,"enemies":"3 Cultists","floor":31.0,"turns":2.0},{"damage":47.0,"enemies":"Collector","floor":33.0,"turns":9.0},{"damage":1.0,"enemies":"3 Shapes","floor":35.0,"turns":3.0},{"damage":9.0,"enemies":"3 Darklings","floor":36.0,"turns":5.0},{"damage":8.0,"enemies":"Maw","floor":37.0,"turns":5.0},{"damage":11.0,"enemies":"Writhing Mass","floor":41.0,"turns":4.0},{"damage":0.0,"enemies":"Giant Head","floor":42.0,"turns":5.0},{"damage":0.0,"enemies":"3 Darklings","floor":45.0,"turns":4.0},{"damage":62.0,"enemies":"Mind Bloom Boss Battle","floor":46.0,"turns":4.0},{"damage":0.0,"enemies":"Maw","floor":47.0,"turns":5.0},{"damage":35.0,"enemies":"Donu and Deca","floor":50.0,"turns":7.0},{"damage":0.0,"enemies":"Shield and Spear","floor":54.0,"turns":2.0},{"damage":83,"enemies":"The Heart","floor":55,"turns":5}],"seed_played":"6159142788291916738","potions_obtained":[{"floor":6.0,"key":"Strength Potion"},{"floor":11.0,"key":"AttackPotion"},{"floor":16.0,"key":"Strength Potion"},{"floor":17.0,"key":"BlessingOfTheForge"},{"floor":21.0,"key":"AttackPotion"},{"floor":27.0,"key":"Strength Potion"},{"floor":31.0,"key":"SpeedPotion"},{"floor":36.0,"key":"LiquidBronze"},{"floor":37.0,"key":"DuplicationPotion"},{"floor":42.0,"key":"EssenceOfSteel"}],"is_trial":false,"path_per_floor":["M","M","?","?","$","E","R","E","T","R","E","$","M","E","R","B",null,"M","$","M","M","?","E","R","M","T","M","R","E","$","M","R","B",null,"M","M","M","?","$","R","M","E","T","?","M","?","M","$","R","B",null,"R","$","E","B"],"character_chosen":"WATCHER","items_purchased":["ClockworkSouvenir","StrikeDummy","Matryoshka","ForeignInfluence","Pantograph","Consecrate","Lantern","Mayhem","TalkToTheHand","Sling","Orrery","Pen Nib"],"campfire_rested":8,"item_purchase_floors":[0,0,0,0,12,12,19,30,30,39,48,53],"current_hp_per_floor":[65,65,65,65,65,45,66,46,46,67,64,64,64,69,69,47,71,69,69,72,59,59,36,59,45,45,32,55,43,43,43,66,30,65,64,55,47,47,47,70,75,75,75,75,75,21,21,21,45,35,71,83,83,83,0,0],"gold":48,"neow_bonus":"","is_daily":false,"chose_seed":false,"campfire_upgraded":1,"win_rate":0.0,"timestamp":1608199032,"path_taken":["M","M","?","?","$","E","R","E","T","R","E","$","M","E","R","BOSS","M","$","M","M","?","E","R","M","T","?","R","E","$","M","R","BOSS","M","M","?","?","$","R","M","E","T","?","M","?","M","$","R","BOSS","R","$","E","BOSS"],"items_purchased_type":["Relic","Relic","Relic","Card","Relic","Card","Relic","Card","Card","Relic","Relic","Relic"],"build_version":"2020-12-13","purchased_purges":1,"victory":false,"max_hp_per_floor":[72,72,72,72,72,72,72,72,72,72,72,72,72,72,72,72,77,77,77,77,77,77,77,77,77,77,77,77,77,77,77,77,77,77,77,77,77,77,77,77,83,83,83,83,83,83,83,83,83,83,83,83,83,83,83,83],"relic_stats":{"Darkstone Periapt":6,"Happy Flower":[1],"counters":[57,214],"Dead Branch":[84],"CeramicFish":180,"Yang":[339],"PreservedInsect":189,"Pen Nib":[1],"Letter Opener":[141],"Centennial Puzzle":[90],"Nunchaku":[19],"Shuriken":[58],"Pantograph":47,"obtain_stats":[{"Calipers":17,"Tiny House":17,"CeramicFish":26,"Spirit Poop":19,"Whetstone":25,"Sling":20,"Boot":26,"Blood Vial":13,"Centennial Puzzle":10,"Strawberry":6,"MealTicket":13,"Fusion Hammer":34,"Girya":3,"Happy Flower":54,"Dead Branch":23,"Oddly Smooth Stone":9,"Pen Nib":53,"Letter Opener":10,"Akabeko":0,"Du-Vu Doll":9,"Bottled Flame":14,"Shuriken":8,"StrikeDummy":0,"Unceasing Top":46,"Darkstone Periapt":29,"Regal Pillow":22,"Lantern":19,"Yang":17,"Bag of Preparation":11,"Smiling Mask":17,"ClockworkSouvenir":0,"Frozen Eye":0,"Dream Catcher":4,"Nunchaku":26,"Matryoshka":0,"Pantograph":12,"Tiny Chest":3,"Potion Belt":29,"PreservedInsect":9,"Orichalcum":23,"MawBank":24,"Calling Bell":17,"CaptainsWheel":3,"Busted Crown":17,"Orrery":48,"Bag of Marbles":19,"Membership Card":0,"PureWater":0,"Toy Ornithopter":11},{"Calipers":9,"Tiny House":37,"CeramicFish":42,"Spirit Poop":22,"Whetstone":24,"Sling":10,"Boot":24,"Blood Vial":7,"Centennial Puzzle":16,"Strawberry":3,"MealTicket":7,"Fusion Hammer":46,"Girya":14,"Happy Flower":56,"Dead Branch":41,"Oddly Smooth Stone":5,"Pen Nib":55,"Letter Opener":16,"Akabeko":13,"Du-Vu Doll":33,"Bottled Flame":36,"Shuriken":33,"StrikeDummy":29,"Unceasing Top":53,"Darkstone Periapt":44,"Regal Pillow":11,"Lantern":38,"Yang":9,"Bag of Preparation":6,"Smiling Mask":9,"ClockworkSouvenir":29,"Frozen Eye":0,"Dream Catcher":2,"Nunchaku":42,"Matryoshka":29,"Pantograph":34,"Tiny Chest":2,"Potion Belt":26,"PreservedInsect":16,"Orichalcum":12,"MawBank":23,"Calling Bell":9,"CaptainsWheel":31,"Busted Crown":21,"Orrery":54,"Bag of Marbles":10,"Membership Card":13,"PureWater":0,"Toy Ornithopter":34},{"Calipers":40,"Tiny House":130,"CeramicFish":145,"Spirit Poop":82,"Whetstone":88,"Sling":42,"Boot":88,"Blood Vial":27,"Centennial Puzzle":59,"Strawberry":16,"MealTicket":27,"Fusion Hammer":165,"Girya":55,"Happy Flower":209,"Dead Branch":143,"Oddly Smooth Stone":21,"Pen Nib":207,"Letter Opener":59,"Akabeko":53,"Du-Vu Doll":117,"Bottled Flame":123,"Shuriken":117,"StrikeDummy":106,"Unceasing Top":195,"Darkstone Periapt":154,"Regal Pillow":46,"Lantern":133,"Yang":40,"Bag of Preparation":23,"Smiling Mask":40,"ClockworkSouvenir":106,"Frozen Eye":0,"Dream Catcher":7,"Nunchaku":145,"Matryoshka":106,"Pantograph":120,"Tiny Chest":7,"Potion Belt":94,"PreservedInsect":59,"Orichalcum":52,"MawBank":85,"Calling Bell":40,"CaptainsWheel":109,"Busted Crown":77,"Orrery":200,"Bag of Marbles":42,"Membership Card":53,"PureWater":0,"Toy Ornithopter":120}],"Toy Ornithopter":38,"Unceasing Top":[0]},"card_choices":[{"not_picked":["ClearTheMind","Protect"],"picked":"WindmillStrike","floor":1.0},{"not_picked":["Evaluate","PathToVictory"],"picked":"EmptyFist","floor":2.0},{"not_picked":["EmptyBody","JustLucky"],"picked":"Tantrum","floor":6.0},{"not_picked":["SashWhip","Crescendo","DeusExMachina"],"picked":"SKIP","floor":8.0},{"not_picked":["Swivel","Crescendo","PathToVictory"],"picked":"SKIP","floor":11.0},{"not_picked":["SignatureMove","ReachHeaven","Vengeance"],"picked":"SKIP","floor":13.0},{"not_picked":["SashWhip","CutThroughFate","Prostrate"],"picked":"SKIP","floor":14.0},{"not_picked":["Judgement","Omniscience"],"picked":"LessonLearned","floor":16.0},{"not_picked":["Protect","Pray"],"picked":"EmptyBody","floor":17.0},{"not_picked":["Sanctity","Wireheading","Swivel"],"picked":"SKIP","floor":18.0},{"not_picked":["Crescendo","JustLucky"],"picked":"Protect+1","floor":20.0},{"not_picked":["Pray","FlyingSleeves+1"],"picked":"ReachHeaven+1","floor":21.0},{"not_picked":["Halt","Pray"],"picked":"Brilliance","floor":23.0},{"not_picked":["JustLucky+1","SashWhip"],"picked":"Wallop+1","floor":25.0},{"not_picked":["Wireheading","ThirdEye+1"],"picked":"FlyingSleeves","floor":27.0},{"not_picked":["Crescendo","Fasting2"],"picked":"Consecrate+1","floor":29.0},{"not_picked":["Worship","ClearTheMind+1"],"picked":"Adaptation","floor":31.0},{"not_picked":["DeusExMachina","Ragnarok"],"picked":"DevaForm","floor":33.0},{"not_picked":["CarveReality+1","FollowUp"],"picked":"Perseverance+1","floor":35.0},{"not_picked":["Evaluate+1","ThirdEye+1"],"picked":"Prostrate+1","floor":36.0},{"not_picked":["CrushJoints+1","ConjureBlade"],"picked":"ClearTheMind+1","floor":37.0},{"not_picked":["Enlightenment","Dark Shackles"],"picked":"Dramatic Entrance","floor":38.0},{"not_picked":["Wireheading+1","SashWhip"],"picked":"FlyingSleeves+1","floor":41.0},{"not_picked":["Protect","Judgement"],"picked":"ForeignInfluence","floor":42.0},{"not_picked":["CarveReality+1","CutThroughFate"],"picked":"ForeignInfluence","floor":45.0},{"not_picked":["FlyingSleeves","Consecrate"],"picked":"FlurryOfBlows","floor":47.0},{"not_picked":["BowlingBash+1","FlyingSleeves"],"picked":"WaveOfTheHand+1","floor":48.0},{"not_picked":["Conclude","Tantrum"],"picked":"Protect+1","floor":48.0},{"not_picked":["ClearTheMind","Sanctity+1"],"picked":"Halt+1","floor":48.0},{"not_picked":["ClearTheMind","FollowUp+1"],"picked":"Scrawl","floor":48.0},{"not_picked":["Halt+1","FearNoEvil"],"picked":"Pray+1","floor":54.0}],"player_experience":1000781,"relics_obtained":[{"floor":6.0,"key":"Centennial Puzzle"},{"floor":8.0,"key":"Shuriken"},{"floor":9.0,"key":"Yang"},{"floor":9.0,"key":"Du-Vu Doll"},{"floor":11.0,"key":"Toy Ornithopter"},{"floor":14.0,"key":"Bottled Flame"},{"floor":23.0,"key":"Dead Branch"},{"floor":26.0,"key":"Nunchaku"},{"floor":26.0,"key":"CeramicFish"},{"floor":29.0,"key":"Darkstone Periapt"},{"floor":42.0,"key":"Letter Opener"},{"floor":43.0,"key":"PreservedInsect"},{"floor":46.0,"key":"Unceasing Top"},{"floor":54.0,"key":"Happy Flower"}],"event_choices":[{"damage_healed":0.0,"max_hp_gain":0.0,"max_hp_loss":0.0,"gold_gain":0.0,"event_name":"Big Fish","player_choice":"Box","floor":3.0,"gold_loss":0.0,"damage_taken":0.0,"relics_obtained":["CaptainsWheel"],"cards_obtained":["Regret"]},{"damage_healed":0.0,"max_hp_gain":0.0,"max_hp_loss":0.0,"gold_gain":175.0,"event_name":"Liars Game","player_choice":"AGREE","floor":4.0,"gold_loss":0.0,"damage_taken":0.0,"cards_obtained":["Doubt"]},{"cards_removed":["Doubt"],"damage_healed":0.0,"max_hp_gain":0.0,"max_hp_loss":0.0,"gold_gain":0.0,"event_name":"Fountain of Cleansing","player_choice":"Removed Curses","floor":22.0,"gold_loss":0.0,"damage_taken":0.0},{"damage_healed":0.0,"max_hp_gain":0.0,"max_hp_loss":0.0,"gold_gain":0.0,"event_name":"SensoryStone","player_choice":"Memory 1","floor":38.0,"gold_loss":0.0,"damage_taken":0.0},{"cards_removed":["Strike_P"],"damage_healed":0.0,"max_hp_gain":0.0,"max_hp_loss":0.0,"gold_gain":0.0,"event_name":"Falling","player_choice":"Removed Attack","floor":44.0,"gold_loss":0.0,"damage_taken":0.0},{"damage_healed":0.0,"max_hp_gain":0.0,"max_hp_loss":0.0,"gold_gain":0.0,"event_name":"MindBloom","player_choice":"Fight","floor":46.0,"gold_loss":0.0,"damage_taken":0.0}],"is_beta":false,"boss_relics":[{"not_picked":["Cursed Key","Pandora\u0027s Box"],"picked":"Tiny House"},{"not_picked":["Empty Cage","Runic Dome"],"picked":"Fusion Hammer"}],"items_purged_floors":[5],"is_endless":false,"potions_floor_spawned":[6,11,16,21,27,31,36,37,42],"killed_by":"The Heart","ascension_level":11}}