{"host":"htqwg582tjjtn9p7","time":1608225958,"event":{"mods":["2.2 Compatiblity","AchievementEnabler","Act Like it!","Aspiration","BaseMod","Better Third Choice","Colored Map","Conspire","Curses Come First","Displayed Cursed Tome","Energized Spire","Force Act Four","GifTheSpireLib","Hermit","Highlight Path","JesterMod","Mad Scientist","Minty Spire (QoL Compilation)","Pale of the Ancients","Permanent Neow","Random Character Button","Relic Stats","Replay The Spire","Robot Space Explorer","Somnambulant","Spicy Shops","Spikes Relics","StSLib","Stuff the Spire","The Blue Laboratory","The Disciple","The Dragon Tamer","The Forsaken","The Gatherer","The Judge","The Jungle","The Runesmith","The Servant 0.9.4"],"gold_per_floor":[112,32,32,32,32,32,67,67,67,28,28,28,47,47,47,120,120,135,135,150,150,150,150],"floor_reached":22,"playtime":558,"items_purged":[],"score":312,"play_id":"3e6ee071-cdf3-4155-b1a5-6e9203596fae","local_time":"20201217182558","is_ascension_mode":true,"campfire_choices":[{"floor":6,"key":"REST"},{"floor":8,"key":"REST"},{"data":"StuffTheSpire:Injection","floor":11,"key":"SMITH"},{"data":"Neutralize","floor":11,"key":"SMITH"},{"data":"Dodge and Roll","floor":15,"key":"SMITH"},{"data":"Survivor","floor":15,"key":"SMITH"}],"circlet_count":0,"master_deck":["AscendersBane","Strike_G","Strike_G","Strike_G","Strike_G","Defend_G","Defend_G","Defend_G","Defend_G","Defend_G","Survivor+1","Neutralize+1","Dodge and Roll+1","All Out Attack","StuffTheSpire:Injection+1","Bane+1","StuffTheSpire:Incursion","A Thousand Cuts","Backflip"],"relics":["Ring of the Snake","aspiration:StickyExplosives_weak","MiniBlackHole","Replay:Arrowhead","energizedSpire:CursedPentagram"],"acts_visited":["Exordium","TheCity"],"potions_floor_usage":[],"damage_taken":[{"damage":5,"enemies":"Cultist","floor":1,"turns":5},{"damage":52,"enemies":"Lagavulin","floor":7,"turns":11},{"damage":0,"enemies":"Small Slimes","floor":13,"turns":1},{"damage":10,"enemies":"The Guardian","floor":16,"turns":11},{"damage":17,"enemies":"3 Byrds","floor":18,"turns":8},{"damage":30,"enemies":"Spheric Guardian","floor":20,"turns":4},{"damage":19,"enemies":"Shelled Parasite and Fungi","floor":22,"turns":4}],"seed_played":"2809971208691896782","potions_obtained":[{"floor":16,"key":"blueLaboratory:RecallPotion"},{"floor":20,"key":"blueLaboratory:ExaltedPotion"}],"is_trial":false,"path_per_floor":["M","$","?","?","?","R","E","R","T","$","R","$","M","?","R","B",null,"M","?","M","?","M"],"character_chosen":"THE_SILENT","items_purchased":["All Out Attack","Bane+1"],"campfire_rested":2,"item_purchase_floors":[2,10],"current_hp_per_floor":[54,54,47,47,36,55,3,22,22,22,22,22,22,22,22,12,53,36,36,6,19,0,0],"gold":150,"neow_bonus":"ONE_RANDOM_RARE_CARD","is_daily":false,"chose_seed":false,"campfire_upgraded":4,"win_rate":0.0,"timestamp":1608225958,"path_taken":["M","?","?","?","?","R","E","R","T","$","R","?","M","?","R","BOSS","M","?","M","?","M"],"items_purchased_type":["Card","Card"],"build_version":"2020-12-13","purchased_purges":0,"victory":false,"max_hp_per_floor":[66,66,66,66,66,66,66,66,66,66,66,66,66,66,66,66,66,66,66,66,66,66,66],"relic_stats":{"counters":[7,44],"obtain_stats":[{"energizedSpire:CursedPentagram":17,"MiniBlackHole":7,"Replay:Arrowhead":9,"Ring of the Snake":0,"aspiration:StickyExplosives_weak":5},{"energizedSpire:CursedPentagram":4,"MiniBlackHole":2,"Replay:Arrowhead":2,"Ring of the Snake":0,"aspiration:StickyExplosives_weak":1},{"energizedSpire:CursedPentagram":28,"MiniBlackHole":16,"Replay:Arrowhead":16,"Ring of the Snake":0,"aspiration:StickyExplosives_weak":5}],"Ring of the Snake":[14]},"card_choices":[{"not_picked":["Prepared","ReplayTheSpireMod:Exploit Weakness"],"picked":"Dodge and Roll","floor":1},{"not_picked":["ReplayTheSpireMod:The Works","Sucker Punch"],"picked":"StuffTheSpire:Injection","floor":7},{"not_picked":["Quick Slash","Prepared","ReplayTheSpireMod:The Works"],"picked":"SKIP","floor":13},{"not_picked":["Poison Darts","Night Terror"],"picked":"A Thousand Cuts","floor":16},{"not_picked":["Cloak And Dagger","Slice","Terror"],"picked":"SKIP","floor":18},{"not_picked":["Draining Mist","Underhanded Strike"],"picked":"Backflip","floor":20}],"player_experience":1697576,"relics_obtained":[{"floor":7,"key":"MiniBlackHole"},{"floor":9,"key":"Replay:Arrowhead"}],"event_choices":[{"cards_removed":["Strike_G"],"damage_healed":0,"gold_gain":0,"player_choice":"Card Removal","damage_taken":7,"max_hp_gain":0,"max_hp_loss":0,"event_name":"Golden Wing","floor":3,"gold_loss":0},{"damage_healed":0,"gold_gain":0,"player_choice":"Ignored","damage_taken":0,"max_hp_gain":0,"max_hp_loss":0,"event_name":"Golden Idol","floor":4,"gold_loss":0},{"damage_healed":0,"gold_gain":0,"player_choice":"Relic ","damage_taken":11,"max_hp_gain":0,"max_hp_loss":0,"event_name":"betterThird:BetterScrap","floor":5,"gold_loss":0,"cards_obtained":["Double Tap"]},{"damage_healed":0,"gold_gain":0,"cards_transformed":["Grand Finale"],"player_choice":"Change","damage_taken":0,"max_hp_gain":0,"max_hp_loss":0,"event_name":"Living Wall","floor":14,"gold_loss":0,"cards_obtained":["StuffTheSpire:Incursion"]},{"damage_healed":13,"gold_gain":0,"player_choice":"Heal","damage_taken":0,"max_hp_gain":0,"max_hp_loss":0,"event_name":"The Library","floor":21,"gold_loss":0}],"is_beta":false,"boss_relics":[{"not_picked":["CosmicIsotope","energizedSpire:MagnifyingGlass"],"picked":"energizedSpire:CursedPentagram"}],"items_purged_floors":[],"is_endless":false,"potions_floor_spawned":[16,20],"killed_by":"Shelled Parasite and Fungi","ascension_level":15}}