{"host":"nox","time":1608216226,"event":{"mods":["Aspiration","BaseMod","Better Third Choice","Colored Powertips","Conspire","Hubris","Infinite Spire","Minty Spire (QoL Compilation)","Quick Restart","Rare Cards Sparkle","Replay The Spire","Shop Mod","Spikes Relics","StSLib","SuperFastMode","The Alterego","vexMod"],"gold_per_floor":[116,136,155,155,200,200,235,255,255,112,124,163,175,34,34,130,130,148,148,160,202,202,227,167,197,222,222,322,322,349,367,367,467,467,478,478,488,505,505,505,516,295,344,373,373,373,373,373,373],"floor_reached":48,"playtime":1786,"items_purged":[],"score":791,"play_id":"5f15c469-851b-404f-8920-a306ba73e9a3","local_time":"20201217214346","is_ascension_mode":true,"campfire_choices":[{"data":"Clash","floor":6.0,"key":"SMITH"},{"data":"Perfected Strike","floor":11.0,"key":"SMITH"},{"floor":15.0,"key":"DIG"},{"floor":27.0,"key":"REST"},{"floor":29.0,"key":"REST"},{"floor":32.0,"key":"REST"},{"floor":40.0,"key":"RECALL"}],"circlet_count":0,"master_deck":["Strike_R","Strike_R","Strike_R","Strike_R","Defend_R","Defend_R","Defend_R","Defend_R","Bash","Clash+1","ReplayTheSpireMod:Strike From Hell+1","True Grit+1","Cleave+1","Hemokinesis+1","Shrug It Off","ReplayTheSpireMod:Strike From Hell+1","Clash","Armaments+1","Body Slam","infinitespire:Execution+1","True Grit+1","Perfected Strike","ReplayTheSpireMod:Strike From Hell+1","Impervious","Entrench","Madness","Madness","True Grit+1","Spot Weakness+1","conspire:Charge+1","Power Through"],"relics":["alterego_mod:MasochisticConstitution","MealTicket","Medical Kit","vexMod:FluxCapacitor","MawBank","infinitespire:Chaos","Juzu Bracelet","vexMod:PaidLearning","infinitespire:WardingShard","conspire:SlowCooker","vexMod:FocusSash","hubris:KleinBottle","DollysMirror","Guide Book","Charon\u0027s Ashes","infinitespire:Satchel","hubris:AstralHammer","conspire:DeflatedDodgeball","Vajra","conspire:RunicOctahedron","Potion Belt","Red Skull","Boot"],"acts_visited":["Exordium","TheCity","TheBeyond"],"potions_floor_usage":[41,41,41],"damage_taken":[{"damage":4.0,"enemies":"conspire:RoseBush","floor":1.0,"turns":4.0},{"damage":12.0,"enemies":"Small Slimes","floor":2.0,"turns":4.0},{"damage":1.0,"enemies":"2 Louse","floor":3.0,"turns":3.0},{"damage":43.0,"enemies":"conspire:MimicChest","floor":5.0,"turns":7.0},{"damage":4.0,"enemies":"3 Sentries","floor":7.0,"turns":10.0},{"damage":10.0,"enemies":"Red Slaver","floor":8.0,"turns":5.0},{"damage":6.0,"enemies":"Replay:BlueRogue","floor":12.0,"turns":4.0},{"damage":22.0,"enemies":"The Guardian","floor":16.0,"turns":9.0},{"damage":7.0,"enemies":"Chosen","floor":18.0,"turns":4.0},{"damage":7.0,"enemies":"3 Byrds","floor":20.0,"turns":5.0},{"damage":3.0,"enemies":"conspire:Head Lice","floor":23.0,"turns":4.0},{"damage":34.0,"enemies":"Slavers","floor":25.0,"turns":4.0},{"damage":12.0,"enemies":"Colosseum Slavers","floor":28.0,"turns":3.0},{"damage":0.0,"enemies":"Colosseum Nobs","floor":28.0,"turns":3.0},{"damage":43.0,"enemies":"Gremlin Leader","floor":30.0,"turns":4.0},{"damage":2.0,"enemies":"Snecko","floor":31.0,"turns":3.0},{"damage":22.0,"enemies":"Automaton","floor":33.0,"turns":8.0},{"damage":13.0,"enemies":"3 Shapes","floor":35.0,"turns":3.0},{"damage":18.0,"enemies":"3 Darklings","floor":37.0,"turns":4.0},{"damage":2.0,"enemies":"Jaw Worm Horde","floor":38.0,"turns":4.0},{"damage":22,"enemies":"Writhing Mass","floor":41,"turns":4},{"damage":21,"enemies":"Reptomancer","floor":44,"turns":3},{"damage":11,"enemies":"Sphere and 2 Shapes","floor":48,"turns":3}],"seed_played":"-2579201145724955505","potions_obtained":[{"floor":3.0,"key":"HeartOfIron"},{"floor":5.0,"key":"Swift Potion"},{"floor":7.0,"key":"BloodPotion"},{"floor":20.0,"key":"AttackPotion"},{"floor":21.0,"key":"Cursed Concoction"},{"floor":25.0,"key":"BlessingOfTheForge"},{"floor":30.0,"key":"Reflective Coating"},{"floor":33.0,"key":"Dexterity Potion"},{"floor":37.0,"key":"FearPotion"},{"floor":38.0,"key":"Energy Potion"},{"floor":41,"key":"Weak Potion"}],"is_trial":false,"path_per_floor":["M","M","M","?","?","R","E","M","T","$","R","E","?","$","R","B",null,"M","?","M","?","$","E","?","E","T","R","?","R","E","M","R","B",null,"M","?","M","M","?","R","M","$","T","E","?","?","?","M"],"character_chosen":"IRONCLAD","items_purchased":["infinitespire:Chaos","vexMod:PaidLearning","hubris:KleinBottle","DollysMirror","Guide Book","Potion Belt","Ancient Potion"],"campfire_rested":3,"item_purchase_floors":[10,14,22,22,22,42,42],"current_hp_per_floor":[82,76,81,59,22,22,24,20,20,20,20,15,15,30,30,9,70,64,64,58,58,19,35,35,2,2,30,19,47,5,4,33,12,77,65,53,36,35,35,35,14,29,29,9,9,9,9,0,0],"gold":373,"neow_bonus":"TEN_PERCENT_HP_BONUS","is_daily":false,"chose_seed":false,"campfire_upgraded":2,"win_rate":0.0,"timestamp":1608216226,"path_taken":["M","M","M","?","?","R","E","M","T","$","R","E","?","?","R","BOSS","M","?","M","?","?","E","?","E","T","R","?","R","E","M","R","BOSS","M","?","M","M","?","R","M","$","T","E","?","?","?","M"],"items_purchased_type":["Relic","Relic","Relic","Relic","Relic","Relic","Potion"],"build_version":"2020-11-17","purchased_purges":0,"victory":false,"max_hp_per_floor":[88,88,88,88,88,88,88,88,88,88,88,89,89,89,89,90,90,91,91,92,92,92,93,93,94,94,94,95,95,96,97,97,98,98,99,99,100,101,101,101,102,102,102,103,103,103,103,103,103],"card_choices":[{"not_picked":["Iron Wave","Anger","Rage"],"picked":"SKIP","floor":1.0},{"not_picked":["Second Wind","Life Link"],"picked":"Perfected Strike","floor":2.0},{"not_picked":["Run Through","Life Link","Wild Strike"],"picked":"SKIP","floor":3.0},{"not_picked":["ReplayTheSpireMod:Stacked","hubris:SharpeningStone"],"picked":"Clash","floor":5.0},{"not_picked":["Entrench","Shrug It Off","Iron Wave"],"picked":"SKIP","floor":7.0},{"not_picked":["Iron Wave","Searing Blow","Brutality"],"picked":"SKIP","floor":8.0},{"not_picked":["Whirlwind","Havoc","ReplayTheSpireMod:Corrosion Curse"],"picked":"SKIP","floor":12.0},{"not_picked":["Disarm","Heavy Blade"],"picked":"ReplayTheSpireMod:Strike From Hell+1","floor":18.0},{"not_picked":["Cleave","Perfected Strike"],"picked":"Clash","floor":20.0},{"not_picked":["Sword Boomerang+1","Hemogenesis"],"picked":"Armaments","floor":21.0},{"not_picked":["ReplayTheSpireMod:LeadingStrike","Clothesline"],"picked":"Body Slam","floor":21.0},{"not_picked":["infinitespire:TheBestDefense","ReplayTheSpireMod:Haul"],"picked":"infinitespire:Execution","floor":22.0},{"not_picked":["Body Slam","hubris:ReadiedAction","Warcry"],"picked":"SKIP","floor":23.0},{"not_picked":["hubris:ReadiedAction","Disarm"],"picked":"Perfected Strike","floor":25.0},{"not_picked":["Bloodletting","Pummel","Combust"],"picked":"SKIP","floor":30.0},{"not_picked":["Feel No Pain","Warcry"],"picked":"ReplayTheSpireMod:Strike From Hell+1","floor":31.0},{"not_picked":["Eclipse","hubris:StunningStrike"],"picked":"Impervious","floor":33.0},{"not_picked":["Dark Embrace+1","Wild Strike"],"picked":"Entrench","floor":35.0},{"not_picked":["Replay:Undeath\u0027s Touch","Clash"],"picked":"True Grit+1","floor":37.0},{"not_picked":["Pommel Strike+1","Thunderclap+1"],"picked":"Spot Weakness+1","floor":38.0},{"not_picked":["Flex","Hemokinesis+1"],"picked":"conspire:Charge+1","floor":41},{"not_picked":["conspire:Purge","Cleave","Abandon"],"picked":"SKIP","floor":44},{"not_picked":["conspire:Purge","Cleave","Abandon"],"picked":"SKIP","floor":44}],"player_experience":171801,"relics_obtained":[{"floor":5.0,"key":"hubris:PeanutButter"},{"floor":7.0,"key":"Blue Doll"},{"floor":9.0,"key":"Dream Catcher"},{"floor":12.0,"key":"Juzu Bracelet"},{"floor":15.0,"key":"infinitespire:WardingShard"},{"floor":21.0,"key":"vexMod:FocusSash"},{"floor":23.0,"key":"Charon\u0027s Ashes"},{"floor":25.0,"key":"infinitespire:Satchel"},{"floor":28.0,"key":"hubris:AstralHammer"},{"floor":28.0,"key":"conspire:DeflatedDodgeball"},{"floor":30.0,"key":"Vajra"},{"floor":43,"key":"Red Skull"},{"floor":44,"key":"Boot"}],"event_choices":[{"damage_healed":0.0,"max_hp_gain":0.0,"max_hp_loss":0.0,"gold_gain":0.0,"event_name":"Golden Idol","player_choice":"Take Damage","floor":4.0,"gold_loss":0.0,"damage_taken":22.0,"relics_obtained":["Golden Idol"]},{"damage_healed":0.0,"max_hp_gain":0.0,"max_hp_loss":0.0,"gold_gain":0.0,"event_name":"Colosseum","player_choice":"Fight","floor":28.0,"gold_loss":0.0,"damage_taken":0.0},{"damage_healed":0.0,"max_hp_gain":0.0,"max_hp_loss":0.0,"gold_gain":0.0,"event_name":"Colosseum","player_choice":"Fought Nobs","floor":28.0,"gold_loss":0.0,"damage_taken":0.0},{"damage_healed":0.0,"max_hp_gain":0.0,"max_hp_loss":0.0,"gold_gain":0.0,"event_name":"Winding Halls","player_choice":"Embrace Madness","floor":36.0,"gold_loss":0.0,"damage_taken":12.0,"cards_obtained":["Madness","Madness"]},{"damage_healed":0.0,"max_hp_gain":0.0,"max_hp_loss":0.0,"gold_gain":0.0,"event_name":"Upgrade Shrine","player_choice":"Upgraded","floor":39.0,"gold_loss":0.0,"damage_taken":0.0,"cards_upgraded":["Armaments"]},{"cards_removed":["Perfected Strike"],"damage_healed":0,"gold_gain":0,"player_choice":"Removed Attack","damage_taken":0,"max_hp_gain":0,"max_hp_loss":0,"event_name":"Falling","floor":45,"gold_loss":0},{"damage_healed":0,"gold_gain":0,"player_choice":"Ignored","damage_taken":0,"max_hp_gain":0,"max_hp_loss":0,"event_name":"Mysterious Sphere","floor":46,"gold_loss":0},{"damage_healed":0,"gold_gain":0,"cards_transformed":["Strike_R"],"player_choice":"Transformed","damage_taken":0,"max_hp_gain":0,"max_hp_loss":0,"event_name":"Transmorgrifier","floor":47,"gold_loss":0,"cards_obtained":["Power Through"]}],"is_beta":true,"boss_relics":[{"not_picked":["hubris:RunicObelisk","hubris:CrackedHourglass"],"picked":"conspire:SlowCooker"},{"not_picked":["Ooze Armor","Pandora\u0027s Box"],"picked":"conspire:RunicOctahedron"}],"items_purged_floors":[],"is_endless":false,"potions_floor_spawned":[3,5,7,20,25,28,30,33,37,38,41],"killed_by":"Sphere and 2 Shapes","ascension_level":8}}