{"host":"5w5nlj9te6rhm47m","time":1608186530,"event":{"mods":["BaseMod","Downfall","Hermit","Minty Spire (QoL Compilation)","Replay The Spire","Shop Mod","StSLib"],"gold_per_floor":[274,299,299,333,333,367,391,410,410,438,464,486,268,277,299,404,413,413,26,49,49,76,188,188,113,148,148,175,17,45,101,120,233,233,83,129,238,259,302,302,375,414,436,469,480,505,238,261,290,290,290,325,110,110,110,110],"floor_reached":55,"playtime":6136,"items_purged":["Regret","Doubt","Slimebound:FirmFortitude+1"],"score":1106,"play_id":"1a93edb6-0515-4b07-bd75-2df53966b5e5","local_time":"20201217142850","is_ascension_mode":true,"campfire_choices":[{"data":"Slimebound:Split","floor":3,"key":"SMITH"},{"floor":18,"key":"RECALL"},{"data":"Slimebound:Recycling","floor":21,"key":"SMITH"},{"floor":25,"key":"REST"},{"data":"Slimebound:FirmFortitude","floor":27,"key":"SMITH"},{"floor":35,"key":"DIG"},{"data":"Slimebound:DuplicatedForm","floor":40,"key":"SMITH"},{"data":"Slimebound:SlimeSlap","floor":54,"key":"SMITH"}],"circlet_count":0,"master_deck":["Slimebound:Strike_Slimebound","Slimebound:Strike_Slimebound","Slimebound:Strike_Slimebound","Slimebound:Tackle","Slimebound:Defend_Slimebound","Slimebound:Defend_Slimebound+1","Slimebound:Defend_Slimebound+1","Slimebound:Defend_Slimebound","Slimebound:Split+1","Slimebound:CorrosiveSpit","Slimebound:ViciousTackle","Slimebound:LivingWall","Slimebound:Recycling+1","Slimebound:Schlurp+1","Slimebound:SamplingLick","Slimebound:DuplicatedForm+1","Slimebound:Grow","Slimebound:HauntingLick","Slimebound:LeechingTouch","Slimebound:LeechLife","AbeCurse","Slimebound:SpikyOuterGoop","Slimebound:LevelUp","Slimebound:Dissolve","Slimebound:SlimeSlap+1","Slimebound:Schlurp+1","Slimebound:Replication","Slimebound:GrowthPunch+1","Slimebound:Schlurp","Slimebound:LeechingTouch","Slimebound:MassRepurpose","Slimebound:SplitAcid","Slimebound:Dissolve+1","Slimebound:AcidTongue+1","Slimebound:OneTwoCombo","Slimebound:HauntingLick","Slimebound:Repurpose","Slimebound:LeechingTouch","Slimebound:SplitSpecialist+1","Slimebound:RainOfGoop+1","Slimebound:GoopSpray","Slimebound:FormOfPuddle"],"relics":["Slimebound:AbsorbEndCombat","downfall:HeartsMalice","Vajra","WingedGreaves","CeramicFish","Centennial Puzzle","Tiny Chest","Regal Pillow","MealTicket","War Paint","Abe\u0027s Treasure","Slimebound:SlimedTailRelic","Pen Nib","Oddly Smooth Stone","downfall:HeartBlessingBlue","Ornamental Fan","Nunchaku","Counterbalance","ChewingGum","downfall:HeartBlessingRed","downfall:HeartBlessingGreen","Replay:Bottled Snecko","Potion Belt","White Beast Statue","Eternal Feather","Mummified Hand","Lantern","Juzu Bracelet","Membership Card","ReplayTheSpireMod:TigerMarble","Happy Flower","Pet Ghost"],"acts_visited":["Exordium","TheCity","TheBeyond","TheEnding"],"potions_floor_usage":[16,26,31,37,38,39,42,42,42,42,42,42,44,45,50,52,55,55,55,55,55],"damage_taken":[{"damage":0,"enemies":"3 Sentries","floor":2,"turns":1},{"damage":0,"enemies":"Lagavulin","floor":4,"turns":1},{"damage":0,"enemies":"Gremlin Nob","floor":6,"turns":1},{"damage":12,"enemies":"2 Louse","floor":8,"turns":3},{"damage":47,"enemies":"Lagavulin","floor":10,"turns":5},{"damage":10,"enemies":"Jaw Worm","floor":11,"turns":2},{"damage":11,"enemies":"Small Slimes","floor":12,"turns":3},{"damage":16,"enemies":"downfall:FleeingMerchant","floor":13,"turns":4},{"damage":13,"enemies":"Red Slaver","floor":15,"turns":2},{"damage":51,"enemies":"downfall:Ironclad","floor":16,"turns":8},{"damage":43,"enemies":"downfall:FleeingMerchant","floor":19,"turns":4},{"damage":22,"enemies":"Spheric Guardian","floor":22,"turns":5},{"damage":33,"enemies":"Gremlin Leader","floor":26,"turns":7},{"damage":7,"enemies":"Snecko","floor":28,"turns":4},{"damage":14,"enemies":"downfall:FleeingMerchant","floor":29,"turns":4},{"damage":51,"enemies":"Snake Plant","floor":30,"turns":5},{"damage":24,"enemies":"downfall:FleeingMerchant","floor":31,"turns":3},{"damage":47,"enemies":"Centurion and Healer","floor":32,"turns":6},{"damage":74,"enemies":"downfall:Silent","floor":33,"turns":6},{"damage":46,"enemies":"downfall:LadyInBlue","floor":37,"turns":9},{"damage":9,"enemies":"3 Shapes","floor":38,"turns":6},{"damage":34,"enemies":"Nemesis","floor":39,"turns":5},{"damage":31,"enemies":"Reptomancer","floor":42,"turns":4},{"damage":8,"enemies":"3 Darklings","floor":43,"turns":4},{"damage":51,"enemies":"Giant Head","floor":44,"turns":6},{"damage":15,"enemies":"Writhing Mass","floor":45,"turns":5},{"damage":31,"enemies":"4 Shapes","floor":46,"turns":3},{"damage":33,"enemies":"Maw","floor":48,"turns":5},{"damage":40,"enemies":"Transient","floor":49,"turns":5},{"damage":22,"enemies":"downfall:Watcher","floor":50,"turns":7},{"damage":116,"enemies":"downfall:CharBossMerchant","floor":52,"turns":11},{"damage":244,"enemies":"downfall:NeowBoss","floor":55,"turns":40}],"seed_played":"134339530191826215","potions_obtained":[{"floor":6,"key":"Fire Potion"},{"floor":8,"key":"GamblersBrew"},{"floor":12,"key":"Block Potion"},{"floor":22,"key":"Swift Potion"},{"floor":26,"key":"EssenceOfSteel"},{"floor":30,"key":"EssenceOfSteel"},{"floor":33,"key":"Block Potion"},{"floor":37,"key":"EssenceOfSteel"},{"floor":37,"key":"Fire Potion"},{"floor":37,"key":"Fruit Juice"},{"floor":38,"key":"EntropicBrew"},{"floor":39,"key":"SteroidPotion"},{"floor":42,"key":"Elixir"},{"floor":43,"key":"Regen Potion"},{"floor":44,"key":"Adrenaline Potion"},{"floor":45,"key":"Energy Potion"},{"floor":46,"key":"ColorlessPotion"},{"floor":49,"key":"LiquidMemories"},{"floor":52,"key":"BlessingOfTheForge"}],"is_trial":false,"path_per_floor":["R","E","R","E","?","E","T","M","?","E","M","M","$","?","M","B",null,"R","$","T","R","M","?","T","R","E","R","M","$","M","$","M","B",null,"R","T","?","M","E","R","T","E","M","E","M","M","$","M","M","B",null,"E","$","R","B"],"character_chosen":"SLIMEBOUND","items_purchased":["Slimebound:HauntingLick","MealTicket","Slimebound:SlimedTailRelic","Nunchaku","Counterbalance","Membership Card","ReplayTheSpireMod:TigerMarble","Pet Ghost","Slimebound:GoopSpray","Slimebound:FormOfPuddle","Dexterity Potion"],"campfire_rested":1,"item_purchase_floors":[13,13,19,29,31,47,47,53,53,53,53],"current_hp_per_floor":[60,60,60,60,53,53,53,53,53,30,28,33,45,45,44,41,60,60,41,41,41,47,32,32,70,64,64,69,70,43,50,53,40,70,70,70,75,75,75,75,75,66,75,42,67,56,71,75,62,75,75,21,36,60,0,0],"gold":110,"neow_bonus":"THREE_ENEMY_KILL","is_daily":false,"chose_seed":false,"campfire_upgraded":5,"win_rate":0.0,"timestamp":1608186530,"path_taken":["R","E","R","E","?","E","T","M","?","E","?","M","$","?","M","BOSS","R","$","?","R","M","?","T","R","E","R","?","$","M","?","M","BOSS","R","?","?","M","E","R","T","E","?","E","M","M","$","M","M","BOSS","E","$","R","BOSS"],"items_purchased_type":["Card","Relic","Relic","Relic","Relic","Relic","Relic","Relic","Card","Card","Potion"],"build_version":"2020-12-13","purchased_purges":3,"victory":false,"max_hp_per_floor":[60,60,60,60,60,60,60,60,60,60,60,60,60,60,60,60,60,60,60,60,60,60,60,60,70,70,70,70,70,70,70,70,70,70,70,70,75,75,75,75,75,75,75,75,75,75,75,75,75,75,75,75,75,75,75,75],"card_choices":[{"not_picked":["Slimebound:GoopTackle","Slimebound:FirmFortitude"],"picked":"Slimebound:ViciousTackle","floor":2},{"not_picked":["Slimebound:Teamwork","Slimebound:SplitMire"],"picked":"Slimebound:LivingWall","floor":4},{"not_picked":["Slimebound:Teamwork","Slimebound:GrowthPunch"],"picked":"Slimebound:Recycling","floor":6},{"not_picked":["Slimebound:GrowthPunch","Slimebound:ForwardTackle"],"picked":"Slimebound:Schlurp","floor":8},{"not_picked":["Slimebound:Equalize","Slimebound:ComboTackle","Slimebound:LeechEnergy"],"picked":"SKIP","floor":10},{"not_picked":["Slimebound:SplitMire","Slimebound:SpikyOuterGoop"],"picked":"Slimebound:SamplingLick","floor":11},{"not_picked":["Slimebound:LeechEnergy","Slimebound:ViciousTackle"],"picked":"Slimebound:DuplicatedForm","floor":12},{"not_picked":["Slimebound:LeechEnergy","Slimebound:SplitMire"],"picked":"Slimebound:Grow","floor":13},{"not_picked":["Slimebound:ViciousTackle","Slimebound:SlimeSpikes"],"picked":"Slimebound:LeechingTouch","floor":15},{"not_picked":["Slimebound:OozeBath","Slimebound:MassRepurpose"],"picked":"Slimebound:LeechLife","floor":16},{"not_picked":["Slimebound:RollThrough+1","Slimebound:ViciousTackle"],"picked":"Slimebound:SpikyOuterGoop","floor":19},{"not_picked":["Slimebound:GoopTackle","Slimebound:SlimeBrawl"],"picked":"Slimebound:LevelUp","floor":22},{"not_picked":["Slimebound:LivingWall+1","Slimebound:ComboTackle"],"picked":"Slimebound:Dissolve","floor":23},{"not_picked":["Slimebound:ServeAndProtect+1","Slimebound:SplitAcid"],"picked":"Slimebound:SlimeSlap","floor":23},{"not_picked":["Slimebound:ProtectTheBoss+1","Slimebound:DivideAndConquer+1"],"picked":"Slimebound:FirmFortitude","floor":26},{"not_picked":["Slimebound:SlimeSpikes","Slimebound:ServeAndProtect"],"picked":"Slimebound:Schlurp+1","floor":28},{"not_picked":["Slimebound:DivideAndConquer","Slimebound:SplitLeeching"],"picked":"Slimebound:Replication","floor":29},{"not_picked":["Slimebound:SplitLeeching","Slimebound:ServeAndProtect+1"],"picked":"Slimebound:GrowthPunch+1","floor":30},{"not_picked":["Slimebound:RollThrough+1","Slimebound:SlimeSpikes"],"picked":"Slimebound:Schlurp","floor":31},{"not_picked":["Slimebound:RallyTheTroops","Slimebound:RollThrough"],"picked":"Slimebound:LeechingTouch","floor":32},{"not_picked":["Slimebound:MassFeed","Slimebound:DuplicatedForm"],"picked":"Slimebound:MassRepurpose","floor":33},{"not_picked":["Slimebound:RollThrough","Slimebound:TongueLash+1"],"picked":"Slimebound:SplitAcid","floor":37},{"not_picked":["Slimebound:LeechingTouch+1","Slimebound:Replication+1"],"picked":"Slimebound:Dissolve+1","floor":38},{"not_picked":["Slimebound:SplitAcid","Slimebound:SlimeBarrage"],"picked":"Slimebound:AcidTongue+1","floor":39},{"not_picked":["Slimebound:ComboTackle","Slimebound:SplitMire"],"picked":"Slimebound:OneTwoCombo","floor":42},{"not_picked":["Slimebound:LeechEnergy+1","Slimebound:DivideAndConquer+1"],"picked":"Slimebound:HauntingLick","floor":43},{"not_picked":["Slimebound:DivideAndConquer","Slimebound:SlimeSpikes","Slimebound:FinishingTackle+1"],"picked":"SKIP","floor":44},{"not_picked":["Slimebound:TagTeam","Slimebound:PressTheAttack","Slimebound:RollThrough"],"picked":"SKIP","floor":45},{"not_picked":["Slimebound:Schlurp","Slimebound:PressTheAttack+1"],"picked":"Slimebound:Repurpose","floor":46},{"not_picked":["Slimebound:ServeAndProtect","Slimebound:SplitLeeching"],"picked":"Slimebound:LeechingTouch","floor":48},{"not_picked":["Slimebound:ItLooksTasty","Slimebound:ServeAndProtect+1"],"picked":"Slimebound:SplitSpecialist+1","floor":49},{"not_picked":["Slimebound:LeadByExample","Slimebound:DisruptingSlam+1"],"picked":"Slimebound:RainOfGoop+1","floor":52}],"player_experience":162259,"relics_obtained":[{"floor":2,"key":"Vajra"},{"floor":4,"key":"WingedGreaves"},{"floor":6,"key":"Centennial Puzzle"},{"floor":7,"key":"Tiny Chest"},{"floor":10,"key":"Regal Pillow"},{"floor":20,"key":"Pen Nib"},{"floor":23,"key":"Oddly Smooth Stone"},{"floor":26,"key":"Ornamental Fan"},{"floor":35,"key":"Replay:Bottled Snecko"},{"floor":36,"key":"Potion Belt"},{"floor":37,"key":"White Beast Statue"},{"floor":39,"key":"Eternal Feather"},{"floor":41,"key":"Mummified Hand"},{"floor":42,"key":"Lantern"},{"floor":44,"key":"Juzu Bracelet"},{"floor":52,"key":"Happy Flower"}],"event_choices":[{"damage_healed":0,"gold_gain":0,"player_choice":"Success","damage_taken":7,"relics_obtained":["CeramicFish"],"max_hp_gain":0,"max_hp_loss":0,"event_name":"Scrap Ooze","floor":5,"gold_loss":0},{"damage_healed":0,"gold_gain":0,"player_choice":"Upgraded","damage_taken":0,"max_hp_gain":0,"max_hp_loss":0,"event_name":"Upgrade Shrine","floor":9,"gold_loss":0,"cards_upgraded":["Slimebound:Schlurp"]},{"damage_healed":0,"gold_gain":0,"player_choice":"Box","damage_taken":0,"relics_obtained":["War Paint"],"max_hp_gain":0,"max_hp_loss":0,"event_name":"Big Fish","floor":14,"gold_loss":0,"cards_obtained":["Regret"]}],"is_beta":false,"boss_relics":[{"not_picked":["Cursed Key","SacredBark"],"picked":"Abe\u0027s Treasure"},{"not_picked":["Fusion Hammer","Runic Dome"],"picked":"ChewingGum"}],"items_purged_floors":[19,47,53],"is_endless":false,"potions_floor_spawned":[6,8,12,22,26,30,33,38,39,42,43,44,45,46,48,49,52],"killed_by":"downfall:NeowBoss","ascension_level":3}}