{"host":"l99crexq2sc8megk","time":1608219818,"event":{"mods":["BaseMod","Downfall","Hermit","Minty Spire (QoL Compilation)","Quick Restart","Replay The Spire","StSLib","The Cursed"],"gold_per_floor":[119,119,130,143,18,18,50,15,15,34,67,67,86,99,99,99,99],"floor_reached":16,"playtime":498,"items_purged":[],"score":190,"play_id":"c339cdf7-cd89-4c94-9e34-cebde41eaf8a","local_time":"20201217234338","is_ascension_mode":true,"campfire_choices":[{"data":"Dark Embrace","floor":6.0,"key":"SMITH"},{"floor":15,"key":"REST"}],"circlet_count":0,"master_deck":["AscendersBane","Strike_R","Strike_R","Strike_R","Strike_R","Strike_R","Defend_R","Defend_R","Defend_R","Bash","CurseOfTheBell","Battle Trance","Iron Wave","Havoc","Uppercut+1","Dark Embrace+1","Offering","Fire Breathing"],"relics":["Calling Bell","MealTicket","Pear","Calipers","Counterbalance","Girya","Potion Belt"],"acts_visited":["Exordium"],"potions_floor_usage":[11,11],"damage_taken":[{"damage":13.0,"enemies":"Jaw Worm","floor":1.0,"turns":5.0},{"damage":0.0,"enemies":"Small Slimes","floor":3.0,"turns":3.0},{"damage":1.0,"enemies":"2 Louse","floor":4.0,"turns":3.0},{"damage":47,"enemies":"Gremlin Nob","floor":7,"turns":6},{"damage":15,"enemies":"2 Fungi Beasts","floor":10,"turns":4},{"damage":17,"enemies":"Lagavulin","floor":11,"turns":6},{"damage":7,"enemies":"Exordium Thugs","floor":13,"turns":4},{"damage":10,"enemies":"Blue Slaver","floor":14,"turns":3},{"damage":38,"enemies":"The Guardian","floor":16,"turns":5}],"seed_played":"8664321735501420682","potions_obtained":[{"floor":1.0,"key":"Dexterity Potion"},{"floor":10,"key":"Dexterity Potion"},{"floor":13,"key":"SkillPotion"},{"floor":14,"key":"Explosive Potion"}],"is_trial":false,"path_per_floor":["M","?","M","M","$","R","E","?","T","M","E","$","M","M","R","B"],"character_chosen":"IRONCLAD","items_purchased":["Uppercut+1","Dark Embrace"],"campfire_rested":1,"item_purchase_floors":[5,5],"current_hp_per_floor":[65,58,58,57,72,72,25,46,46,31,14,29,22,12,37,0,0],"gold":99,"neow_bonus":"BOSS_RELIC","is_daily":false,"chose_seed":false,"campfire_upgraded":1,"win_rate":0.0,"timestamp":1608219818,"path_taken":["M","?","M","M","$","R","E","?","T","M","E","$","M","M","R","BOSS"],"items_purchased_type":["Card","Card"],"build_version":"2020-12-13","purchased_purges":0,"victory":false,"max_hp_per_floor":[85,85,85,85,85,85,85,85,85,85,85,85,85,85,85,85,85],"card_choices":[{"not_picked":["Sword Boomerang","Replay:Undeath\u0027s Touch"],"picked":"Battle Trance","floor":1.0},{"not_picked":["Clothesline","Life Link"],"picked":"Iron Wave","floor":3.0},{"not_picked":["Intimidate","ReplayTheSpireMod:Stacked"],"picked":"Havoc","floor":4.0},{"not_picked":["Perfected Strike","Intimidate"],"picked":"Offering","floor":7},{"not_picked":["Replay:Undeath\u0027s Touch","ReplayTheSpireMod:Strike From Hell","Evolve"],"picked":"SKIP","floor":10},{"not_picked":["Rupture","Massacre"],"picked":"Fire Breathing","floor":11},{"not_picked":["Warcry","Havoc","Spot Weakness"],"picked":"SKIP","floor":13},{"not_picked":["Havoc","ReplayTheSpireMod:Corrosion Curse","Uppercut"],"picked":"SKIP","floor":14}],"player_experience":356684,"relics_obtained":[{"floor":0.0,"key":"MealTicket"},{"floor":0.0,"key":"Pear"},{"floor":0.0,"key":"Calipers"},{"floor":7,"key":"Counterbalance"},{"floor":9,"key":"Girya"},{"floor":11,"key":"Potion Belt"}],"event_choices":[{"cards_removed":["Defend_R"],"damage_healed":0.0,"max_hp_gain":0.0,"max_hp_loss":0.0,"gold_gain":0.0,"event_name":"Golden Wing","player_choice":"Card Removal","floor":2.0,"gold_loss":0.0,"damage_taken":7.0},{"damage_healed":21,"gold_gain":0,"player_choice":"Healed","damage_taken":0,"max_hp_gain":0,"max_hp_loss":0,"event_name":"The Cleric","floor":8,"gold_loss":35}],"is_beta":false,"boss_relics":[],"items_purged_floors":[],"is_endless":false,"potions_floor_spawned":[1,10,13,14],"killed_by":"The Guardian","ascension_level":14}}