{"host":"2lo6hma6kymb0g9i","time":1608210884,"event":{"mods":["BaseMod","Colored Map","DeckTracker","Minty Spire (QoL Compilation)"],"gold_per_floor":[115,126,141,141,141,141,155,165,165,183,183,183,108,143,143,143,143],"floor_reached":16,"playtime":890,"items_purged":["Strike_G"],"score":168,"play_id":"9e25b2d6-f8d5-43a5-b7ee-93b1ad885007","local_time":"20201217221444","is_ascension_mode":true,"campfire_choices":[{"data":"Dagger Spray","floor":6,"key":"SMITH"},{"data":"Neutralize","floor":12,"key":"SMITH"},{"floor":15,"key":"REST"}],"circlet_count":0,"master_deck":["AscendersBane","Strike_G","Defend_G","Defend_G","Defend_G","Defend_G","Defend_G","Survivor","Neutralize+1","Blade Dance","Infinite Blades","Dagger Spray+1","Expertise","Dagger Throw","Cloak And Dagger"],"relics":["Ring of the Snake","Mummified Hand","StrikeDummy"],"acts_visited":["Exordium"],"potions_floor_usage":[14],"damage_taken":[{"damage":6,"enemies":"Cultist","floor":1,"turns":5},{"damage":8,"enemies":"Small Slimes","floor":2,"turns":3},{"damage":3,"enemies":"Jaw Worm","floor":3,"turns":5},{"damage":0,"enemies":"Red Slaver","floor":7,"turns":6},{"damage":3,"enemies":"Blue Slaver","floor":8,"turns":4},{"damage":0,"enemies":"Lots of Slimes","floor":10,"turns":2},{"damage":5,"enemies":"3 Sentries","floor":14,"turns":4},{"damage":66,"enemies":"Slime Boss","floor":16,"turns":11}],"seed_played":"7521716611834720843","potions_obtained":[{"floor":2,"key":"ColorlessPotion"},{"floor":10,"key":"FairyPotion"}],"is_trial":false,"path_per_floor":["M","M","M","?","?","R","M","M","T","M","?","R","$","E","R","B"],"character_chosen":"THE_SILENT","items_purchased":[],"campfire_rested":1,"item_purchase_floors":[],"current_hp_per_floor":[39,31,28,21,21,21,21,18,18,18,18,18,18,13,34,0,0],"gold":143,"neow_bonus":"REMOVE_TWO","is_daily":false,"chose_seed":false,"campfire_upgraded":2,"win_rate":0.0,"timestamp":1608210884,"path_taken":["M","M","?","?","?","R","M","M","T","M","?","R","?","E","R","BOSS"],"items_purchased_type":[],"build_version":"2020-12-13","purchased_purges":1,"victory":false,"max_hp_per_floor":[70,70,70,70,70,70,70,70,70,70,70,70,70,70,70,70,70],"card_choices":[{"not_picked":["Sucker Punch","Backflip"],"picked":"Blade Dance","floor":1},{"not_picked":["Deadly Poison","Outmaneuver"],"picked":"Infinite Blades","floor":2},{"not_picked":["Dodge and Roll","Well Laid Plans"],"picked":"Dagger Spray","floor":3},{"not_picked":["Riddle With Holes","Dodge and Roll"],"picked":"Expertise","floor":7},{"not_picked":["Deadly Poison","All Out Attack","Dodge and Roll"],"picked":"SKIP","floor":8},{"not_picked":["Flying Knee","Prepared"],"picked":"Dagger Throw","floor":10},{"not_picked":["Endless Agony","Slice"],"picked":"Cloak And Dagger","floor":14}],"player_experience":812935,"relics_obtained":[{"floor":9,"key":"Mummified Hand"},{"floor":14,"key":"StrikeDummy"}],"event_choices":[{"cards_removed":["Strike_G"],"damage_healed":0,"gold_gain":0,"player_choice":"Card Removal","damage_taken":7,"max_hp_gain":0,"max_hp_loss":0,"event_name":"Golden Wing","floor":4,"gold_loss":0},{"damage_healed":0,"gold_gain":0,"player_choice":"Fled","damage_taken":0,"max_hp_gain":0,"max_hp_loss":0,"event_name":"Scrap Ooze","floor":5,"gold_loss":0},{"damage_healed":0,"gold_gain":0,"player_choice":"Ignored","damage_taken":0,"max_hp_gain":0,"max_hp_loss":0,"event_name":"Golden Idol","floor":11,"gold_loss":0}],"is_beta":false,"boss_relics":[],"items_purged_floors":[13],"is_endless":false,"potions_floor_spawned":[2,10],"killed_by":"Slime Boss","ascension_level":13}}