{"host":"9v3x998ddbx8o276","time":1608192340,"event":{"mods":["AchievementEnabler","BaseMod","Colored Map","Highlight Path","Minty Spire (QoL Compilation)","Quick Restart","Rare Cards Sparkle"],"gold_per_floor":[218,218,236,249,31,56,56,86,159,178,193,147,147,174,174,249,249,260,85,85,85,98,98,98,98],"floor_reached":24,"playtime":677,"items_purged":["Clash"],"score":478,"play_id":"102a8d2c-8e52-469a-abfd-d55b8512ad41","local_time":"20201217183540","is_ascension_mode":true,"campfire_choices":[{"data":"Bash","floor":7.0,"key":"SMITH"},{"floor":13.0,"key":"REST"},{"data":"Demon Form","floor":15.0,"key":"SMITH"},{"floor":23.0,"key":"REST"}],"circlet_count":0,"master_deck":["AscendersBane","Strike_R","Strike_R","Strike_R","Strike_R","Defend_R","Defend_R","Defend_R","Defend_R","Bash+1","Cleave","Hemokinesis","Inflame","Battle Trance","Sword Boomerang","Infernal Blade","Demon Form+1","Feel No Pain","Corruption","Dropkick","Evolve","Seeing Red","Flame Barrier","Wild Strike"],"relics":["Burning Blood","Ice Cream","Vajra","Gremlin Horn","Blood Vial","Black Star"],"acts_visited":["Exordium","TheCity"],"potions_floor_usage":[24,24],"damage_taken":[{"damage":11.0,"enemies":"Jaw Worm","floor":1.0,"turns":4.0},{"damage":2.0,"enemies":"Cultist","floor":3.0,"turns":4.0},{"damage":3.0,"enemies":"Small Slimes","floor":4.0,"turns":3.0},{"damage":32.0,"enemies":"3 Sentries","floor":6.0,"turns":6.0},{"damage":10.0,"enemies":"Gremlin Nob","floor":8.0,"turns":3.0},{"damage":0.0,"enemies":"2 Fungi Beasts","floor":10.0,"turns":1.0},{"damage":12.0,"enemies":"Large Slime","floor":11.0,"turns":4.0},{"damage":2.0,"enemies":"Lagavulin","floor":14.0,"turns":4.0},{"damage":43.0,"enemies":"Hexaghost","floor":16.0,"turns":7.0},{"damage":23.0,"enemies":"2 Thieves","floor":18.0,"turns":4.0},{"damage":25.0,"enemies":"Spheric Guardian","floor":22.0,"turns":6.0},{"damage":48,"enemies":"Slavers","floor":24,"turns":3}],"seed_played":"1930046417266370609","potions_obtained":[{"floor":3.0,"key":"SteroidPotion"},{"floor":8.0,"key":"Explosive Potion"},{"floor":10.0,"key":"Strength Potion"},{"floor":16.0,"key":"Energy Potion"},{"floor":18.0,"key":"EssenceOfSteel"}],"is_trial":false,"path_per_floor":["M","?","M","M","$","E","R","E","T","M","M","?","R","E","R","B",null,"M","$","?","?","M","R","E"],"character_chosen":"IRONCLAD","items_purchased":["AttackPotion","Inflame","Fire Potion","Evolve","Seeing Red"],"campfire_rested":2,"item_purchase_floors":[5,5,19,19,19],"current_hp_per_floor":[63,63,67,70,70,44,44,40,40,46,40,40,62,66,66,31,64,49,49,49,49,32,54,8,8],"gold":98,"neow_bonus":"HUNDRED_GOLD","is_daily":false,"chose_seed":false,"campfire_upgraded":2,"win_rate":0.0,"timestamp":1608192340,"path_taken":["M","?","M","?","$","E","R","E","T","M","M","?","R","E","R","BOSS","M","$","?","?","M","R","E"],"items_purchased_type":["Potion","Card","Potion","Card","Card"],"build_version":"2020-12-13","purchased_purges":1,"victory":false,"max_hp_per_floor":[75,75,75,75,75,75,75,75,75,75,75,75,75,75,75,75,75,75,75,75,75,75,75,75,75],"card_choices":[{"not_picked":["Sword Boomerang","Pommel Strike"],"picked":"Cleave","floor":1.0},{"not_picked":["Feel No Pain","Warcry"],"picked":"Clash","floor":3.0},{"not_picked":["Warcry","Evolve"],"picked":"Hemokinesis","floor":4.0},{"not_picked":["Perfected Strike","Armaments"],"picked":"Battle Trance","floor":6.0},{"not_picked":["Twin Strike","Thunderclap"],"picked":"Sword Boomerang","floor":8.0},{"not_picked":["Heavy Blade","Rampage"],"picked":"Infernal Blade","floor":10.0},{"not_picked":["Perfected Strike","Rampage"],"picked":"Demon Form","floor":11.0},{"not_picked":["Twin Strike","Clash"],"picked":"Feel No Pain","floor":14.0},{"not_picked":["Reaper","Exhume"],"picked":"Corruption","floor":16.0},{"not_picked":["Combust","Iron Wave"],"picked":"Dropkick","floor":18.0},{"not_picked":["Iron Wave","Rage"],"picked":"Wild Strike","floor":22.0}],"player_experience":2032866,"relics_obtained":[{"floor":6.0,"key":"Ice Cream"},{"floor":8.0,"key":"Vajra"},{"floor":9.0,"key":"Gremlin Horn"},{"floor":14.0,"key":"Blood Vial"}],"event_choices":[{"cards_removed":["Strike_R"],"damage_healed":0.0,"max_hp_gain":0.0,"max_hp_loss":0.0,"gold_gain":0.0,"event_name":"Wheel of Change","player_choice":"Card Removal","floor":2.0,"gold_loss":0.0,"damage_taken":0.0},{"damage_healed":0.0,"max_hp_gain":0.0,"max_hp_loss":0.0,"gold_gain":0.0,"event_name":"World of Goop","player_choice":"Left Gold","floor":12.0,"gold_loss":46.0,"damage_taken":0.0},{"damage_healed":0.0,"max_hp_gain":0.0,"max_hp_loss":0.0,"gold_gain":0.0,"event_name":"The Mausoleum","player_choice":"Ignored","floor":20.0,"gold_loss":0.0,"damage_taken":0.0},{"damage_healed":0.0,"max_hp_gain":0.0,"max_hp_loss":0.0,"gold_gain":0.0,"event_name":"The Library","player_choice":"Read","floor":21.0,"gold_loss":0.0,"damage_taken":0.0,"cards_obtained":["Flame Barrier"]}],"is_beta":false,"boss_relics":[{"not_picked":["Runic Cube","SacredBark"],"picked":"Black Star"}],"items_purged_floors":[5],"is_endless":false,"potions_floor_spawned":[3,8,10,16,18],"killed_by":"Slavers","ascension_level":20}}