{"host":"9ndbo4kgsfoemf7y","time":1608198599,"event":{"mods":["AchievementEnabler","BaseMod","Colored Map","DeckTracker","Keyboard Shortcuts","Minty Spire (QoL Compilation)","Permanent Neow","Quick Restart","Relic Stats","StSLib","SuperFastMode"],"gold_per_floor":[215,47,197,25,25,25,45,78,78,78,96,96,96],"floor_reached":12,"playtime":287,"items_purged":[],"score":187,"play_id":"292b3117-0e3b-4080-b87a-57fd44e39804","local_time":"20201217184959","is_ascension_mode":true,"campfire_choices":[{"floor":6.0,"key":"REST"},{"data":"Calculated Gamble","floor":10,"key":"SMITH"}],"circlet_count":0,"master_deck":["AscendersBane","Strike_G","Strike_G","Strike_G","Strike_G","Strike_G","Defend_G","Defend_G","Defend_G","Defend_G","Defend_G","Survivor","Neutralize","Quick Slash","Calculated Gamble+1","Heel Hook","Escape Plan","Phantasmal Killer","Doubt","Adrenaline"],"relics":["Ring of the Snake","Orrery","InkBottle","Bottled Flame","TungstenRod"],"acts_visited":["Exordium"],"potions_floor_usage":[8,8],"damage_taken":[{"damage":9.0,"enemies":"Small Slimes","floor":1.0,"turns":5.0},{"damage":5.0,"enemies":"Jaw Worm","floor":7.0,"turns":4.0},{"damage":0,"enemies":"Lagavulin","floor":8,"turns":4},{"damage":0,"enemies":"2 Louse","floor":11,"turns":3},{"damage":30,"enemies":"3 Sentries","floor":12,"turns":8}],"seed_played":"-5683429452654659011","potions_obtained":[{"floor":1.0,"key":"Strength Potion"},{"floor":7.0,"key":"AttackPotion"}],"is_trial":false,"path_per_floor":["M","$","?","$","?","R","M","E","T","R","M","E"],"character_chosen":"THE_SILENT","items_purchased":["Orrery","Adrenaline"],"campfire_rested":1,"item_purchase_floors":[2,4],"current_hp_per_floor":[50,50,50,50,15,34,29,29,29,29,29,0,0],"gold":96,"neow_bonus":"HUNDRED_GOLD","is_daily":false,"chose_seed":false,"campfire_upgraded":1,"win_rate":0.0,"timestamp":1608198599,"path_taken":["M","$","?","$","?","R","M","E","T","R","M","E"],"items_purchased_type":["Relic","Card"],"build_version":"2020-12-13","purchased_purges":0,"victory":false,"max_hp_per_floor":[66,66,66,66,66,66,66,66,66,66,66,66,66],"relic_stats":{"counters":[5,24],"obtain_stats":[{"Bottled Flame":8,"Orrery":2,"InkBottle":5,"TungstenRod":9,"Ring of the Snake":0},{"Bottled Flame":3,"Orrery":1,"InkBottle":1,"TungstenRod":3,"Ring of the Snake":0},{"Bottled Flame":13,"Orrery":5,"InkBottle":5,"TungstenRod":13,"Ring of the Snake":0}],"InkBottle":[6],"TungstenRod":5,"Ring of the Snake":[10]},"card_choices":[{"not_picked":["PiercingWail","Leg Sweep"],"picked":"Quick Slash","floor":1.0},{"not_picked":["Dagger Throw","Deflect"],"picked":"Calculated Gamble","floor":2.0},{"not_picked":["Expertise","Flying Knee"],"picked":"Heel Hook","floor":2.0},{"not_picked":["All Out Attack","Quick Slash"],"picked":"Escape Plan","floor":2.0},{"not_picked":["Catalyst","Infinite Blades"],"picked":"Phantasmal Killer","floor":2.0},{"not_picked":["Slice","Masterful Stab","Sucker Punch"],"picked":"SKIP","floor":7.0},{"not_picked":["Bane","Prepared","PiercingWail"],"picked":"SKIP","floor":8},{"not_picked":["Slice","Backstab","Cloak And Dagger"],"picked":"SKIP","floor":11}],"player_experience":687989,"relics_obtained":[{"floor":8,"key":"Bottled Flame"},{"floor":9,"key":"TungstenRod"}],"event_choices":[{"damage_healed":0.0,"max_hp_gain":0.0,"max_hp_loss":0.0,"gold_gain":150.0,"event_name":"Liars Game","player_choice":"AGREE","floor":3.0,"gold_loss":0.0,"damage_taken":0.0,"cards_obtained":["Doubt"]},{"damage_healed":0.0,"max_hp_gain":0.0,"max_hp_loss":0.0,"gold_gain":0.0,"event_name":"Scrap Ooze","player_choice":"Success","floor":5.0,"gold_loss":0.0,"damage_taken":35.0,"relics_obtained":["InkBottle"]}],"is_beta":false,"boss_relics":[],"items_purged_floors":[],"is_endless":false,"potions_floor_spawned":[1,7],"killed_by":"3 Sentries","ascension_level":17}}