{"host":"c70kelp781yiwf61","time":1608219681,"event":{"mods":["BaseMod","Minty Spire (QoL Compilation)","Reimu£®≤©¿ˆ¡È√Œ£©","Waifu the Spire"],"gold_per_floor":[9999,10018,10193,9071,9071,9071,9099,9054,9077,9094,7622,7622,7648,7658,7658,7754,7754,7754,7754,7694,7694,6612,6612,6612,6612,6612,6612,5635,5635,5635,5635,5635,5635,5635,5635,5635,5635,5635,5635,5635,5635,5635,5635,5635,5635,4595,4595,3587,3587,3587,3587,3587,2746,2746,2746],"floor_reached":56,"playtime":2774,"items_purged":["Doubt","Strike_R","Strike_R","Strike_R","Dual Wield","Armaments","Defend_R"],"score":1510,"play_id":"cd4ab6a5-85a3-4f33-a63b-52c77c020cbc","local_time":"20201217234121","is_ascension_mode":true,"campfire_choices":[{"data":"Combust","floor":6,"key":"SMITH"},{"data":"Apotheosis","floor":15,"key":"SMITH"},{"data":"Offering","floor":25,"key":"SMITH"},{"data":"Demon Form","floor":27,"key":"SMITH"},{"data":"Entrench","floor":32,"key":"SMITH"},{"floor":49,"key":"RECALL"},{"floor":52,"key":"DIG"}],"circlet_count":0,"master_deck":["Strike_R+1","Defend_R+1","Defend_R+1","Bash+1","Rampage","Infernal Blade","Metamorphosis","Warcry","Combust+1","Barricade+1","Blood for Blood","Demon Form+1","Apotheosis+1","Pummel+1","Rampage","Warcry","Ghostly Armor","Bloodletting","Offering+1","Flame Barrier","Hemokinesis","True Grit+1","Fiend Fire+1","Demon Form","Headbutt","Entrench+1","Feed","Discovery","Juggernaut","Heavy Blade","Shrug It Off+1","Offering+1","Bloodletting+1","Rampage+1","Sentinel+1","Ghostly Armor+1","Feel No Pain+1","Wild Strike+1","Shrug It Off+1","Headbutt+1","Secret Weapon+1","Seeing Red+1","Panache","Bloodletting+1","Feel No Pain","Inflame","Seeing Red+1","Purity+1","Chrysalis+1"],"relics":["Burning Blood","Kunai","Sling","Pantograph","Gremlin Horn","White Beast Statue","Question Card","DollysMirror","Nunchaku","Ectoplasm","TheAbacus","Charon\u0027s Ashes","Bag of Marbles","Thread and Needle","Smiling Mask","TentaclePot:ReiMu","War Paint","Whetstone","Toxic Egg 2","RedLine:ReiMu","Shovel","Mastiff:ReiMu","Bottled Lightning","Molten Egg 2","HandDrill","HornCleat","Letter Opener","Tea:ReiMu","OrangePellets","Bottled Tornado","Self Forming Clay","Mercury Hourglass","Anchor","Pear"],"acts_visited":["Exordium","TheCity","TheBeyond","TheEnding"],"potions_floor_usage":[7,7,7,13,18,18,20,21,24,29,30,33,33,40,41,46,55],"damage_taken":[{"damage":6,"enemies":"2 Louse","floor":1,"turns":2},{"damage":4,"enemies":"Small Slimes","floor":2,"turns":3},{"damage":5,"enemies":"Gremlin Nob","floor":7,"turns":3},{"damage":13,"enemies":"Jaw Worm","floor":10,"turns":3},{"damage":9,"enemies":"3 Sentries","floor":13,"turns":3},{"damage":8,"enemies":"Looter","floor":14,"turns":3},{"damage":15,"enemies":"Slime Boss","floor":16,"turns":6},{"damage":9,"enemies":"3 Byrds","floor":18,"turns":6},{"damage":20,"enemies":"2 Thieves","floor":20,"turns":4},{"damage":21,"enemies":"Sentry and Sphere","floor":21,"turns":4},{"damage":11,"enemies":"Gremlin Leader","floor":23,"turns":5},{"damage":20,"enemies":"Centurion and Healer","floor":24,"turns":4},{"damage":7,"enemies":"Snake Plant","floor":29,"turns":4},{"damage":33,"enemies":"Book of Stabbing","floor":30,"turns":5},{"damage":3,"enemies":"Chosen and Byrds","floor":31,"turns":4},{"damage":30,"enemies":"Champ","floor":33,"turns":9},{"damage":10,"enemies":"3 Shapes","floor":35,"turns":2},{"damage":12,"enemies":"Mind Bloom Boss Battle","floor":36,"turns":1},{"damage":0,"enemies":"Orb Walker","floor":38,"turns":3},{"damage":5,"enemies":"Maw","floor":39,"turns":6},{"damage":12,"enemies":"Giant Head","floor":40,"turns":5},{"damage":12,"enemies":"Jaw Worm Horde","floor":41,"turns":2},{"damage":4,"enemies":"4 Shapes","floor":42,"turns":3},{"damage":15,"enemies":"Nemesis","floor":45,"turns":5},{"damage":6,"enemies":"Sphere and 2 Shapes","floor":47,"turns":2},{"damage":34,"enemies":"Awakened One","floor":50,"turns":7},{"damage":15,"enemies":"Shield and Spear","floor":54,"turns":3},{"damage":24,"enemies":"The Heart","floor":55,"turns":7}],"seed_played":"-3637263107989191863","potions_obtained":[{"floor":1,"key":"ColorlessPotion"},{"floor":2,"key":"SkillPotion"},{"floor":13,"key":"Fire Potion"},{"floor":14,"key":"HeartOfIron"},{"floor":16,"key":"FairyPotion"},{"floor":18,"key":"PowerPotion"},{"floor":20,"key":"SkillPotion"},{"floor":21,"key":"GamblersBrew"},{"floor":23,"key":"AttackPotion"},{"floor":24,"key":"ZuzhouPotion:ReiMu"},{"floor":29,"key":"BlessingOfTheForge"},{"floor":30,"key":"Weak Potion"},{"floor":33,"key":"DistilledChaos"},{"floor":35,"key":"Swift Potion"},{"floor":38,"key":"LiquidMemories"},{"floor":39,"key":"HeartOfIron"},{"floor":40,"key":"ColorlessPotion"},{"floor":41,"key":"PowerPotion"},{"floor":45,"key":"Dexterity Potion"}],"is_trial":false,"path_per_floor":["M","M","?","$","?","R","E","?","T","M","$","?","E","M","R","B",null,"M","?","M","M","$","E","M","R","T","R","$","M","E","M","R","B",null,"M","?","?","M","M","E","M","M","T","?","E","$","M","$","R","B",null,"R","$","E","B",null],"character_chosen":"IRONCLAD","items_purchased":["Kunai","BloodPotion","Dual Wield","Metamorphosis","Warcry","Combust","Sling","Pantograph","Regen Potion","Ancient Potion","Ancient Potion","Demon Form","Apotheosis","Pummel","White Beast Statue","Question Card","DollysMirror","Warcry","Ghostly Armor","TheAbacus","Charon\u0027s Ashes","Bag of Marbles","DuplicationPotion","Juggernaut","Fiend Fire","Entrench","TentaclePot:ReiMu","Feed","Regen Potion","War Paint","Whetstone","Discovery","Juggernaut","HandDrill","HornCleat","Letter Opener","Secret Weapon+1","Fruit Juice","BloodPotion","Tea:ReiMu","OrangePellets","Panache","Bloodletting+1","Feel No Pain","Bottled Tornado","Mercury Hourglass","Anchor","Inflame","Seeing Red+1","Purity+1","Chrysalis+1"],"campfire_rested":0,"item_purchase_floors":[4,4,4,4,4,4,4,4,11,11,11,11,11,11,11,11,11,11,11,22,22,22,22,22,22,28,28,28,28,28,28,28,28,46,46,46,46,46,46,48,48,48,48,48,48,53,53,53,53,53,53],"current_hp_per_floor":[72,74,74,74,55,55,75,75,75,68,68,68,74,72,72,87,96,93,93,79,64,64,59,45,45,45,45,45,56,29,35,35,36,99,99,97,113,113,113,107,101,103,103,103,94,99,99,99,99,94,122,122,122,127,118],"gold":2746,"neow_bonus":"TWENTY_PERCENT_HP_BONUS","is_daily":false,"chose_seed":false,"campfire_upgraded":5,"win_rate":0.0,"timestamp":1608219681,"path_taken":["M","M","?","$","?","R","E","?","T","M","$","?","E","M","R","BOSS","M","?","?","M","$","E","?","R","T","R","$","M","E","M","R","BOSS","M","?","?","M","?","E","?","M","T","?","E","?","?","$","R","BOSS","R","$","E","BOSS"],"items_purchased_type":["Relic","Potion","Card","Card","Card","Card","Relic","Relic","Potion","Potion","Potion","Card","Card","Card","Relic","Relic","Relic","Card","Card","Relic","Relic","Relic","Potion","Card","Card","Card","Relic","Card","Potion","Relic","Relic","Card","Card","Relic","Relic","Relic","Card","Potion","Potion","Relic","Relic","Card","Card","Card","Relic","Relic","Relic","Card","Card","Card","Card"],"build_version":"2020-12-13","purchased_purges":7,"victory":true,"max_hp_per_floor":[96,96,96,96,96,96,96,96,96,96,96,96,96,96,96,96,96,96,96,96,96,96,96,96,96,96,96,96,96,96,99,99,99,99,103,103,113,113,113,113,113,113,113,113,113,118,118,118,118,122,122,122,122,136,136],"card_choices":[{"not_picked":["Power Through","Flex"],"picked":"Rampage","floor":1},{"not_picked":["Flame Barrier","Rupture"],"picked":"Infernal Blade","floor":2},{"not_picked":["Warcry","Impervious"],"picked":"Barricade","floor":7},{"not_picked":["Reckless Charge","Shrug It Off"],"picked":"Blood for Blood","floor":10},{"not_picked":["Cleave","Twin Strike","Uppercut"],"picked":"Bloodletting","floor":13},{"not_picked":["Perfected Strike","True Grit","Whirlwind"],"picked":"Armaments","floor":14},{"not_picked":["Immolate","Juggernaut","Demon Form"],"picked":"Offering","floor":16},{"not_picked":["Clash+1","Flex","Havoc"],"picked":"Flame Barrier","floor":18},{"not_picked":["Wild Strike+1","Reckless Charge","Flex"],"picked":"Hemokinesis","floor":20},{"not_picked":["Warcry+1","Havoc","Body Slam"],"picked":"True Grit+1","floor":21},{"not_picked":["Havoc+1","Pommel Strike","Thunderclap"],"picked":"Demon Form","floor":23},{"not_picked":["Clothesline","Iron Wave","Wild Strike"],"picked":"Headbutt","floor":24},{"not_picked":["Clash","Burning Pact","Pommel Strike"],"picked":"Heavy Blade","floor":29},{"not_picked":["Clash+1","Heavy Blade","Feed"],"picked":"Shrug It Off+1","floor":30},{"not_picked":["Sword Boomerang","Warcry+1","Anger","Havoc+1"],"picked":"SKIP","floor":31},{"not_picked":["Double Tap+1","Demon Form","Fiend Fire"],"picked":"Offering+1","floor":33},{"not_picked":["Shrug It Off+1","Sword Boomerang","Wild Strike"],"picked":"Bloodletting+1","floor":35},{"not_picked":["Iron Wave+1","Dropkick","Twin Strike+1"],"picked":"Rampage+1","floor":36},{"not_picked":["Armaments+1","Second Wind+1","Rampage+1"],"picked":"Sentinel+1","floor":38},{"not_picked":["Carnage+1","Flex+1","Clothesline+1"],"picked":"Ghostly Armor+1","floor":39},{"not_picked":["Barricade","Pummel+1","Perfected Strike+1"],"picked":"Feel No Pain+1","floor":40},{"not_picked":["Cleave","Armaments+1","Evolve+1"],"picked":"Wild Strike+1","floor":41},{"not_picked":["Heavy Blade+1","Havoc+1","Sever Soul+1"],"picked":"Shrug It Off+1","floor":42},{"not_picked":["Pommel Strike+1","Havoc+1","Flex+1"],"picked":"Headbutt+1","floor":45},{"not_picked":["Pummel+1","Combust","Uppercut+1"],"picked":"Seeing Red+1","floor":47},{"not_picked":["Pommel Strike+1","Sword Boomerang+1","Warcry+1","True Grit+1"],"picked":"SKIP","floor":54}],"player_experience":143001,"relics_obtained":[{"floor":7,"key":"Gremlin Horn"},{"floor":13,"key":"Nunchaku"},{"floor":23,"key":"Thread and Needle"},{"floor":26,"key":"Smiling Mask"},{"floor":30,"key":"Toxic Egg 2"},{"floor":36,"key":"Shovel"},{"floor":40,"key":"Mastiff:ReiMu"},{"floor":43,"key":"Bottled Lightning"},{"floor":45,"key":"Molten Egg 2"},{"floor":52,"key":"Self Forming Clay"},{"floor":54,"key":"Pear"}],"event_choices":[{"damage_healed":0,"gold_gain":175,"player_choice":"AGREE","damage_taken":0,"max_hp_gain":0,"max_hp_loss":0,"event_name":"Liars Game","floor":3,"gold_loss":0,"cards_obtained":["Doubt"]},{"damage_healed":0,"gold_gain":0,"player_choice":"Entered Light","damage_taken":19,"max_hp_gain":0,"max_hp_loss":0,"event_name":"Shining Light","floor":5,"gold_loss":0,"cards_upgraded":["Strike_R","Bash"]},{"damage_healed":0,"gold_gain":0,"player_choice":"Left Gold","damage_taken":0,"max_hp_gain":0,"max_hp_loss":0,"event_name":"World of Goop","floor":8,"gold_loss":45},{"cards_removed":["Strike_R"],"damage_healed":0,"gold_gain":0,"player_choice":"Purged","damage_taken":0,"max_hp_gain":0,"max_hp_loss":0,"event_name":"Purifier","floor":12,"gold_loss":0},{"damage_healed":0,"gold_gain":0,"player_choice":"Forge","damage_taken":0,"max_hp_gain":0,"max_hp_loss":0,"event_name":"Accursed Blacksmith","floor":19,"gold_loss":0,"cards_upgraded":["Barricade"]},{"damage_healed":0,"gold_gain":0,"player_choice":"Fight","damage_taken":0,"max_hp_gain":0,"max_hp_loss":0,"event_name":"MindBloom","floor":36,"gold_loss":0},{"cards_removed":["Juggernaut"],"damage_healed":6,"gold_gain":0,"player_choice":"Offered Rare","damage_taken":0,"max_hp_gain":10,"max_hp_loss":0,"event_name":"Bonfire Elementals","floor":37,"gold_loss":0},{"cards_removed":["Defend_R"],"damage_healed":0,"gold_gain":0,"player_choice":"Removed Skill","damage_taken":0,"max_hp_gain":0,"max_hp_loss":0,"event_name":"Falling","floor":44,"gold_loss":0}],"is_beta":false,"boss_relics":[{"not_picked":["Black Blood","Empty Cage"],"picked":"Ectoplasm"},{"not_picked":["Philosopher\u0027s Stone","SlaversCollar"],"picked":"RedLine:ReiMu"}],"items_purged_floors":[4,11,22,28,46,48,53],"is_endless":false,"potions_floor_spawned":[1,2,13,14,16,18,20,21,23,24,29,30,31,33,35,36,38,39,40,41,42,45,47,54],"ascension_level":1}}