{"host":"pz1ko3gi7nsxydm3","time":1608174020,"event":{"mods":["AchievementEnabler","Act Like it!","BaseMod","Better Note","Better Third Choice","Colored Map","Downfall","Hallownest","Hermit","Hubris","Infinite Spire","Minty Spire (QoL Compilation)","Rare Cards Sparkle","Replay The Spire","StSLib","The Bug Knight","The Jungle","??????REMEMod"],"gold_per_floor":[99,149,149,176,176,176,195,245,321,336,336,336,353,453,298,310,326,427,427,427,443,459,459,85,104,104,104,104,138,158,173,173,191,208,362,362,362,362,442,442,292,292,292,292,313,343,57,77,77,101,125,231,231,231,246,246,86,67,67,67,85,85,85,217,67,90,124,124,153,177,299,299,224,224,224],"floor_reached":74,"playtime":5780,"items_purged":[],"score":1289,"play_id":"40d855cc-2678-46bb-a6bf-d56afa73968a","local_time":"20201217030020","is_ascension_mode":false,"campfire_choices":[{"floor":1.0,"key":"DIG"},{"floor":8.0,"key":"RECALL"},{"data":"hubris:DuctTapeCard","floor":12.0,"key":"SMITH"},{"data":"hexamod:RainOfEmbers","floor":20.0,"key":"SMITH"},{"data":"Bullet Time","floor":23.0,"key":"SMITH"},{"data":"hexamod:EmpoweredFlame","floor":28.0,"key":"SMITH"},{"data":"hexamod:SearingWound","floor":37.0,"key":"SMITH"},{"floor":40.0,"key":"REST"},{"data":"hexamod:FastForward","floor":42.0,"key":"SMITH"},{"data":"hexamod:RainOfEmbers","floor":44.0,"key":"SMITH"},{"data":"hubris:Rewind","floor":54.0,"key":"SMITH"},{"data":"hexamod:ExtraCrispy","floor":59.0,"key":"SMITH"},{"data":"hexamod:Again","floor":65.0,"key":"SMITH"},{"data":"hexamod:HexaLevel","floor":73.0,"key":"SMITH"}],"circlet_count":0,"master_deck":["hexamod:Strike+1","hexamod:Defend","hexamod:Defend+1","hexamod:Defend","hexamod:Defend","hexamod:Sear","hexamod:Float","hexamod:GhostflameBarrier+1","hexamod:HauntingEcho","hexamod:ThermalTransfer","hexamod:FastForward+1","hexamod:Incineration","hexamod:HeatShield","hexamod:Firestarter","hexamod:FirstSeal","hexamod:ShieldOfDarkness","hexamod:RainOfEmbers+1","hexamod:EmpoweringStance","hexamod:RainOfEmbers+1","hexamod:ThermalTransfer+1","hexamod:Hexaguard","hexamod:CrushingStance","Bullet Time+1","hexamod:EmpoweredFlame+1","hexamod:Again+1","hexamod:HauntingEcho","hexamod:FourthSeal","Replay:SS_fish_2","hubris:Greed","hexamod:SpectersWail+1","infinitespire:TheBestDefense","hexamod:Rewind+1","hexamod:RainOfEmbers+1","hexamod:BurningTouch","hexamod:HeatShield","hexamod:HeatMetal","hexamod:RadiantFlame+1","hexamod:SearingWound+1","hexamod:ShieldOfDarkness+1","hexamod:HeatShield+1","hexamod:GhostflameBarrier+1","hexamod:SkipABeat","hexamod:GhostOfSpirePast+1","hubris:Rewind+1","hexamod:ExtraCrispy+1","hexamod:HeatShield+1","hexamod:FifthSeal","hexamod:ThirdSeal","hexamod:RainOfEmbers","hexamod:BurningTouch","Sadistic Nature","hexamod:SecondSeal","hexamod:TimeOfNeed","hexamod:InspiringFlames","hexamod:SpectersWail","hexamod:ExtraCrispy","hexamod:SoulSteal","hexamod:EmpoweredFlame","hexamod:AdvancingGuard","hexamod:HeatMetal","hexamod:SixthSeal","hexamod:EtherealExpedition","hexamod:FifthSeal","hexamod:FirstSeal","hexamod:HeatCrush","hexamod:VolcanoVisage","hexamod:HexaLevel+1","hubris:DuctTapeCard"],"relics":["hexamod:SpiritBrand","REME_ComplimentaryCards","downfall:HeartsMalice","hubris:MobiusCoin","Bag of Marbles","Oddly Smooth Stone","hubris:DuctTape","Orrery","Painkiller Herb","REME_PuzzleBoxRelic","Potion Belt","Replay:Mystery Machine","Ring of Chaos","Counterbalance","Toy Ornithopter","MealTicket","Membership Card","PreservedInsect","Happy Flower","Coffee Dripper","Runic Pyramid","Prayer Wheel","Whetstone","hubris:HerbalPaste","infinitespire:Midas Blood","downfall:HeartBlessingRed","downfall:HeartBlessingBlue","Replay:Bronze Core","downfall:HeartBlessingGreen"],"acts_visited":["Exordium","TheCity","TheBeyond","Exordium","Exordium"],"potions_floor_usage":[],"damage_taken":[{"damage":0.0,"enemies":"Cultist","floor":2.0,"turns":1.0},{"damage":0.0,"enemies":"Jaw Worm","floor":3.0,"turns":1.0},{"damage":0.0,"enemies":"HollowMod:MossKnight","floor":4.0,"turns":1.0},{"damage":0.0,"enemies":"2 Louse","floor":7.0,"turns":3.0},{"damage":1.0,"enemies":"Red Slaver","floor":10.0,"turns":3.0},{"damage":0.0,"enemies":"Large Slime","floor":13.0,"turns":3.0},{"damage":2.0,"enemies":"downfall:Heads","floor":14.0,"turns":4.0},{"damage":0.0,"enemies":"downfall:FleeingMerchant","floor":15.0,"turns":4.0},{"damage":17.0,"enemies":"Exordium Thugs","floor":16.0,"turns":3.0},{"damage":3.0,"enemies":"Blue Slaver","floor":17.0,"turns":3.0},{"damage":34.0,"enemies":"downfall:Watcher","floor":18.0,"turns":9.0},{"damage":0.0,"enemies":"Shell Parasite","floor":21.0,"turns":5.0},{"damage":2.0,"enemies":"Centurion and Healer","floor":22.0,"turns":6.0},{"damage":0.0,"enemies":"downfall:FleeingMerchant","floor":24.0,"turns":4.0},{"damage":0.0,"enemies":"Snake Plant","floor":25.0,"turns":3.0},{"damage":18.0,"enemies":"Book of Stabbing","floor":29.0,"turns":6.0},{"damage":0.0,"enemies":"Snecko","floor":30.0,"turns":3.0},{"damage":14.0,"enemies":"Centurion and Healer","floor":31.0,"turns":3.0},{"damage":2.0,"enemies":"Snake Plant","floor":33.0,"turns":3.0},{"damage":2.0,"enemies":"Chosen and Byrds","floor":34.0,"turns":5.0},{"damage":4.0,"enemies":"downfall:Defect","floor":35.0,"turns":7.0},{"damage":69.0,"enemies":"Nightmare","floor":39.0,"turns":9.0},{"damage":8.0,"enemies":"3 Shapes","floor":45.0,"turns":2.0},{"damage":39.0,"enemies":"Nemesis","floor":46.0,"turns":9.0},{"damage":0.0,"enemies":"downfall:FleeingMerchant","floor":47.0,"turns":4.0},{"damage":11.0,"enemies":"3 Darklings","floor":48.0,"turns":3.0},{"damage":22.0,"enemies":"Sphere and 2 Shapes","floor":50.0,"turns":4.0},{"damage":21.0,"enemies":"Jaw Worm Horde","floor":51.0,"turns":4.0},{"damage":12.0,"enemies":"downfall:Ironclad","floor":52.0,"turns":7.0},{"damage":7.0,"enemies":"Jaw Worm","floor":55.0,"turns":2.0},{"damage":0.0,"enemies":"downfall:FleeingMerchant","floor":57.0,"turns":1.0},{"damage":3.0,"enemies":"2 Louse","floor":61.0,"turns":2.0},{"damage":0.0,"enemies":"Gremlin Nob","floor":64.0,"turns":3.0},{"damage":6.0,"enemies":"Cultist","floor":66.0,"turns":3.0},{"damage":2.0,"enemies":"Exordium Wildlife","floor":67.0,"turns":4.0},{"damage":35.0,"enemies":"Lots of Slimes","floor":69.0,"turns":4.0},{"damage":9.0,"enemies":"Blue Slaver","floor":70.0,"turns":3.0},{"damage":39.0,"enemies":"Hexaghost","floor":71.0,"turns":6.0},{"damage":0,"enemies":"Shell Parasite","floor":74,"turns":1}],"seed_played":"-4888576824241922013","potions_obtained":[{"floor":7.0,"key":"Block Potion"},{"floor":10.0,"key":"Swift Potion"},{"floor":16.0,"key":"Fire Potion"},{"floor":17.0,"key":"Dexterity Potion"},{"floor":18.0,"key":"Swift Potion"},{"floor":25.0,"key":"Fire Potion"},{"floor":29.0,"key":"Milkshake"},{"floor":31.0,"key":"Strength Potion"},{"floor":33.0,"key":"Languid Potion"},{"floor":35.0,"key":"hexamod:InfernoChargePotion"},{"floor":39.0,"key":"DuplicationPotion"},{"floor":46.0,"key":"Languid Potion"},{"floor":47.0,"key":"Explosive Potion"},{"floor":48.0,"key":"SkillPotion"},{"floor":50.0,"key":"GamblersBrew"},{"floor":50.0,"key":"hexamod:DoubleChargePotion"},{"floor":52.0,"key":"SteroidPotion"},{"floor":55.0,"key":"Block Potion"},{"floor":61.0,"key":"Toxic Potion"},{"floor":61.0,"key":"Milkshake"},{"floor":67.0,"key":"PowerPotion"},{"floor":69.0,"key":"ColorlessPotion"},{"floor":70.0,"key":"sneckomod:MuddlingPotion"},{"floor":71.0,"key":"Block Potion"}],"is_trial":false,"path_per_floor":["R_BF","M","M","E","PTL","PTL","M","R","T","M","?","R","M","?","$","M","M","B",null,"T","?","?","T","T","?","T","?","T","E","?","?","?","?","?","B",null,"T","?","NM","T","?","T","T","T","?","E","T","?","AVR","?","?","B",null,"T","?","?","T","T","T","T","?","PTL","PTL","E","T","?","?","?","?","?","B",null,"T","?"],"character_chosen":"THE_SPIRIT","items_purchased":["hexamod:Firestarter","Orrery","hexamod:FourthSeal","REME_PuzzleBoxRelic","Replay:SS_fish_2","ColorlessPotion","Membership Card","PreservedInsect","Elixir","Explosive Potion","Whetstone","Sadistic Nature","hexamod:SecondSeal","hexamod:TimeOfNeed","hexamod:InspiringFlames","hubris:HerbalPaste","infinitespire:Midas Blood","hexamod:SpectersWail","hexamod:ExtraCrispy"],"campfire_rested":1,"item_purchase_floors":[15,15,24,24,24,24,47,47,47,47,57,57,57,57,57,57,57,57,58],"current_hp_per_floor":[70,70,70,70,70,70,70,70,70,69,58,58,58,56,56,46,43,9,70,70,70,70,70,70,70,70,70,70,64,70,56,56,61,59,62,70,70,70,1,22,80,80,80,80,75,51,66,65,65,58,42,59,80,80,73,73,80,80,80,80,77,77,77,80,90,90,90,90,63,64,72,90,90,90,90],"gold":224,"neow_bonus":"THREE_ENEMY_KILL","is_daily":false,"chose_seed":false,"campfire_upgraded":11,"win_rate":0.0,"timestamp":1608174020,"path_taken":["R_BF","M","M","E","PTL","PTL","M","R","T","M","?","R","M","?","$","M","M","BOSS","T","?","?","T","T","?","T","?","T","E","?","?","?","?","?","BOSS","T","?","NM","T","?","T","T","T","?","E","T","?","AVR","?","?","BOSS","T","?","?","T","T","T","T","?","PTL","PTL","E","T","?","?","?","?","?","BOSS","T","?"],"items_purchased_type":["Card","Relic","Card","Relic","Card","Potion","Relic","Relic","Potion","Potion","Relic","Card","Card","Card","Card","Relic","Relic","Card","Card"],"build_version":"2020-12-13","purchased_purges":0,"victory":false,"max_hp_per_floor":[70,70,70,70,70,70,70,70,70,70,70,70,70,70,70,70,70,70,70,70,70,70,70,70,70,70,70,70,70,70,70,70,70,70,70,70,70,70,70,70,80,80,80,80,80,80,80,80,80,80,80,80,80,80,80,80,80,80,80,80,80,80,80,80,90,90,90,90,90,90,90,90,90,90,90],"card_choices":[{"not_picked":["hexamod:PhantomCloak","hexamod:GhostShield"],"picked":"hexamod:BurningTouch","floor":2.0},{"not_picked":["hexamod:Rewind","hexamod:NightmareGuise"],"picked":"hexamod:GhostflameBarrier","floor":3.0},{"not_picked":["hexamod:ThirdSeal","hexamod:GhostOfSpirePast"],"picked":"hexamod:HauntingEcho","floor":4.0},{"not_picked":["hexamod:AdvancingGuard","hexamod:SwordOfDarkness"],"picked":"hexamod:SoulSteal","floor":7.0},{"not_picked":["hexamod:InspiringFlames","hexamod:SecondSeal"],"picked":"hexamod:ThermalTransfer","floor":10.0},{"not_picked":["hexamod:GhostShield","hexamod:GhostLash"],"picked":"hexamod:GhostflameBarrier","floor":13.0},{"not_picked":["hexamod:TimeWarp","hexamod:SecondSeal"],"picked":"hexamod:Incineration","floor":14.0},{"not_picked":["hexamod:BurningTouch","hexamod:CatchUp"],"picked":"hexamod:HeatShield","floor":15.0},{"not_picked":["hexamod:RecurringNightmare","hexamod:ThirdSeal"],"picked":"hexamod:FirstSeal","floor":15.0},{"not_picked":["hexamod:ThermalTransfer","hexamod:BacktrackSmack"],"picked":"hexamod:ShieldOfDarkness","floor":15.0},{"not_picked":["hexamod:InspiringFlames","hexamod:Rewind"],"picked":"hexamod:RainOfEmbers","floor":15.0},{"not_picked":["hexamod:ThermalTransfer","hexamod:FastForward"],"picked":"hexamod:EmpoweringStance","floor":15.0},{"not_picked":["hexamod:HauntingEcho","hexamod:NightmareGuise"],"picked":"hexamod:RainOfEmbers","floor":15.0},{"not_picked":["hexamod:FastForward","hexamod:ShieldOfDarkness"],"picked":"hexamod:ThermalTransfer","floor":16.0},{"not_picked":["hexamod:ThermalTransfer","hexamod:NightmareStrike"],"picked":"hexamod:Hexaguard","floor":17.0},{"not_picked":["hexamod:TimeWarp","hexamod:EmpoweringStance"],"picked":"hexamod:CrushingStance","floor":18.0},{"not_picked":["hexamod:AdvancingGuard+1","hexamod:SoulSteal"],"picked":"hexamod:EmpoweredFlame","floor":21.0},{"not_picked":["hexamod:Hexaguard","hexamod:GhostShield"],"picked":"hexamod:Again","floor":22.0},{"not_picked":["hexamod:FirstSeal","hexamod:GhostLash"],"picked":"hexamod:HauntingEcho","floor":24.0},{"not_picked":["hexamod:BurningTouch","hexamod:SwordOfDarkness+1"],"picked":"hexamod:SpectersWail+1","floor":25.0},{"not_picked":["hexamod:ParanormalForm","hexamod:BacktrackSmack"],"picked":"hexamod:Rewind+1","floor":29.0},{"not_picked":["hexamod:GhostShield","hexamod:AdvancingGuard"],"picked":"hexamod:RainOfEmbers","floor":30.0},{"not_picked":["hexamod:FastForward","hexamod:RecurringNightmare"],"picked":"hexamod:BurningTouch","floor":31.0},{"not_picked":["hexamod:RetreatToShadows+1","hexamod:GhostLash"],"picked":"hexamod:HeatMetal","floor":33.0},{"not_picked":["hexamod:GhostShield","hexamod:Hexaguard+1"],"picked":"hexamod:RadiantFlame+1","floor":34.0},{"not_picked":["hexamod:EmpoweringStance","hexamod:ParanormalForm"],"picked":"hexamod:SearingWound","floor":35.0},{"not_picked":["hexamod:HauntingEcho","hexamod:FourthSeal","hexamod:SoulSteal"],"picked":"hexamod:ShieldOfDarkness+1","floor":39.0},{"not_picked":["hexamod:BurningTouch","hexamod:RainOfEmbers+1"],"picked":"hexamod:HeatShield+1","floor":45.0},{"not_picked":["hexamod:RainOfEmbers","hexamod:Incineration"],"picked":"hexamod:GhostflameBarrier+1","floor":46.0},{"not_picked":["hexamod:GhostLash+1","hexamod:BacktrackSmack+1"],"picked":"hexamod:SkipABeat","floor":47.0},{"not_picked":["hexamod:PhantomCloak","hexamod:ThermalTransfer"],"picked":"hexamod:GhostOfSpirePast+1","floor":48.0},{"not_picked":["hexamod:HauntingEcho+1","hexamod:ShieldOfDarkness"],"picked":"hexamod:ExtraCrispy","floor":50.0},{"not_picked":["hexamod:GhostShield","hexamod:Firestarter+1"],"picked":"hexamod:HeatShield+1","floor":51.0},{"not_picked":["hexamod:EmpoweringStance","hexamod:GhostflameInferno"],"picked":"hexamod:FifthSeal","floor":52.0},{"not_picked":["hexamod:SpectersWail","hexamod:HeatCrush"],"picked":"hexamod:ThirdSeal","floor":55.0},{"not_picked":["hexamod:ThermalTransfer","hexamod:Hexaguard"],"picked":"hexamod:RainOfEmbers","floor":55.0},{"not_picked":["hexamod:NightmareStrike","hexamod:Firestarter"],"picked":"hexamod:BurningTouch","floor":57.0},{"not_picked":["hexamod:SecondSeal","hexamod:ThirdSeal"],"picked":"hexamod:SoulSteal","floor":61.0},{"not_picked":["hexamod:Incineration","hexamod:RadiantFlame","hexamod:HeatMetal"],"picked":"SKIP","floor":61.0},{"not_picked":["hexamod:GhostLash","hexamod:NightmareGuise"],"picked":"hexamod:EmpoweredFlame","floor":64.0},{"not_picked":["hexamod:FourthSeal","hexamod:FifthSeal","hexamod:SecondSeal"],"picked":"SKIP","floor":64.0},{"not_picked":["hexamod:SpectersWail","hexamod:ThermalTransfer"],"picked":"hexamod:AdvancingGuard","floor":66.0},{"not_picked":["hexamod:NightmareGuise","hexamod:Firestarter"],"picked":"hexamod:HeatMetal","floor":66.0},{"not_picked":["hexamod:NightmareGuise","hexamod:RainOfEmbers"],"picked":"hexamod:SixthSeal","floor":67.0},{"not_picked":["hexamod:RainOfEmbers","hexamod:NecessarySacrifice"],"picked":"hexamod:EtherealExpedition","floor":67.0},{"not_picked":["hexamod:FirstSeal","hexamod:FourthSeal"],"picked":"hexamod:FifthSeal","floor":69.0},{"not_picked":["hexamod:ThermalTransfer","hexamod:RainOfEmbers","hexamod:GhostLash"],"picked":"SKIP","floor":69.0},{"not_picked":["hexamod:StepThrough","hexamod:ShieldOfDarkness","hexamod:GhostShield"],"picked":"SKIP","floor":69.0},{"not_picked":["hexamod:FifthSeal","hexamod:FourthSeal"],"picked":"hexamod:FirstSeal","floor":70.0},{"not_picked":["hexamod:EmpoweredFlame","hexamod:NecessarySacrifice"],"picked":"hexamod:HeatCrush","floor":70.0},{"not_picked":["hexamod:InspiringFlames","hexamod:FastForward","hexamod:BacktrackSmack"],"picked":"SKIP","floor":70.0},{"not_picked":["hexamod:UnleashSpirits","hexamod:FifthSeal"],"picked":"hexamod:VolcanoVisage","floor":71.0},{"not_picked":["hexamod:WildfireWeapon","hexamod:TimeOfNeed"],"picked":"hexamod:HexaLevel","floor":71.0}],"player_experience":78308,"relics_obtained":[{"floor":1.0,"key":"hubris:MobiusCoin"},{"floor":4.0,"key":"Bag of Marbles"},{"floor":26.0,"key":"Potion Belt"},{"floor":29.0,"key":"Replay:Mystery Machine"},{"floor":39.0,"key":"Counterbalance"},{"floor":43.0,"key":"Toy Ornithopter"},{"floor":46.0,"key":"MealTicket"}],"event_choices":[{"damage_healed":0.0,"max_hp_gain":0.0,"max_hp_loss":0.0,"gold_gain":1.0,"event_name":"betterThird:BetterScrap","player_choice":"Relic Relic ","floor":11.0,"gold_loss":0.0,"damage_taken":11.0,"cards_obtained":["Heatsinks"]},{"cards_removed":["Bullet Time"],"damage_healed":0.0,"max_hp_gain":0.0,"max_hp_loss":0.0,"gold_gain":0.0,"event_name":"betterNote:BetterNote","player_choice":"Take \u0026 Give","floor":27.0,"gold_loss":0.0,"damage_taken":0.0,"cards_obtained":["infinitespire:TheBestDefense"]},{"damage_healed":0.0,"max_hp_gain":0.0,"max_hp_loss":0.0,"gold_gain":0.0,"cards_transformed":["hexamod:Strike"],"event_name":"Transmorgrifier","player_choice":"Transformed","floor":32.0,"gold_loss":0.0,"damage_taken":0.0,"cards_obtained":["hexamod:HeatShield"]}],"is_beta":false,"boss_relics":[{"not_picked":["hubris:TerracottaHorce","REME_DemonsWealth"],"picked":"Painkiller Herb"},{"not_picked":["Snecko Eye","infinitespire:Cupcake"],"picked":"Ring of Chaos"},{"not_picked":["Replay:Wanted Poster","Velvet Choker"],"picked":"Runic Pyramid"},{"not_picked":["Replay:Grab Bag","REME_DuelDisc"],"picked":"Replay:Bronze Core"}],"items_purged_floors":[],"is_endless":true,"potions_floor_spawned":[7,10,16,17,18,31,33,35,48,50,52,55,61,67,70,71],"killed_by":"Shell Parasite","ascension_level":0}}