{"host":"ku7h2vk4czvj6teb","time":1608215297,"event":{"mods":["2.2 Compatiblity","AchievementEnabler","Aspiration","BaseMod","Better Altar","Better Match","Better Note","Better Sensory Stone","Better Skull","Better Third Choice","Better Vampires","BetterRewards","Block Reminder","Colored Map","Colored Powertips","Conspire","Curses Come First","Downfall","Filter the Spire","Highlight Path","Hubris","Minty Spire (QoL Compilation)","Permanent Neow","Quick Restart","Rare Cards Sparkle","Relic Stats","Replay The Spire","Say the Spire","Shop Mod","Spicy Shops","StSLib","SuperFastMode","Swap Starting Deck Mod","Thieving Mod","Transform Curses","UnlockEverythingMod"],"gold_per_floor":[111,0,10,10,10,37,37,57,57,57,22,39,49,68,68,68,68],"floor_reached":16,"playtime":448,"items_purged":[],"score":102,"play_id":"111ae251-cab4-4899-ad0d-a949eea6a168","local_time":"20201217142817","is_ascension_mode":false,"campfire_choices":[{"floor":7,"key":"RECALL"},{"data":"Strike_R","floor":10,"key":"PURGE"},{"floor":15,"key":"REST"}],"circlet_count":0,"master_deck":["Strike_R","Strike_R","Strike_R","Strike_R","Defend_R","Defend_R","Defend_R","Defend_R","Bash","Inflame","conspire:Banana+1","True Grit+1","Shrug It Off","Flex","Thunderclap","Disarm","hubris:CleavingFinish","Twin Strike","Limit Break"],"relics":["Burning Blood","hubris:CuriousFeather","Replay:Multitool"],"acts_visited":["Exordium"],"potions_floor_usage":[6,16],"damage_taken":[{"damage":10,"enemies":"Jaw Worm","floor":1,"turns":5},{"damage":1,"enemies":"Cultist","floor":3,"turns":3},{"damage":45,"enemies":"Lagavulin","floor":6,"turns":8},{"damage":1,"enemies":"2 Louse","floor":8,"turns":2},{"damage":24,"enemies":"Blue Slaver","floor":12,"turns":4},{"damage":16,"enemies":"Large Slime","floor":13,"turns":7},{"damage":5,"enemies":"2 Fungi Beasts","floor":14,"turns":4},{"damage":59,"enemies":"Hexaghost","floor":16,"turns":11}],"seed_played":"6385046173596449259","potions_obtained":[{"floor":1,"key":"Cursed Concoction"},{"floor":3,"key":"SpeedPotion"},{"floor":13,"key":"Dexterity Potion"}],"is_trial":false,"path_per_floor":["M","$","M","?","?","E","R","M","T","R","$","M","M","M","R","B"],"character_chosen":"IRONCLAD","items_purchased":["conspire:Banana","True Grit","Disarm"],"campfire_rested":1,"item_purchase_floors":[2,2,11],"current_hp_per_floor":[76,76,81,81,81,44,44,51,51,51,51,35,27,30,57,0,0],"gold":68,"neow_bonus":"","is_daily":false,"chose_seed":false,"campfire_upgraded":0,"win_rate":0.0,"timestamp":1608215297,"path_taken":["M","$","M","?","?","E","R","M","T","R","$","?","M","M","R","BOSS"],"items_purchased_type":["Card","Card","Card"],"build_version":"2020-12-13","purchased_purges":0,"victory":false,"max_hp_per_floor":[80,80,81,81,81,83,83,85,85,85,85,87,89,91,91,93,93],"relic_stats":{"counters":[160,926],"obtain_stats":[{"Ginger":4,"Whetstone":54,"Boot":26,"Blood Vial":6,"MealTicket":9,"HandDrill":0,"Kunai":0,"Replay:Wax Seal":47,"MerchantsRug":12,"conspire:TreasureMap":0,"Blue Candle":28,"Pen Nib":0,"Akabeko":7,"aspiration:FrozenJewel":10,"Ooze Armor":34,"Bird Faced Urn":0,"Pandora\u0027s Box":17,"CultistMask":2,"Mark of Pain":34,"hubris:TenFootPole":7,"conspire:BottledYoYo":9,"aspiration:Lifesprig":24,"Torii":49,"Blue Doll":0,"King of Hearts":43,"Replay:Multitool":9,"Burning Blood":0,"conspire:InfiniteJournal":0,"Replay:Rubber Ducky":6,"Shovel":14,"hubris:ScarierMask":17,"hubris:CuriousFeather":46,"Chemical X":8,"hubris:ChampionShield":11,"aspiration:FutureDiary":17,"Lee\u0027s Waffle":8,"Golden Idol":3,"Thread and Needle":4,"The Courier":26,"Omamori":3,"Frozen Egg 2":4,"hubris:Towel":11,"Bloody Idol":21,"betterThird:SlimedRelic":10,"Bottled Lightning":12,"hubris:BottledRain":32,"hubris:CrystalStatue":19,"CeramicFish":28,"Vajra":22,"Sozu":17,"Lizard Tail":24,"HornCleat":30,"Strawberry":45,"Philosopher\u0027s Stone":17,"conspire:Dentures":3,"Happy Flower":26,"ReplayTheSpireMod:CursedCoin":10,"Oddly Smooth Stone":8,"hubris:HollowSoul":34,"Charon\u0027s Ashes":53,"War Paint":10,"Question Card":0,"WarpedTongs":3,"Replay:Baseball":26,"Bottled Flame":15,"Shuriken":23,"Bronze Scales":0,"Simple Rune":47,"ReplayTheSpireMod:TigerMarble":30,"hubris:ToyBattleship":23,"Grinning Jar":43,"Mirror":0,"SacredBark":34,"conspire:SpecialSausage":34,"Mango":47,"Juzu Bracelet":0,"ClockworkSouvenir":0,"aspiration:StickyExplosives_weak":6,"SsserpentHead":7,"TheAbacus":0,"hubris:Icosahedron":5,"Chameleon Ring":12,"Gambling Chip":28,"Red Mask":29,"Red Skull":14,"BargainBundle":0,"ReplayTheSpireMod:Ninjato":54,"aspiration:FetidBarrel":0,"Orichalcum":26,"White Beast Statue":10,"Mercury Hourglass":47,"Strange Spoon":47,"CaptainsWheel":0,"Anchor":2,"aspiration:WatcherSkillbook":17,"Membership Card":28,"ReplayTheSpireMod:ShopPack":8},{"Ginger":2,"Whetstone":126,"Boot":115,"Blood Vial":7,"MealTicket":4,"HandDrill":33,"Kunai":56,"Replay:Wax Seal":97,"MerchantsRug":74,"conspire:TreasureMap":56,"Blue Candle":138,"Pen Nib":101,"Akabeko":37,"aspiration:FrozenJewel":105,"Ooze Armor":139,"Bird Faced Urn":32,"Pandora\u0027s Box":19,"CultistMask":1,"Mark of Pain":47,"hubris:TenFootPole":60,"conspire:BottledYoYo":84,"aspiration:Lifesprig":44,"Torii":55,"Blue Doll":80,"King of Hearts":95,"Replay:Multitool":156,"Burning Blood":0,"conspire:InfiniteJournal":33,"Replay:Rubber Ducky":146,"Shovel":40,"hubris:ScarierMask":109,"hubris:CuriousFeather":52,"Chemical X":17,"hubris:ChampionShield":38,"aspiration:FutureDiary":133,"Lee\u0027s Waffle":60,"Golden Idol":34,"Thread and Needle":151,"The Courier":65,"Omamori":103,"Frozen Egg 2":6,"hubris:Towel":18,"Bloody Idol":43,"betterThird:SlimedRelic":84,"Bottled Lightning":131,"hubris:BottledRain":46,"hubris:CrystalStatue":20,"CeramicFish":45,"Vajra":87,"Sozu":86,"Lizard Tail":24,"HornCleat":117,"Strawberry":52,"Philosopher\u0027s Stone":61,"conspire:Dentures":81,"Happy Flower":136,"ReplayTheSpireMod:CursedCoin":60,"Oddly Smooth Stone":17,"hubris:HollowSoul":119,"Charon\u0027s Ashes":125,"War Paint":130,"Question Card":127,"WarpedTongs":70,"Replay:Baseball":25,"Bottled Flame":40,"Shuriken":113,"Bronze Scales":127,"Simple Rune":97,"ReplayTheSpireMod:TigerMarble":68,"hubris:ToyBattleship":136,"Grinning Jar":123,"Mirror":127,"SacredBark":28,"conspire:SpecialSausage":92,"Mango":97,"Juzu Bracelet":142,"ClockworkSouvenir":33,"aspiration:StickyExplosives_weak":83,"SsserpentHead":104,"TheAbacus":101,"hubris:Icosahedron":104,"Chameleon Ring":106,"Gambling Chip":45,"Red Mask":117,"Red Skull":60,"BargainBundle":101,"ReplayTheSpireMod:Ninjato":100,"aspiration:FetidBarrel":33,"Orichalcum":44,"White Beast Statue":74,"Mercury Hourglass":124,"Strange Spoon":97,"CaptainsWheel":32,"Anchor":70,"aspiration:WatcherSkillbook":41,"Membership Card":45,"ReplayTheSpireMod:ShopPack":17},{"Ginger":9,"Whetstone":749,"Boot":687,"Blood Vial":36,"MealTicket":19,"HandDrill":182,"Kunai":334,"Replay:Wax Seal":568,"MerchantsRug":441,"conspire:TreasureMap":334,"Blue Candle":815,"Pen Nib":605,"Akabeko":196,"aspiration:FrozenJewel":625,"Ooze Armor":820,"Bird Faced Urn":176,"Pandora\u0027s Box":104,"CultistMask":4,"Mark of Pain":269,"hubris:TenFootPole":363,"conspire:BottledYoYo":486,"aspiration:Lifesprig":245,"Torii":323,"Blue Doll":474,"King of Hearts":560,"Replay:Multitool":900,"Burning Blood":0,"conspire:InfiniteJournal":182,"Replay:Rubber Ducky":845,"Shovel":216,"hubris:ScarierMask":651,"hubris:CuriousFeather":306,"Chemical X":90,"hubris:ChampionShield":206,"aspiration:FutureDiary":795,"Lee\u0027s Waffle":363,"Golden Idol":184,"Thread and Needle":870,"The Courier":403,"Omamori":613,"Frozen Egg 2":25,"hubris:Towel":96,"Bloody Idol":240,"betterThird:SlimedRelic":486,"Bottled Lightning":781,"hubris:BottledRain":258,"hubris:CrystalStatue":108,"CeramicFish":251,"Vajra":512,"Sozu":506,"Lizard Tail":128,"HornCleat":696,"Strawberry":306,"Philosopher\u0027s Stone":382,"conspire:Dentures":477,"Happy Flower":805,"ReplayTheSpireMod:CursedCoin":363,"Oddly Smooth Stone":90,"hubris:HollowSoul":709,"Charon\u0027s Ashes":742,"War Paint":775,"Question Card":762,"WarpedTongs":426,"Replay:Baseball":134,"Bottled Flame":216,"Shuriken":674,"Bronze Scales":762,"Simple Rune":568,"ReplayTheSpireMod:TigerMarble":419,"hubris:ToyBattleship":805,"Grinning Jar":728,"Mirror":762,"SacredBark":157,"conspire:SpecialSausage":546,"Mango":568,"Juzu Bracelet":827,"ClockworkSouvenir":182,"aspiration:StickyExplosives_weak":483,"SsserpentHead":617,"TheAbacus":605,"hubris:Icosahedron":617,"Chameleon Ring":634,"Gambling Chip":251,"Red Mask":696,"Red Skull":363,"BargainBundle":605,"ReplayTheSpireMod:Ninjato":601,"aspiration:FetidBarrel":182,"Orichalcum":245,"White Beast Statue":441,"Mercury Hourglass":732,"Strange Spoon":568,"CaptainsWheel":176,"Anchor":426,"aspiration:WatcherSkillbook":228,"Membership Card":251,"ReplayTheSpireMod:ShopPack":90}],"Burning Blood":774},"card_choices":[{"not_picked":["conspire:Charge","Clothesline"],"picked":"Inflame","floor":1},{"not_picked":["Anger","Seeing Red"],"picked":"Shrug It Off","floor":3},{"not_picked":["Corruption","Warcry"],"picked":"Flex","floor":6},{"not_picked":["Warcry","Headbutt"],"picked":"Thunderclap","floor":8},{"not_picked":["Power Through","Havoc"],"picked":"hubris:CleavingFinish","floor":12},{"not_picked":["Dual Wield","Second Wind"],"picked":"Twin Strike","floor":13},{"not_picked":["Rage","Twin Strike"],"picked":"Limit Break","floor":14}],"player_experience":211362,"relics_obtained":[{"floor":6,"key":"hubris:CuriousFeather"},{"floor":9,"key":"Replay:Multitool"}],"event_choices":[{"damage_healed":0,"gold_gain":0,"player_choice":"Upgraded","damage_taken":0,"max_hp_gain":0,"max_hp_loss":0,"event_name":"Upgrade Shrine","floor":5,"gold_loss":0,"cards_upgraded":["conspire:Banana"]}],"is_beta":false,"boss_relics":[],"items_purged_floors":[],"is_endless":false,"potions_floor_spawned":[1,3,13],"killed_by":"Hexaghost","ascension_level":0}}