{"host":"un97lkyah1pp4w16","time":1608237123,"event":{"mods":["BaseMod","Colored Map","Colored Powertips","Minty Spire (QoL Compilation)","StSLib","SuperFastMode"],"gold_per_floor":[116,185,205,205,32,59,59,59,136,150,150,161,161,181,181,279,279,293,293,65,76,76,76,76],"floor_reached":23,"playtime":605,"items_purged":[],"score":214,"play_id":"3cb40213-e4e0-43b6-8cb2-db8f0183c010","local_time":"20201218043203","is_ascension_mode":false,"campfire_choices":[{"floor":13.0,"key":"REST"},{"floor":15.0,"key":"REST"}],"circlet_count":0,"master_deck":["Strike_G+1","Strike_G+1","Defend_G","Defend_G","Defend_G","Defend_G","Defend_G","Survivor","Neutralize","Prepared","Magnetism","Bouncing Flask","Backflip","Bane","Tools of the Trade","Acrobatics+1","Backflip+1","Bullet Time+1","Catalyst","Noxious Fumes","Burst"],"relics":["Ring of the Snake","NeowsBlessing","Letter Opener","Juzu Bracelet","Singing Bowl","Astrolabe","Nilry\u0027s Codex","Blood Vial"],"acts_visited":["Exordium","TheCity"],"potions_floor_usage":[23],"damage_taken":[{"damage":0.0,"enemies":"Cultist","floor":1.0,"turns":1.0},{"damage":0.0,"enemies":"Small Slimes","floor":3.0,"turns":1.0},{"damage":0.0,"enemies":"3 Sentries","floor":6.0,"turns":2.0},{"damage":6.0,"enemies":"Jaw Worm","floor":10.0,"turns":4.0},{"damage":44.0,"enemies":"Exordium Thugs","floor":12.0,"turns":5.0},{"damage":15.0,"enemies":"Looter","floor":14.0,"turns":3.0},{"damage":22.0,"enemies":"Hexaghost","floor":16.0,"turns":8.0},{"damage":8.0,"enemies":"Shell Parasite","floor":18.0,"turns":5.0},{"damage":10.0,"enemies":"3 Byrds","floor":21.0,"turns":3.0},{"damage":46,"enemies":"Slavers","floor":23,"turns":3}],"seed_played":"59257633129328084","potions_obtained":[{"floor":12.0,"key":"SkillPotion"},{"floor":16.0,"key":"Energy Potion"},{"floor":18.0,"key":"Swift Potion"}],"is_trial":false,"path_per_floor":["M","T","M","?","$","E","?","$","T","M","?","M","R","M","R","B",null,"M","?","$","M","$","E"],"character_chosen":"THE_SILENT","items_purchased":["Magnetism","Noxious Fumes","Blood Vial"],"campfire_rested":2,"item_purchase_floors":[5,20,20],"current_hp_per_floor":[70,70,70,70,70,70,70,70,70,66,52,8,29,14,35,13,72,64,48,48,40,40,0,0],"gold":76,"neow_bonus":"THREE_ENEMY_KILL","is_daily":false,"chose_seed":false,"campfire_upgraded":0,"win_rate":0.0,"timestamp":1608237123,"path_taken":["M","?","?","?","$","E","?","?","T","M","?","M","R","M","R","BOSS","M","?","$","M","$","E"],"items_purchased_type":["Card","Card","Relic"],"build_version":"2020-12-13","purchased_purges":0,"victory":false,"max_hp_per_floor":[70,70,70,70,70,70,70,70,70,72,72,72,72,72,72,72,72,72,72,72,72,72,72,72],"card_choices":[{"not_picked":["Slice","Acrobatics"],"picked":"Setup","floor":1.0},{"not_picked":["Blade Dance","Underhanded Strike"],"picked":"Prepared","floor":3.0},{"not_picked":["Flechettes","Endless Agony"],"picked":"Bouncing Flask","floor":6.0},{"not_picked":["Outmaneuver","Prepared","Setup"],"picked":"Singing Bowl","floor":10.0},{"not_picked":["Leg Sweep","Acrobatics"],"picked":"Backflip","floor":12.0},{"not_picked":["Underhanded Strike","Dodge and Roll"],"picked":"Bane","floor":14.0},{"not_picked":["Grand Finale","Malaise"],"picked":"Tools of the Trade","floor":16.0},{"not_picked":["Acrobatics","Quick Slash"],"picked":"Catalyst","floor":18.0},{"not_picked":["Prepared","Flechettes"],"picked":"Burst","floor":21.0}],"player_experience":98004,"relics_obtained":[{"floor":2.0,"key":"Letter Opener"},{"floor":6.0,"key":"Juzu Bracelet"},{"floor":9.0,"key":"Singing Bowl"},{"floor":19.0,"key":"Nilry\u0027s Codex"}],"event_choices":[{"cards_removed":["Setup"],"damage_healed":0.0,"max_hp_gain":0.0,"max_hp_loss":0.0,"gold_gain":0.0,"event_name":"Bonfire Elementals","player_choice":"Offered Uncommon","floor":4.0,"gold_loss":0.0,"damage_taken":0.0},{"damage_healed":0.0,"max_hp_gain":0.0,"max_hp_loss":0.0,"gold_gain":0.0,"event_name":"The Woman in Blue","player_choice":"Bought 0 Potions","floor":7.0,"gold_loss":0.0,"damage_taken":0.0},{"damage_healed":0.0,"max_hp_gain":0.0,"max_hp_loss":0.0,"gold_gain":0.0,"event_name":"Shining Light","player_choice":"Entered Light","floor":11.0,"gold_loss":0.0,"damage_taken":14.0,"cards_upgraded":["Strike_G","Strike_G"]},{"damage_healed":0.0,"max_hp_gain":0.0,"max_hp_loss":0.0,"gold_gain":0.0,"event_name":"Cursed Tome","player_choice":"Obtained Book","floor":19.0,"gold_loss":0.0,"damage_taken":16.0}],"is_beta":false,"boss_relics":[{"not_picked":["Snecko Eye","SacredBark"],"picked":"Astrolabe"}],"items_purged_floors":[],"is_endless":false,"potions_floor_spawned":[12,16,18],"killed_by":"Slavers","ascension_level":0}}