{"host":"pf47v7h0307523iy","time":1608220418,"event":{"mods":["BaseMod","Minty Spire (QoL Compilation)"],"gold_per_floor":[109,124,124,141,154,154,166,191,191,191,191,191],"floor_reached":11,"playtime":343,"items_purged":[],"score":150,"play_id":"0b2d38a3-f566-4dd0-8fe3-744ab721bdef","local_time":"20201217175338","is_ascension_mode":true,"campfire_choices":[{"data":"Dagger Spray","floor":6.0,"key":"SMITH"},{"floor":10.0,"key":"REST"}],"circlet_count":0,"master_deck":["AscendersBane","Strike_G","Strike_G","Strike_G","Strike_G","Strike_G+1","Defend_G","Defend_G","Defend_G","Defend_G","Defend_G+1","Survivor","Neutralize","Masterful Stab","Poisoned Stab","Dagger Spray+1"],"relics":["Busted Crown","Anchor","Question Card"],"acts_visited":["Exordium"],"potions_floor_usage":[],"damage_taken":[{"damage":2.0,"enemies":"Jaw Worm","floor":1.0,"turns":6.0},{"damage":2.0,"enemies":"Cultist","floor":2.0,"turns":4.0},{"damage":2.0,"enemies":"2 Louse","floor":4.0,"turns":2.0},{"damage":6.0,"enemies":"Looter","floor":5.0,"turns":3.0},{"damage":0.0,"enemies":"Red Slaver","floor":7.0,"turns":3.0},{"damage":20.0,"enemies":"3 Sentries","floor":8.0,"turns":6.0},{"damage":40,"enemies":"Lagavulin","floor":11,"turns":6}],"seed_played":"-1737156239237470097","potions_obtained":[{"floor":1.0,"key":"SneckoOil"},{"floor":5.0,"key":"Swift Potion"}],"is_trial":false,"path_per_floor":["M","M","?","M","M","R","M","E","T","R","E"],"character_chosen":"THE_SILENT","items_purchased":[],"campfire_rested":1,"item_purchase_floors":[],"current_hp_per_floor":[57,55,35,33,27,27,27,7,7,26,0,0],"gold":191,"neow_bonus":"BOSS_RELIC","is_daily":false,"chose_seed":false,"campfire_upgraded":1,"win_rate":0.0,"timestamp":1608220418,"path_taken":["M","M","?","M","M","R","M","E","T","R","E"],"items_purchased_type":[],"build_version":"2020-12-13","purchased_purges":0,"victory":false,"max_hp_per_floor":[66,66,66,66,66,66,66,66,66,66,66,66],"card_choices":[{"not_picked":[],"picked":"Masterful Stab","floor":1.0},{"not_picked":["Underhanded Strike"],"picked":"SKIP","floor":2.0},{"not_picked":[],"picked":"Poisoned Stab","floor":4.0},{"not_picked":[],"picked":"Dagger Spray","floor":5.0},{"not_picked":["All Out Attack"],"picked":"SKIP","floor":7.0},{"not_picked":["Quick Slash"],"picked":"SKIP","floor":8.0}],"player_experience":1492815,"relics_obtained":[{"floor":8.0,"key":"Anchor"},{"floor":9.0,"key":"Question Card"}],"event_choices":[{"damage_healed":0.0,"max_hp_gain":0.0,"max_hp_loss":0.0,"gold_gain":0.0,"event_name":"Shining Light","player_choice":"Entered Light","floor":3.0,"gold_loss":0.0,"damage_taken":20.0,"cards_upgraded":["Defend_G","Strike_G"]}],"is_beta":false,"boss_relics":[],"items_purged_floors":[],"is_endless":false,"potions_floor_spawned":[1,5],"killed_by":"Lagavulin","ascension_level":20}}