{"host":"684z1xpuwaoqmmh1","time":1608218327,"event":{"mods":["Bard","BaseMod","Downfall","Hermit","Jorbs\u0027s Wanderer Trilogy","Marisa????????","Minty Spire (QoL Compilation)","StSLib","The Hierophant","The Mystic","The Runesmith"],"gold_per_floor":[99,99,124,274,274,299,299,329,340,373,398,425,451,463,486,596,608,470,482,482],"floor_reached":19,"playtime":705,"items_purged":[],"score":419,"play_id":"db7970ab-09b7-4029-969e-05c8ca1002cd","local_time":"20201217171847","is_ascension_mode":true,"campfire_choices":[{"floor":1,"key":"RECALL"},{"data":"Slimebound:Icky","floor":18,"key":"PURGE"}],"circlet_count":0,"master_deck":["AscendersBane","champ:Strike","champ:Strike","champ:Strike","champ:Strike","champ:Defend","champ:Defend","champ:Defend","champ:Defend","champ:Execute","champ:Taunt","champ:MurderStrike","champ:Balance","champ:FocusedBerserking","champ:DefensiveStyle","champ:VampiricStrike","champ:GladiatorStyle","champ:FightOn","champ:EndlessRage","champ:ShieldThrow"],"relics":["champ:ChampionCrown","downfall:HeartsMalice","Akabeko","Peace Pipe","Incense Burner","Tiny Chest","MawBank","Pantograph","Black Star","downfall:HeartBlessingRed","downfall:HeartBlessingGreen"],"acts_visited":["Exordium","TheCity"],"potions_floor_usage":[16],"damage_taken":[{"damage":0,"enemies":"Gremlin Nob","floor":3,"turns":1},{"damage":0,"enemies":"3 Sentries","floor":6,"turns":1},{"damage":0,"enemies":"Gremlin Nob","floor":8,"turns":1},{"damage":4,"enemies":"Jaw Worm","floor":9,"turns":3},{"damage":30,"enemies":"3 Sentries","floor":10,"turns":10},{"damage":6,"enemies":"2 Louse","floor":11,"turns":3},{"damage":3,"enemies":"Cultist","floor":12,"turns":3},{"damage":5,"enemies":"Exordium Wildlife","floor":13,"turns":3},{"damage":15,"enemies":"Red Slaver","floor":15,"turns":3},{"damage":53,"enemies":"downfall:Watcher","floor":16,"turns":10},{"damage":107,"enemies":"Book of Stabbing","floor":19,"turns":7}],"seed_played":"-4017752476588784537","potions_obtained":[{"floor":6,"key":"CultistPotion"},{"floor":9,"key":"Ancient Potion"}],"is_trial":false,"path_per_floor":["R","?","E","?","?","E","T","E","M","E","M","M","M","T","M","B",null,"R","E"],"character_chosen":"THE_CHAMP","items_purchased":[],"campfire_rested":0,"item_purchase_floors":[],"current_hp_per_floor":[81,86,86,86,71,71,71,71,67,55,64,85,95,95,85,87,93,93,0,0],"gold":482,"neow_bonus":"THREE_ENEMY_KILL","is_daily":false,"chose_seed":false,"campfire_upgraded":0,"win_rate":0.0,"timestamp":1608218327,"path_taken":["R","?","E","?","?","E","T","E","M","E","M","M","?","?","M","BOSS","R","E"],"items_purchased_type":[],"build_version":"2020-12-13","purchased_purges":0,"victory":false,"max_hp_per_floor":[90,95,95,95,95,95,95,95,95,95,95,95,95,95,95,95,95,95,95,95],"card_choices":[{"not_picked":["champ:PerfectedStrike","champ:BringItOn"],"picked":"champ:MurderStrike","floor":3},{"not_picked":["champ:Backstep","champ:ShieldSigil"],"picked":"champ:Balance","floor":6},{"not_picked":["champ:CrookedStrike","champ:SteelEdge"],"picked":"champ:FocusedBerserking","floor":8},{"not_picked":["champ:PerfectedStrike","champ:Circumvent"],"picked":"champ:DefensiveStyle","floor":9},{"not_picked":["champ:DefensiveStyle","champ:CrookedStrike"],"picked":"champ:VampiricStrike","floor":10},{"not_picked":["champ:BladeFlurry","champ:Circumvent","champ:RapidStrikes"],"picked":"SKIP","floor":11},{"not_picked":["champ:HeartStrike","champ:TornadoPunch"],"picked":"champ:GladiatorStyle","floor":12},{"not_picked":["champ:BladeFlurry","champ:SwordSigil"],"picked":"champ:FightOn","floor":13},{"not_picked":["champ:Haymaker","champ:PerfectedStrike"],"picked":"champ:EndlessRage","floor":15},{"not_picked":["champ:EnchantShield","champ:MurderStrike"],"picked":"champ:ShieldThrow","floor":16}],"player_experience":2352015,"relics_obtained":[{"floor":3,"key":"Akabeko"},{"floor":6,"key":"Peace Pipe"},{"floor":7,"key":"Incense Burner"},{"floor":8,"key":"Tiny Chest"},{"floor":10,"key":"MawBank"},{"floor":14,"key":"Pantograph"}],"event_choices":[{"damage_healed":0,"gold_gain":0,"player_choice":"Donut","damage_taken":0,"max_hp_gain":5,"max_hp_loss":0,"event_name":"Big Fish","floor":2,"gold_loss":0}],"is_beta":false,"boss_relics":[{"not_picked":["Snecko Eye","Cursed Key"],"picked":"Black Star"}],"items_purged_floors":[],"is_endless":false,"potions_floor_spawned":[6,9,10,13],"killed_by":"Book of Stabbing","ascension_level":11}}