{"host":"7g4k6gexjz765cnk","time":1608205089,"event":{"mods":["BaseMod","Colored Map","Minty Spire (QoL Compilation)","Shop Mod"],"gold_per_floor":[116,66,66,84,96,96,130,130,130,158,172,172,187,213,213,309,309,326,241,241,241,17,17,37,56,56,67,67,79,79,108,108,212,212,227,207,218,43,93,123,141,171,171,171,171,171,183,183,183,183,183,183,23,57,57,57],"floor_reached":55,"playtime":3285,"items_purged":["Strike_G","Strike_B","Strike_G"],"score":866,"play_id":"faae5f8d-87d5-4124-8b84-2e228ea815ac","local_time":"20201217123809","is_ascension_mode":true,"campfire_choices":[{"data":"Neutralize","floor":6,"key":"SMITH"},{"data":"Dagger Spray","floor":8,"key":"SMITH"},{"data":"Dagger Spray","floor":12,"key":"SMITH"},{"floor":15,"key":"REST"},{"data":"Blade Dance","floor":23,"key":"SMITH"},{"data":"Storm of Steel","floor":30,"key":"SMITH"},{"data":"Accuracy","floor":32,"key":"SMITH"},{"data":"Footwork","floor":44,"key":"SMITH"},{"data":"Infinite Blades","floor":46,"key":"SMITH"},{"floor":49,"key":"RECALL"},{"data":"Acrobatics","floor":52,"key":"SMITH"}],"circlet_count":0,"master_deck":["Defend_G","Defend_G","Defend_G","Defend_G","Defend_G","Survivor","Neutralize+1","Dagger Spray+1","Blade Dance+1","Dagger Spray+1","Well Laid Plans","Cloak And Dagger+1","Backflip+1","Storm of Steel+1","Infinite Blades+1","Accuracy+1","Acrobatics+1","Footwork+1","Accuracy"],"relics":["Ring of the Snake","Regal Pillow","InkBottle","Omamori","Odd Mushroom","Coffee Dripper","Letter Opener","Mercury Hourglass","Vajra","Bottled Lightning","StoneCalendar","Calling Bell","Happy Flower","Shuriken","Incense Burner","FossilizedHelix","Toy Ornithopter","White Beast Statue","Boot"],"acts_visited":["Exordium","TheCity","TheBeyond","TheEnding"],"potions_floor_usage":[7,10,16,31,31,33,33,39,39,39,50,50],"damage_taken":[{"damage":6,"enemies":"Jaw Worm","floor":1,"turns":6},{"damage":4,"enemies":"Small Slimes","floor":4,"turns":3},{"damage":0,"enemies":"Cultist","floor":5,"turns":3},{"damage":18,"enemies":"Lagavulin","floor":7,"turns":7},{"damage":22,"enemies":"Gremlin Nob","floor":10,"turns":5},{"damage":0,"enemies":"3 Louse","floor":11,"turns":1},{"damage":2,"enemies":"Exordium Wildlife","floor":13,"turns":3},{"damage":0,"enemies":"The Mushroom Lair","floor":14,"turns":2},{"damage":14,"enemies":"Slime Boss","floor":16,"turns":9},{"damage":0,"enemies":"Chosen","floor":18,"turns":4},{"damage":0,"enemies":"3 Byrds","floor":24,"turns":2},{"damage":5,"enemies":"Centurion and Healer","floor":25,"turns":3},{"damage":0,"enemies":"Snake Plant","floor":27,"turns":4},{"damage":0,"enemies":"Snecko","floor":29,"turns":4},{"damage":0,"enemies":"Gremlin Leader","floor":31,"turns":3},{"damage":18,"enemies":"Automaton","floor":33,"turns":6},{"damage":0,"enemies":"Orb Walker","floor":35,"turns":2},{"damage":0,"enemies":"3 Shapes","floor":37,"turns":1},{"damage":21,"enemies":"Mind Bloom Boss Battle","floor":39,"turns":4},{"damage":13,"enemies":"Giant Head","floor":40,"turns":5},{"damage":1,"enemies":"Writhing Mass","floor":41,"turns":4},{"damage":0,"enemies":"Reptomancer","floor":42,"turns":4},{"damage":0,"enemies":"3 Darklings","floor":47,"turns":3},{"damage":22,"enemies":"Donu and Deca","floor":50,"turns":6},{"damage":53,"enemies":"Shield and Spear","floor":54,"turns":4},{"damage":37,"enemies":"The Heart","floor":55,"turns":2}],"seed_played":"3766262117462171146","potions_obtained":[{"floor":4,"key":"Dexterity Potion"},{"floor":5,"key":"Energy Potion"},{"floor":10,"key":"CunningPotion"},{"floor":11,"key":"Energy Potion"},{"floor":13,"key":"Ancient Potion"},{"floor":18,"key":"SteroidPotion"},{"floor":24,"key":"Dexterity Potion"},{"floor":31,"key":"CunningPotion"},{"floor":33,"key":"SkillPotion"},{"floor":35,"key":"Regen Potion"},{"floor":36,"key":"Dexterity Potion"},{"floor":37,"key":"CunningPotion"},{"floor":39,"key":"GhostInAJar"},{"floor":42,"key":"ColorlessPotion"},{"floor":47,"key":"ColorlessPotion"},{"floor":54,"key":"Swift Potion"}],"is_trial":false,"path_per_floor":["M","?","?","M","M","R","E","R","T","E","M","R","M","?","R","B",null,"M","?","?","?","$","R","M","M","T","M","?","M","R","E","R","B",null,"M","?","M","$","?","E","M","E","T","R","?","R","M","$","R","B",null,"R","$","E","B"],"character_chosen":"THE_SILENT","items_purchased":["Vajra","Footwork","Accuracy"],"campfire_rested":1,"item_purchase_floors":[22,38,53],"current_hp_per_floor":[64,64,64,60,60,60,42,42,42,20,20,20,18,18,54,40,70,70,70,57,57,57,57,57,52,52,52,52,52,52,52,52,34,75,75,75,75,75,58,45,44,44,44,44,44,44,44,44,44,32,75,75,75,22,0,0],"gold":57,"neow_bonus":"TRANSFORM_CARD","is_daily":false,"chose_seed":false,"campfire_upgraded":9,"win_rate":0.0,"timestamp":1608205089,"path_taken":["M","?","?","M","M","R","E","R","T","E","?","R","M","?","R","BOSS","M","?","?","?","$","R","M","M","T","M","?","M","R","E","R","BOSS","M","?","?","$","?","E","M","E","T","R","?","R","M","?","R","BOSS","R","$","E","BOSS"],"items_purchased_type":["Relic","Card","Card"],"build_version":"2020-12-13","purchased_purges":3,"victory":false,"max_hp_per_floor":[70,70,70,70,70,70,70,70,70,70,70,70,70,70,70,70,70,70,70,75,75,75,75,75,75,75,75,75,75,75,75,75,75,75,75,75,75,75,75,75,75,75,75,75,75,75,75,75,75,75,75,75,75,75,75,75],"card_choices":[{"not_picked":["Acrobatics","Reflex","Prepared"],"picked":"SKIP","floor":1},{"not_picked":["Acrobatics","Sucker Punch"],"picked":"Blade Dance","floor":4},{"not_picked":["Choke","All Out Attack"],"picked":"Dagger Spray","floor":5},{"not_picked":["Catalyst","Sucker Punch"],"picked":"Well Laid Plans","floor":7},{"not_picked":["Leg Sweep","Outmaneuver","A Thousand Cuts"],"picked":"SKIP","floor":10},{"not_picked":["Riddle With Holes","Dodge and Roll","Flying Knee"],"picked":"SKIP","floor":11},{"not_picked":["Flying Knee","Distraction","PiercingWail"],"picked":"SKIP","floor":13},{"not_picked":["Bouncing Flask","Underhanded Strike+1"],"picked":"Cloak And Dagger+1","floor":18},{"not_picked":["Distraction+1","Dagger Throw"],"picked":"Backflip+1","floor":24},{"not_picked":["Heel Hook","Setup","Dagger Throw"],"picked":"SKIP","floor":25},{"not_picked":["Slice+1","Reflex"],"picked":"Storm of Steel","floor":27},{"not_picked":["Deflect+1","Blade Dance","Reflex"],"picked":"SKIP","floor":29},{"not_picked":["PiercingWail","Concentrate+1"],"picked":"Accuracy","floor":31},{"not_picked":["Dagger Throw+1","Underhanded Strike"],"picked":"Acrobatics","floor":35},{"not_picked":["Bane+1","Deadly Poison","Underhanded Strike"],"picked":"SKIP","floor":37},{"not_picked":["Poisoned Stab+1","Grand Finale","Escape Plan"],"picked":"SKIP","floor":40},{"not_picked":["Noxious Fumes+1","Deflect+1","Acrobatics+1"],"picked":"SKIP","floor":41},{"not_picked":["Deadly Poison","Dodge and Roll+1","Backflip"],"picked":"SKIP","floor":42},{"not_picked":["Endless Agony+1","Deadly Poison","Riddle With Holes+1"],"picked":"SKIP","floor":47},{"not_picked":["Poisoned Stab","Dagger Throw+1","Quick Slash+1"],"picked":"SKIP","floor":54}],"player_experience":360153,"relics_obtained":[{"floor":7,"key":"Regal Pillow"},{"floor":9,"key":"InkBottle"},{"floor":10,"key":"Omamori"},{"floor":14,"key":"Odd Mushroom"},{"floor":26,"key":"Bottled Lightning"},{"floor":31,"key":"StoneCalendar"},{"floor":34,"key":"Happy Flower"},{"floor":34,"key":"Shuriken"},{"floor":34,"key":"Incense Burner"},{"floor":39,"key":"FossilizedHelix"},{"floor":40,"key":"Toy Ornithopter"},{"floor":42,"key":"White Beast Statue"},{"floor":54,"key":"Boot"}],"event_choices":[{"cards_removed":["Strike_G"],"damage_healed":0,"gold_gain":0,"player_choice":"Card Removal","damage_taken":0,"max_hp_gain":0,"max_hp_loss":0,"event_name":"The Cleric","floor":2,"gold_loss":50},{"cards_removed":["Strike_G"],"damage_healed":0,"gold_gain":0,"player_choice":"Took Card","damage_taken":0,"max_hp_gain":0,"max_hp_loss":0,"event_name":"NoteForYourself","floor":3,"gold_loss":0,"cards_obtained":["Strike_B"]},{"damage_healed":0,"gold_gain":0,"player_choice":"Fought Mushrooms","damage_taken":0,"max_hp_gain":0,"max_hp_loss":0,"event_name":"Mushrooms","floor":14,"gold_loss":0},{"damage_healed":0,"gold_gain":0,"player_choice":"Obtained Relic","damage_taken":0,"relics_obtained":["Letter Opener"],"max_hp_gain":0,"max_hp_loss":0,"event_name":"Addict","floor":19,"gold_loss":85},{"damage_healed":0,"gold_gain":0,"player_choice":"Shed Blood","damage_taken":18,"max_hp_gain":5,"max_hp_loss":0,"event_name":"Forgotten Altar","floor":20,"gold_loss":0},{"damage_healed":0,"gold_gain":0,"player_choice":"Opened","damage_taken":0,"relics_obtained":["Mercury Hourglass"],"max_hp_gain":0,"max_hp_loss":0,"event_name":"The Mausoleum","floor":21,"gold_loss":0},{"damage_healed":0,"gold_gain":0,"player_choice":"Read","damage_taken":0,"max_hp_gain":0,"max_hp_loss":0,"event_name":"The Library","floor":28,"gold_loss":0,"cards_obtained":["Infinite Blades"]},{"damage_healed":0,"gold_gain":0,"player_choice":"Bought 1 Potion","damage_taken":0,"max_hp_gain":0,"max_hp_loss":0,"event_name":"The Woman in Blue","floor":36,"gold_loss":0},{"damage_healed":0,"gold_gain":0,"player_choice":"Fight","damage_taken":0,"max_hp_gain":0,"max_hp_loss":0,"event_name":"MindBloom","floor":39,"gold_loss":0},{"damage_healed":0,"gold_gain":0,"player_choice":"Ignored","damage_taken":0,"max_hp_gain":0,"max_hp_loss":0,"event_name":"Tomb of Lord Red Mask","floor":45,"gold_loss":0}],"is_beta":false,"boss_relics":[{"not_picked":["Runic Pyramid","Empty Cage"],"picked":"Coffee Dripper"},{"not_picked":["SlaversCollar","Velvet Choker"],"picked":"Calling Bell"}],"items_purged_floors":[22,38,53],"is_endless":false,"potions_floor_spawned":[4,5,10,11,13,18,24,31,33,35,37,39,42,47,54],"killed_by":"The Heart","ascension_level":3}}