{"host":"xenpv6dj5x1yxp66","time":1608217241,"event":{"mods":["AchievementEnabler","Aspiration","BaseMod","Better Altar","Better Sensory Stone","Better Skull","Better Third Choice","BetterRewards","Colored Map","Colored Powertips","Conspire","Downfall","Highlight Path","Hubris","Marisa????????","Minty Spire (QoL Compilation)","Quick Restart","READ ME - Guardian Mod","Replay The Spire","Shade Mod","StSLib","The Animator","The Bug Knight","The Construct","The Cursed","The Disciple","The Necromancer","The Runesmith","The Servant 0.9.4"],"gold_per_floor":[109,123,133,151,0,30,41,41,65,65,95,119,119,135,135,240,240,253,203,216,94,109,109,139,139,139,139,159,5,5,20,20,116,116,134,184,199,199,218,218,245,260,260,260,0,15,32,32,32,32,32],"floor_reached":50,"playtime":1666,"items_purged":[],"score":754,"play_id":"1ff11838-fdaf-4f82-a9ff-6fd017b9b40b","local_time":"20201217160041","is_ascension_mode":false,"campfire_choices":[{"data":"ReplayTheSpireMod:Limb From Limb","floor":10,"key":"SMITH"},{"data":"ReplayTheSpireMod:Limb From Limb","floor":13,"key":"SMITH"},{"data":"Bash","floor":15,"key":"SMITH"},{"data":"Fiend Fire","floor":23,"key":"SMITH"},{"data":"Immolate","floor":30,"key":"SMITH"},{"data":"Replay:SS_hec_1","floor":32,"key":"SMITH"},{"floor":40,"key":"RECALL"},{"floor":49,"key":"DIG"}],"circlet_count":0,"master_deck":["Strike_R","Strike_R","Strike_R","Strike_R","Strike_R","Defend_R","Defend_R","Defend_R","Defend_R","Bash+1","ReplayTheSpireMod:Limb From Limb+1","Thunderclap","Evolve","Headbutt","Iron Wave","Fiend Fire+1","ReplayTheSpireMod:Limb From Limb+1","conspire:Charge","Pommel Strike","Pommel Strike","Immolate+1","Cleave","Spot Weakness","Replay:SS_hec_1+1","Flame Barrier+1","Whirlwind+1","Metamorphosis"],"relics":["Burning Blood","Nunchaku","Red Skull","Bag of Marbles","Potion Belt","Odd Mushroom","Runic Pyramid","Replay:Towering Pillar of Hats","hubris:Icosahedron","Self Forming Clay","PrismaticShard","Happy Flower","Coffee Dripper","Peace Pipe","hubris:PeanutButter","ReplayTheSpireMod:Spearhead","Red Mask","Eternal Feather"],"acts_visited":["Exordium","TheCity","TheBeyond"],"potions_floor_usage":[16,16,16,16,16,24,24,24,33,33,41,41,50,50],"damage_taken":[{"damage":0,"enemies":"Small Slimes","floor":1,"turns":3},{"damage":7,"enemies":"2 Louse","floor":2,"turns":2},{"damage":7,"enemies":"conspire:RoseBush","floor":3,"turns":5},{"damage":7,"enemies":"2 Fungi Beasts","floor":4,"turns":3},{"damage":31,"enemies":"Lagavulin","floor":6,"turns":5},{"damage":10,"enemies":"Looter","floor":7,"turns":2},{"damage":0,"enemies":"Gremlin Nob","floor":11,"turns":2},{"damage":22,"enemies":"The Mushroom Lair","floor":12,"turns":3},{"damage":10,"enemies":"Exordium Wildlife","floor":14,"turns":2},{"damage":1,"enemies":"Slime Boss","floor":16,"turns":2},{"damage":5,"enemies":"Chosen","floor":18,"turns":3},{"damage":10,"enemies":"Spheric Guardian","floor":20,"turns":3},{"damage":21,"enemies":"Snake Plant","floor":22,"turns":2},{"damage":0,"enemies":"Slavers","floor":24,"turns":1},{"damage":12,"enemies":"Centurion and Healer","floor":28,"turns":4},{"damage":6,"enemies":"3 Cultists","floor":31,"turns":3},{"damage":16,"enemies":"Pondfish","floor":33,"turns":7},{"damage":0,"enemies":"Orb Walker","floor":35,"turns":2},{"damage":3,"enemies":"Mind Bloom Boss Battle","floor":36,"turns":4},{"damage":22,"enemies":"3 Shapes","floor":37,"turns":3},{"damage":14,"enemies":"Maw","floor":39,"turns":5},{"damage":49,"enemies":"Nemesis","floor":41,"turns":5},{"damage":0,"enemies":"3 Darklings","floor":42,"turns":3},{"damage":0,"enemies":"Jaw Worm Horde","floor":46,"turns":1},{"damage":0,"enemies":"Transient","floor":47,"turns":5},{"damage":51,"enemies":"Donu and Deca","floor":50,"turns":4}],"seed_played":"-1350643445800475471","potions_obtained":[{"floor":2,"key":"EntropicBrew"},{"floor":3,"key":"SkillPotion"},{"floor":4,"key":"ColorlessPotion"},{"floor":14,"key":"DistilledChaos"},{"floor":16,"key":"DistilledChaos"},{"floor":18,"key":"FearPotion"},{"floor":20,"key":"SteroidPotion"},{"floor":24,"key":"BloodPotion"},{"floor":28,"key":"Elixir"},{"floor":37,"key":"Ancient Potion"},{"floor":39,"key":"GamblersBrew"},{"floor":42,"key":"Venom Potion"},{"floor":47,"key":"Strength Potion"}],"is_trial":false,"path_per_floor":["M","M","M","M","$","E","M","?","T","R","E","?","R","M","R","B",null,"M","?","M","$","M","R","E","?","T","?","M","$","R","M","R","B",null,"M","?","M","?","M","R","E","M","T","?","?","M","M","$","R_BF","B"],"character_chosen":"IRONCLAD","items_purchased":["Nunchaku","Spot Weakness","Replay:SS_hec_1","Happy Flower"],"campfire_rested":0,"item_purchase_floors":[5,21,21,29],"current_hp_per_floor":[80,79,78,77,77,52,48,48,48,48,54,38,38,34,34,39,80,80,80,76,76,61,61,67,67,67,59,53,53,53,53,53,43,80,80,80,64,64,56,56,29,35,35,35,35,41,47,47,47,0,0],"gold":32,"neow_bonus":"RANDOM_EVENT","is_daily":false,"chose_seed":false,"campfire_upgraded":6,"win_rate":0.0,"timestamp":1608217241,"path_taken":["M","M","M","M","$","E","M","?","T","R","E","?","R","M","R","BOSS","M","?","?","$","M","R","E","?","T","?","M","$","R","M","R","BOSS","M","?","M","?","?","R","E","M","T","?","?","M","M","$","R_BF","BOSS"],"items_purchased_type":["Relic","Card","Card","Relic"],"build_version":"2020-12-13","purchased_purges":0,"victory":false,"max_hp_per_floor":[80,80,80,80,80,80,80,80,80,80,80,80,80,80,80,80,80,80,80,80,80,80,80,80,80,80,80,80,80,80,80,80,80,80,80,80,80,80,80,80,80,80,80,80,80,80,80,80,80,80,80],"card_choices":[{"not_picked":["Shrug It Off","Run Through"],"picked":"Thunderclap","floor":1},{"not_picked":["Iron Wave","Clash"],"picked":"Evolve","floor":2},{"not_picked":["Replay:Undeath\u0027s Touch","Iron Wave"],"picked":"Headbutt","floor":3},{"not_picked":["Perfected Strike","True Grit"],"picked":"Iron Wave","floor":4},{"not_picked":["Iron Wave","Anger"],"picked":"Fiend Fire","floor":6},{"not_picked":["Perfected Strike","Ghostly Armor"],"picked":"ReplayTheSpireMod:Limb From Limb","floor":7},{"not_picked":["Shrug It Off","Twin Strike"],"picked":"conspire:Charge","floor":11},{"not_picked":["Heavy Blade","Clash"],"picked":"Pommel Strike","floor":12},{"not_picked":["Replay:Undeath\u0027s Touch","Corruption"],"picked":"Pommel Strike","floor":14},{"not_picked":["Impervious","Offering"],"picked":"Immolate","floor":16},{"not_picked":["Warcry","Replay:Undeath\u0027s Touch+1"],"picked":"Cleave","floor":18},{"not_picked":["Anger","Shrug It Off","Combust"],"picked":"SKIP","floor":20},{"not_picked":["Combust+1","Carnage"],"picked":"Flame Barrier+1","floor":22},{"not_picked":["Shrug It Off","Abandon"],"picked":"Whirlwind+1","floor":24},{"not_picked":["construct:SyphonStrike","Cold Snap","Slimebound:Chomp+1"],"picked":"SKIP","floor":28},{"not_picked":["sneckomod:UnknownExhaust","animator:Rena","sneckomod:SerpentMind"],"picked":"SKIP","floor":31},{"not_picked":["FinalSpark","ReplayTheSpireMod:From All Sides"],"picked":"Metamorphosis","floor":33},{"not_picked":["Unruled","ReplaySolidLightProjector+1","animator:Genos"],"picked":"SKIP","floor":35},{"not_picked":["sneckomod:WideSting","Robbery+1","animator:DolaCouronne+1"],"picked":"SKIP","floor":37},{"not_picked":["Choke","animator:Yoichi+1","animator:DolaRiku"],"picked":"SKIP","floor":39},{"not_picked":["NonDirectionalLaser+1","Potential","Leap+1"],"picked":"SKIP","floor":41},{"not_picked":["ReapSow","Contraction","WatchCommand"],"picked":"SKIP","floor":42},{"not_picked":["JA","champ:BerserkerStyle","FollowUp+1"],"picked":"SKIP","floor":46},{"not_picked":["6A","WindUp+1","Bones_to_Steel+1"],"picked":"SKIP","floor":47}],"player_experience":146413,"relics_obtained":[{"floor":6,"key":"Red Skull"},{"floor":9,"key":"Bag of Marbles"},{"floor":11,"key":"Potion Belt"},{"floor":12,"key":"Odd Mushroom"},{"floor":24,"key":"Replay:Towering Pillar of Hats"},{"floor":26,"key":"Self Forming Clay"},{"floor":27,"key":"PrismaticShard"},{"floor":36,"key":"Peace Pipe"},{"floor":41,"key":"hubris:PeanutButter"},{"floor":43,"key":"ReplayTheSpireMod:Spearhead"},{"floor":49,"key":"Eternal Feather"}],"event_choices":[{"damage_healed":0,"gold_gain":0,"player_choice":"Fought Mushrooms","damage_taken":0,"max_hp_gain":0,"max_hp_loss":0,"event_name":"Mushrooms","floor":12,"gold_loss":0},{"damage_healed":0,"gold_gain":0,"player_choice":"Bet on Owner","damage_taken":0,"max_hp_gain":0,"max_hp_loss":0,"event_name":"The Joust","floor":19,"gold_loss":50},{"damage_healed":0,"gold_gain":0,"player_choice":"Fight","damage_taken":0,"max_hp_gain":0,"max_hp_loss":0,"event_name":"MindBloom","floor":36,"gold_loss":0},{"damage_healed":0,"gold_gain":0,"player_choice":"Paid","damage_taken":0,"relics_obtained":["Red Mask"],"max_hp_gain":0,"max_hp_loss":0,"event_name":"Tomb of Lord Red Mask","floor":45,"gold_loss":260}],"is_beta":false,"boss_relics":[{"not_picked":["Runic Dome","Replay:Drink Me"],"picked":"Runic Pyramid"},{"not_picked":["Runesmith:UraniumAnvil","hubris:CrackedHourglass"],"picked":"Coffee Dripper"}],"items_purged_floors":[],"is_endless":false,"potions_floor_spawned":[2,3,4,14,16,18,20,24,28,37,39,42,47],"killed_by":"Donu and Deca","ascension_level":0}}