{"host":"126yiuos2nq86se7","time":1608188069,"event":{"mods":["AchievementEnabler","Act Like it!","BaseMod","Colored Map","Colored Powertips","Downfall","Friendly Minions","Highlight Path","Jorbs\u0027s Wanderer Trilogy","Minty Spire (QoL Compilation)","StSLib","SuperFastMode","The Animator","The Cursed","The Hierophant","The Servant 0.9.4"],"gold_per_floor":[216,216,228,44,62,62,96,96,120,134,309,328,328,340,340,436,436,416,515,515,615,634,634,654,126,153,172,172,192,212,227,227,328,378,390,24,24,44,0,0,14,14,64,64,114,124,138,138,138,138],"floor_reached":51,"playtime":1936,"items_purged":["TheCursedMod:Strike_TheCursed","TheCursedMod:Strike_TheCursed","TheCursedMod:Strike_TheCursed"],"score":699,"play_id":"3a4f843f-d551-4365-8862-686ddc2a030c","local_time":"20201217175429","is_ascension_mode":false,"campfire_choices":[{"floor":6,"key":"REST"},{"data":"TheCursedMod:Hemoplague","floor":8,"key":"SMITH"},{"data":"TheCursedMod:CursedWand","floor":13,"key":"SMITH"},{"floor":15,"key":"REST"},{"data":"TheCursedMod:VoidForm","floor":23,"key":"SMITH"},{"floor":28,"key":"REST"},{"floor":32,"key":"REST"},{"floor":40,"key":"REST"},{"data":"TheCursedMod:CleanUpWorkshop","floor":42,"key":"SMITH"},{"data":"TheCursedMod:CursedBoomerang","floor":44,"key":"SMITH"},{"data":"TheCursedMod:CursedStaff","floor":49,"key":"SMITH"}],"circlet_count":0,"master_deck":["TheCursedMod:Defend_TheCursed+1","TheCursedMod:Defend_TheCursed","TheCursedMod:Defend_TheCursed","TheCursedMod:Defend_TheCursed","TheCursedMod:CursedWand+1","TheCursedMod:CleanUpWorkshop+1","TheCursedMod:Dregs","TheCursedMod:CursedBoomerang+1","TheCursedMod:Hemoplague+1","expansioncontent:Collect","TheCursedMod:CursedStaff+1","TheCursedMod:CursedArmor","TheCursedMod:CursedBlade","Doubt","TheCursedMod:CursedAmulet","TheCursedMod:CursedBlade","TheCursedMod:VoidForm+1","TheCursedMod:CursedBlade+1","TheCursedMod:SpitefulPlan","TheCursedMod:RapidMovement+1","TheCursedMod:RapidMovement","TheCursedMod:DemonicPact","TheCursedMod:ManaBullet+1","Doubt","TheCursedMod:FleshFromBone+1"],"relics":["TheCursedMod:BlackMagic101","MawBank","Pantograph","Happy Flower","Cursed Key","Gremlin Horn","Omamori","Blood Vial","Tiny House","Ornamental Fan","Letter Opener","Red Mask","Toy Ornithopter","StoneCalendar"],"acts_visited":["Exordium","TheCity","TheBeyond"],"potions_floor_usage":[7,16,33,33,33,50,50,50],"damage_taken":[{"damage":0,"enemies":"Small Slimes","floor":1,"turns":3},{"damage":4,"enemies":"Jaw Worm","floor":5,"turns":4},{"damage":26,"enemies":"Lagavulin","floor":7,"turns":6},{"damage":0,"enemies":"Cultist","floor":10,"turns":3},{"damage":0,"enemies":"Exordium Wildlife","floor":12,"turns":3},{"damage":17,"enemies":"Exordium Thugs","floor":14,"turns":6},{"damage":34,"enemies":"Slime Boss","floor":16,"turns":11},{"damage":16,"enemies":"2 Thieves","floor":18,"turns":4},{"damage":12,"enemies":"Spheric Guardian","floor":22,"turns":6},{"damage":10,"enemies":"Chosen and Byrds","floor":24,"turns":5},{"damage":19,"enemies":"Snake Plant","floor":27,"turns":6},{"damage":13,"enemies":"Centurion and Healer","floor":29,"turns":5},{"damage":3,"enemies":"Snecko","floor":30,"turns":5},{"damage":1,"enemies":"Snake Plant","floor":31,"turns":4},{"damage":49,"enemies":"Automaton","floor":33,"turns":12},{"damage":0,"enemies":"3 Darklings","floor":35,"turns":5},{"damage":39,"enemies":"Orb Walker","floor":38,"turns":5},{"damage":1,"enemies":"Maw","floor":41,"turns":6},{"damage":29,"enemies":"Mind Bloom Boss Battle","floor":45,"turns":6},{"damage":3,"enemies":"Jaw Worm Horde","floor":46,"turns":5},{"damage":33,"enemies":"Spire Growth","floor":47,"turns":8},{"damage":67,"enemies":"Awakened One","floor":50,"turns":12}],"seed_played":"4908996622033182252","potions_obtained":[{"floor":5,"key":"DuplicationPotion"},{"floor":14,"key":"champ:CounterPotion"},{"floor":16,"key":"SpeedPotion"},{"floor":18,"key":"LiquidBronze"},{"floor":29,"key":"BlessingOfTheForge"},{"floor":31,"key":"PowerPotion"},{"floor":33,"key":"FearPotion"},{"floor":34,"key":"Guardian:BlockOnCardUsePotion"},{"floor":41,"key":"Block Potion"},{"floor":45,"key":"DuplicationPotion"},{"floor":46,"key":"LiquidMemories"}],"is_trial":false,"path_per_floor":["M","?","?","$","M","R","E","R","T","M","?","M","R","M","R","B",null,"M","?","?","?","M","R","M","$","T","M","R","M","M","M","R","B",null,"M","$","T","M","?","R","M","R","T","R","?","M","M","?","R","B",null],"character_chosen":"THE_CURSED","items_purchased":["TheCursedMod:Hemoplague","expansioncontent:Collect","TheCursedMod:RapidMovement","Gremlin Horn","Omamori","Ornamental Fan"],"campfire_rested":5,"item_purchase_floors":[4,4,25,25,25,36],"current_hp_per_floor":[75,57,57,57,53,75,49,49,49,49,49,49,49,32,54,41,75,59,59,75,75,63,63,53,53,53,36,58,47,46,47,69,26,80,80,80,80,41,41,65,66,66,66,66,51,50,19,70,70,3],"gold":138,"neow_bonus":"HUNDRED_GOLD","is_daily":false,"chose_seed":false,"campfire_upgraded":6,"win_rate":0.0,"timestamp":1608188069,"path_taken":["M","?","?","$","?","R","E","R","T","M","?","M","R","M","R","BOSS","M","?","?","?","M","R","M","$","T","?","R","M","M","M","R","BOSS","M","$","?","M","?","R","M","R","T","R","?","M","M","?","R","BOSS"],"items_purchased_type":["Card","Card","Card","Relic","Relic","Relic"],"build_version":"2020-12-13","purchased_purges":3,"victory":true,"max_hp_per_floor":[75,75,75,75,75,75,75,75,75,75,75,75,75,75,75,75,75,75,75,75,75,75,75,75,75,75,75,75,75,75,75,75,75,80,80,80,80,80,80,80,80,80,80,80,80,80,80,70,70,70],"card_choices":[{"not_picked":["TheCursedMod:SpitefulStrike","TheCursedMod:TroublousMinions"],"picked":"TheCursedMod:CursedBoomerang","floor":1},{"not_picked":["TheCursedMod:SpitefulStrike","TheCursedMod:EmpowerCircles"],"picked":"TheCursedMod:CursedStaff","floor":5},{"not_picked":["TheCursedMod:CircleOfAbyss","TheCursedMod:CircleOfCorruption"],"picked":"TheCursedMod:CursedArmor","floor":7},{"not_picked":["TheCursedMod:Stigma","TheCursedMod:VitalStrike"],"picked":"TheCursedMod:CursedBlade","floor":10},{"not_picked":["TheCursedMod:ReleasedKnowledge","TheCursedMod:WearCloak"],"picked":"TheCursedMod:CursedAmulet","floor":12},{"not_picked":["TheCursedMod:CircleOfBlood","TheCursedMod:SpreadPlague"],"picked":"TheCursedMod:CursedBlade","floor":14},{"not_picked":["TheCursedMod:AntiAging","TheCursedMod:Neurasthenia"],"picked":"TheCursedMod:VoidForm","floor":16},{"not_picked":["TheCursedMod:Stretching","TheCursedMod:CursedMace+1"],"picked":"TheCursedMod:CursedBlade+1","floor":18},{"not_picked":["TheCursedMod:TroublousMinions","TheCursedMod:RapidMovement"],"picked":"TheCursedMod:SpitefulPlan","floor":22},{"not_picked":["TheCursedMod:SpitefulPlan","TheCursedMod:SurpriseAttack"],"picked":"TheCursedMod:RapidMovement+1","floor":24},{"not_picked":["TheCursedMod:FuryStrike","TheCursedMod:VitalStrike"],"picked":"TheCursedMod:DemonicPact","floor":27},{"not_picked":["TheCursedMod:RavingStaff","TheCursedMod:CursedBoomerang"],"picked":"TheCursedMod:ManaBullet+1","floor":29},{"not_picked":["TheCursedMod:PrepareRite","TheCursedMod:VitalStrike","TheCursedMod:SpitefulStrike"],"picked":"SKIP","floor":30},{"not_picked":["TheCursedMod:CursedStaff","TheCursedMod:RavingStaff","TheCursedMod:CursedShiv"],"picked":"SKIP","floor":31},{"not_picked":["TheCursedMod:CursedMace","TheCursedMod:Wield+1","TheCursedMod:AbyssShockwave+1"],"picked":"SKIP","floor":35},{"not_picked":["TheCursedMod:SpitefulStrike+1","TheCursedMod:VitalStrike","TheCursedMod:AbyssShockwave"],"picked":"SKIP","floor":38},{"not_picked":["TheCursedMod:SoulCrush+1","TheCursedMod:AbyssShockwave+1","TheCursedMod:ManaBullet"],"picked":"SKIP","floor":41},{"not_picked":["TheCursedMod:TroublousMinions+1","TheCursedMod:Wield"],"picked":"TheCursedMod:FleshFromBone+1","floor":46},{"not_picked":["TheCursedMod:Wield+1","TheCursedMod:CircleOfFocus+1","TheCursedMod:RapidMovement"],"picked":"SKIP","floor":47}],"player_experience":1696079,"relics_obtained":[{"floor":7,"key":"Pantograph"},{"floor":9,"key":"Happy Flower"},{"floor":26,"key":"Blood Vial"},{"floor":37,"key":"Letter Opener"},{"floor":43,"key":"Toy Ornithopter"},{"floor":45,"key":"StoneCalendar"}],"event_choices":[{"damage_healed":0,"gold_gain":0,"player_choice":"Success","damage_taken":18,"relics_obtained":["MawBank"],"max_hp_gain":0,"max_hp_loss":0,"event_name":"Scrap Ooze","floor":2,"gold_loss":0},{"cards_removed":["TheCursedMod:Strike_TheCursed"],"damage_healed":0,"gold_gain":0,"player_choice":"Card Removal","damage_taken":0,"max_hp_gain":0,"max_hp_loss":0,"event_name":"Wheel of Change","floor":3,"gold_loss":0},{"damage_healed":0,"gold_gain":175,"player_choice":"AGREE","damage_taken":0,"max_hp_gain":0,"max_hp_loss":0,"event_name":"Liars Game","floor":11,"gold_loss":0,"cards_obtained":["Doubt"]},{"damage_healed":0,"gold_gain":99,"player_choice":"Stole From Cult","damage_taken":0,"max_hp_gain":0,"max_hp_loss":0,"event_name":"Nest","floor":19,"gold_loss":0},{"damage_healed":25,"gold_gain":0,"player_choice":"Heal","damage_taken":0,"max_hp_gain":0,"max_hp_loss":0,"event_name":"The Library","floor":20,"gold_loss":0},{"damage_healed":0,"gold_gain":100,"player_choice":"Pray","damage_taken":0,"max_hp_gain":0,"max_hp_loss":0,"event_name":"Golden Shrine","floor":21,"gold_loss":0},{"damage_healed":0,"gold_gain":0,"player_choice":"Paid","damage_taken":0,"relics_obtained":["Red Mask"],"max_hp_gain":0,"max_hp_loss":0,"event_name":"Tomb of Lord Red Mask","floor":39,"gold_loss":44},{"damage_healed":0,"gold_gain":0,"player_choice":"Fight","damage_taken":0,"max_hp_gain":0,"max_hp_loss":0,"event_name":"MindBloom","floor":45,"gold_loss":0},{"damage_healed":70,"gold_gain":0,"player_choice":"Heal","damage_taken":0,"max_hp_gain":0,"max_hp_loss":10,"event_name":"The Moai Head","floor":48,"gold_loss":0}],"is_beta":false,"boss_relics":[{"not_picked":["Velvet Choker","Sozu"],"picked":"Cursed Key"},{"not_picked":["Coffee Dripper","TheCursedMod:BlackMagicAdvanced"],"picked":"Tiny House"}],"items_purged_floors":[4,25,36],"is_endless":false,"potions_floor_spawned":[5,14,16,18,29,31,33,41,45,46],"ascension_level":0}}