{"host":"m6aaltr68g9tvoay","time":1608191906,"event":{"mods":["AchievementEnabler","BaseMod","Colored Map","Minty Spire (QoL Compilation)","StSLib"],"gold_per_floor":[115,80,43,43,59,59,76,19,72,101,101,121,150,150,150,150,150],"floor_reached":16,"playtime":472,"items_purged":[],"score":308,"play_id":"f8dc51c5-2f47-4d33-b8a0-b57cccae4e74","local_time":"20201216235826","is_ascension_mode":true,"campfire_choices":[{"data":"Flying Knee","floor":6.0,"key":"SMITH"},{"data":"Cloak And Dagger","floor":11.0,"key":"SMITH"},{"floor":15.0,"key":"DIG"}],"circlet_count":0,"master_deck":["AscendersBane","Strike_G","Strike_G","Strike_G","Strike_G","Strike_G","Defend_G","Defend_G","Defend_G","Defend_G","Defend_G","Survivor","Neutralize","Endless Agony","Leg Sweep","Flying Knee+1","Accuracy","Cloak And Dagger+1","Die Die Die","Dagger Spray","Flechettes"],"relics":["Ring of the Snake","Anchor","PreservedInsect","Bag of Preparation","Shovel","Strawberry","Akabeko"],"acts_visited":["Exordium"],"potions_floor_usage":[16,16],"damage_taken":[{"damage":6.0,"enemies":"Small Slimes","floor":1.0,"turns":4.0},{"damage":2.0,"enemies":"Jaw Worm","floor":5.0,"turns":5.0},{"damage":0.0,"enemies":"Cultist","floor":7.0,"turns":4.0},{"damage":0.0,"enemies":"Gremlin Nob","floor":10.0,"turns":3.0},{"damage":0.0,"enemies":"Lots of Slimes","floor":12.0,"turns":1.0},{"damage":0.0,"enemies":"3 Sentries","floor":13.0,"turns":3.0},{"damage":96,"enemies":"Slime Boss","floor":16,"turns":11}],"seed_played":"4406411959059323342","potions_obtained":[{"floor":1.0,"key":"Fire Potion"},{"floor":4.0,"key":"Regen Potion"},{"floor":13.0,"key":"Energy Potion"}],"is_trial":false,"path_per_floor":["M","?","$","?","M","R","M","$","T","E","R","M","E","T","R","B"],"character_chosen":"THE_SILENT","items_purchased":["Leg Sweep","Cloak And Dagger"],"campfire_rested":0,"item_purchase_floors":[3,8],"current_hp_per_floor":[53,66,66,66,64,64,64,64,64,64,64,64,64,71,71,0,0],"gold":150,"neow_bonus":"RANDOM_COMMON_RELIC","is_daily":false,"chose_seed":false,"campfire_upgraded":2,"win_rate":0.0,"timestamp":1608191906,"path_taken":["M","?","$","?","?","R","?","$","T","E","R","M","E","?","R","BOSS"],"items_purchased_type":["Card","Card"],"build_version":"2020-12-13","purchased_purges":0,"victory":false,"max_hp_per_floor":[66,66,66,66,66,66,66,66,66,66,66,66,66,73,73,73,73],"card_choices":[{"not_picked":["Heel Hook","Concentrate"],"picked":"Endless Agony","floor":1.0},{"not_picked":["Acrobatics","Poisoned Stab"],"picked":"Flying Knee","floor":5.0},{"not_picked":["Flying Knee","Bane"],"picked":"Accuracy","floor":7.0},{"not_picked":["Catalyst","Heel Hook"],"picked":"Die Die Die","floor":10.0},{"not_picked":["Dash","Predator"],"picked":"Dagger Spray","floor":12.0},{"not_picked":["Leg Sweep","All Out Attack"],"picked":"Flechettes","floor":13.0}],"player_experience":1251452,"relics_obtained":[{"floor":9.0,"key":"PreservedInsect"},{"floor":10.0,"key":"Bag of Preparation"},{"floor":13.0,"key":"Shovel"},{"floor":14.0,"key":"Strawberry"},{"floor":15.0,"key":"Akabeko"}],"event_choices":[{"damage_healed":16.0,"max_hp_gain":0.0,"max_hp_loss":0.0,"gold_gain":0.0,"event_name":"The Cleric","player_choice":"Healed","floor":2.0,"gold_loss":35.0,"damage_taken":0.0},{"damage_healed":0.0,"max_hp_gain":0.0,"max_hp_loss":0.0,"gold_gain":0.0,"event_name":"Lab","player_choice":"Got Potions","floor":4.0,"gold_loss":0.0,"damage_taken":0.0}],"is_beta":false,"boss_relics":[],"items_purged_floors":[],"is_endless":false,"potions_floor_spawned":[1,5,13],"killed_by":"Slime Boss","ascension_level":19}}