{"host":"7pe9xwx78c6nlay8","time":1608203497,"event":{"mods":["BaseMod","Minty Spire (QoL Compilation)"],"gold_per_floor":[115,115,115,115,115,155,173,173,200,239,314,314,350,39,39,159,159,183,93,114,16,31,31,62,80,80,93,136,136,174,193,193,193,193],"floor_reached":33,"playtime":1131,"items_purged":["Strike_P"],"score":505,"play_id":"4dc6ea01-e1a9-42b0-a8bf-cdb6e1b583e8","local_time":"20201217191137","is_ascension_mode":true,"campfire_choices":[{"data":"Perseverance","floor":8,"key":"SMITH"},{"floor":12,"key":"REST"},{"floor":15,"key":"DIG"},{"floor":23,"key":"REST"},{"floor":29,"key":"REST"},{"floor":32,"key":"REST"}],"circlet_count":0,"master_deck":["AscendersBane","Strike_P+1","Defend_P+1","Defend_P+1","Defend_P+1","Eruption+1","Vigilance+1","ReachHeaven+1","Perseverance+1","LessonLearned","WindmillStrike","JustLucky","EmptyBody","Prostrate+1","Weave+1","CutThroughFate","Weave","Prostrate+1"],"relics":["PureWater","Golden Idol","Mercury Hourglass","Centennial Puzzle","Boot","Shovel","Lee\u0027s Waffle","Orichalcum","SlaversCollar","White Beast Statue","Prayer Wheel","Red Mask","Bag of Marbles"],"acts_visited":["Exordium","TheCity"],"potions_floor_usage":[10,22,28,28,33],"damage_taken":[{"damage":7,"enemies":"Small Slimes","floor":1,"turns":3},{"damage":35,"enemies":"Lagavulin","floor":6,"turns":3},{"damage":0,"enemies":"2 Louse","floor":7,"turns":1},{"damage":0,"enemies":"Gremlin Nob","floor":10,"turns":2},{"damage":19,"enemies":"3 Sentries","floor":13,"turns":5},{"damage":37,"enemies":"The Guardian","floor":16,"turns":9},{"damage":19,"enemies":"Shell Parasite","floor":18,"turns":4},{"damage":15,"enemies":"2 Thieves","floor":20,"turns":4},{"damage":5,"enemies":"3 Cultists","floor":22,"turns":3},{"damage":18,"enemies":"Gremlin Leader","floor":24,"turns":5},{"damage":9,"enemies":"Snake Plant","floor":25,"turns":4},{"damage":3,"enemies":"Chosen and Byrds","floor":27,"turns":4},{"damage":0,"enemies":"Masked Bandits","floor":28,"turns":2},{"damage":33,"enemies":"Book of Stabbing","floor":30,"turns":7},{"damage":0,"enemies":"Cultist and Chosen","floor":31,"turns":5},{"damage":59,"enemies":"Collector","floor":33,"turns":7}],"seed_played":"3941227932204913491","potions_obtained":[{"floor":7,"key":"SkillPotion"},{"floor":13,"key":"SmokeBomb"},{"floor":16,"key":"Swift Potion"},{"floor":20,"key":"Strength Potion"},{"floor":22,"key":"Strength Potion"},{"floor":28,"key":"LiquidMemories"},{"floor":30,"key":"BottledMiracle"}],"is_trial":false,"path_per_floor":["M","?","?","?","?","E","M","R","T","E","?","R","E","$","R","B",null,"M","?","M","$","M","R","E","M","T","M","?","R","E","M","R","B"],"character_chosen":"WATCHER","items_purchased":["Lee\u0027s Waffle","WindmillStrike","JustLucky","EmptyBody"],"campfire_rested":4,"item_purchase_floors":[14,14,21,21],"current_hp_per_floor":[58,58,58,63,63,28,28,28,28,28,17,36,17,72,72,35,63,44,44,29,29,24,45,27,18,18,15,15,36,3,3,24,0,0],"gold":193,"neow_bonus":"REMOVE_TWO","is_daily":false,"chose_seed":false,"campfire_upgraded":1,"win_rate":0.0,"timestamp":1608203497,"path_taken":["M","?","?","?","?","E","?","R","T","E","?","R","E","?","R","BOSS","M","?","M","?","M","R","E","M","T","M","?","R","E","M","R","BOSS"],"items_purchased_type":["Relic","Card","Card","Card"],"build_version":"2020-12-13","purchased_purges":1,"victory":false,"max_hp_per_floor":[65,60,60,65,65,65,65,65,65,65,65,65,65,72,72,72,72,72,72,72,72,72,72,72,72,72,72,72,72,72,72,72,72,72],"card_choices":[{"not_picked":["FlurryOfBlows","Fasting2"],"picked":"ReachHeaven","floor":1},{"not_picked":["BowlingBash","Establishment","Halt"],"picked":"SKIP","floor":6},{"not_picked":["Evaluate","Protect"],"picked":"Perseverance","floor":7},{"not_picked":["Consecrate","Prostrate"],"picked":"LessonLearned","floor":10},{"not_picked":["CrushJoints","Evaluate","Collect"],"picked":"SKIP","floor":13},{"not_picked":["FollowUp+1","EmptyBody+1","SashWhip+1"],"picked":"SKIP","floor":18},{"not_picked":["BowlingBash","PathToVictory","Conclude"],"picked":"SKIP","floor":20},{"not_picked":["Crescendo","EmptyFist"],"picked":"Prostrate","floor":22},{"not_picked":["WindmillStrike","Prostrate+1"],"picked":"Weave+1","floor":24},{"not_picked":["CrushJoints","DeceiveReality","BowlingBash"],"picked":"SKIP","floor":25},{"not_picked":["DeceiveReality+1","SashWhip","FollowUp"],"picked":"SKIP","floor":27},{"not_picked":["MentalFortress","ClearTheMind","Pray"],"picked":"SKIP","floor":27},{"not_picked":["Collect","Indignation"],"picked":"CutThroughFate","floor":30},{"not_picked":["Pray","Meditate"],"picked":"Weave","floor":31},{"not_picked":["Pray","ForeignInfluence"],"picked":"Prostrate+1","floor":31}],"player_experience":1534426,"relics_obtained":[{"floor":6,"key":"Mercury Hourglass"},{"floor":9,"key":"Centennial Puzzle"},{"floor":10,"key":"Boot"},{"floor":13,"key":"Shovel"},{"floor":15,"key":"Orichalcum"},{"floor":24,"key":"White Beast Statue"},{"floor":26,"key":"Prayer Wheel"},{"floor":28,"key":"Red Mask"},{"floor":30,"key":"Bag of Marbles"}],"event_choices":[{"damage_healed":0,"gold_gain":0,"player_choice":"Lose Max HP","damage_taken":0,"relics_obtained":["Golden Idol"],"max_hp_gain":0,"max_hp_loss":5,"event_name":"Golden Idol","floor":2,"gold_loss":0},{"damage_healed":0,"gold_gain":0,"player_choice":"Grow","damage_taken":0,"max_hp_gain":0,"max_hp_loss":0,"event_name":"Living Wall","floor":3,"gold_loss":0,"cards_upgraded":["Eruption"]},{"damage_healed":0,"gold_gain":0,"player_choice":"Donut","damage_taken":0,"max_hp_gain":5,"max_hp_loss":0,"event_name":"Big Fish","floor":4,"gold_loss":0},{"damage_healed":0,"gold_gain":0,"player_choice":"Upgraded","damage_taken":0,"max_hp_gain":0,"max_hp_loss":0,"event_name":"Upgrade Shrine","floor":5,"gold_loss":0,"cards_upgraded":["ReachHeaven"]},{"damage_healed":0,"gold_gain":75,"player_choice":"Gather Gold","damage_taken":11,"max_hp_gain":0,"max_hp_loss":0,"event_name":"World of Goop","floor":11,"gold_loss":0},{"cards_removed":["Strike_P"],"damage_healed":0,"gold_gain":0,"player_choice":"Upgrade and Remove","damage_taken":0,"max_hp_gain":0,"max_hp_loss":0,"event_name":"Designer","floor":19,"gold_loss":90,"cards_upgraded":["Defend_P"]},{"damage_healed":0,"gold_gain":0,"player_choice":"Fought Bandits","damage_taken":0,"max_hp_gain":0,"max_hp_loss":0,"event_name":"Masked Bandits","floor":28,"gold_loss":0}],"is_beta":false,"boss_relics":[{"not_picked":["Tiny House","Astrolabe"],"picked":"SlaversCollar"}],"items_purged_floors":[14],"is_endless":false,"potions_floor_spawned":[7,13,16,20,22,25,27,28,30,31],"killed_by":"Collector","ascension_level":11}}