{"host":"jrmqsbok61y7b34d","time":1608241304,"event":{"mods":["BaseMod","Colored Map","Colored Powertips","Emptier Cage","Minty Spire (QoL Compilation)","Permanent Neow","Quick Restart","Relic Stats","StSLib","The Bug Knight","Unceasing Turn Reminder"],"gold_per_floor":[109,109,70,87,87,112,112,144,220,232,232,284,294,21,21,95,95,108,108,108,126,126,158,158,158],"floor_reached":24,"playtime":2528,"items_purged":["Strike_P"],"score":402,"play_id":"02a06e7a-452b-44ee-8fa0-49cf78785f93","local_time":"20201217214144","is_ascension_mode":true,"campfire_choices":[{"data":"Strike_P","floor":7.0,"key":"PURGE"},{"data":"Defend_P","floor":11.0,"key":"PURGE"},{"data":"TalkToTheHand","floor":15.0,"key":"SMITH"}],"circlet_count":0,"master_deck":["AscendersBane","Defend_P","Defend_P","Eruption","Vigilance","InnerPeace","Sanctity","Crescendo","EmptyFist","WheelKick","DeceiveReality","ConjureBlade+1","TalkToTheHand+1","TalkToTheHand","LessonLearned+1","CarveReality+1","Fasting2+1","Study+1","SignatureMove+1","TalkToTheHand+1","CutThroughFate","Bite","Bite","Bite","Bite","Bite","Consecrate"],"relics":["Coffee Dripper","Singing Bowl","GoldenEye","Peace Pipe","Smiling Mask","Ornamental Fan","DollysMirror","Astrolabe","MutagenicStrength","Regal Pillow"],"acts_visited":["Exordium","TheCity"],"potions_floor_usage":[],"damage_taken":[{"damage":2.0,"enemies":"Jaw Worm","floor":1.0,"turns":6.0},{"damage":2.0,"enemies":"Small Slimes","floor":4.0,"turns":3.0},{"damage":26.0,"enemies":"Lagavulin","floor":6.0,"turns":6.0},{"damage":16.0,"enemies":"HollowMod:MossKnight","floor":8.0,"turns":9.0},{"damage":0.0,"enemies":"2 Louse","floor":10.0,"turns":2.0},{"damage":0.0,"enemies":"Blue Slaver","floor":13.0,"turns":3.0},{"damage":6.0,"enemies":"Hexaghost","floor":16.0,"turns":8.0},{"damage":21.0,"enemies":"Spheric Guardian","floor":18.0,"turns":4.0},{"damage":2.0,"enemies":"Chosen","floor":21.0,"turns":2.0},{"damage":27.0,"enemies":"Book of Stabbing","floor":23.0,"turns":5.0},{"damage":17,"enemies":"Shelled Parasite and Fungi","floor":24,"turns":3}],"seed_played":"-7531174621366305330","potions_obtained":[{"floor":1.0,"key":"Regen Potion"},{"floor":10.0,"key":"Fire Potion"},{"floor":16.0,"key":"PowerPotion"}],"is_trial":false,"path_per_floor":["M","?","$","M","T","E","R","E","T","M","R","?","M","$","R","B",null,"M","?","?","M","?","E","M"],"character_chosen":"WATCHER","items_purchased":["Sanctity","TalkToTheHand","DollysMirror"],"campfire_rested":0,"item_purchase_floors":[3,14,14],"current_hp_per_floor":[59,47,47,45,45,34,34,18,18,18,18,18,18,18,18,12,54,33,33,33,31,31,14,0,0],"gold":158,"neow_bonus":"BOSS_RELIC","is_daily":false,"chose_seed":false,"campfire_upgraded":1,"win_rate":0.0,"timestamp":1608241304,"path_taken":["M","?","$","M","?","E","R","E","T","M","R","?","M","$","R","BOSS","M","?","?","?","?","E","M"],"items_purchased_type":["Card","Card","Relic"],"build_version":"2020-12-13","purchased_purges":1,"victory":false,"max_hp_per_floor":[68,68,68,68,68,68,68,68,68,68,68,68,68,68,68,68,68,68,68,68,68,47,47,47,47],"relic_stats":{"Peace Pipe":5,"Regal Pillow":0,"Singing Bowl":0,"counters":[11,51],"Ornamental Fan":[24],"Astrolabe":["CarveReality","Fasting2","Study"],"GoldenEye":[4],"Smiling Mask":25,"obtain_stats":[{"Peace Pipe":6,"Regal Pillow":23,"Singing Bowl":2,"Ornamental Fan":9,"DollysMirror":14,"Astrolabe":17,"MutagenicStrength":19,"Coffee Dripper":0,"PureWater":0,"GoldenEye":5,"Smiling Mask":8},{"Peace Pipe":3,"Regal Pillow":10,"Singing Bowl":1,"Ornamental Fan":4,"DollysMirror":6,"Astrolabe":7,"MutagenicStrength":8,"Coffee Dripper":0,"PureWater":0,"GoldenEye":2,"Smiling Mask":4},{"Peace Pipe":15,"Regal Pillow":48,"Singing Bowl":6,"Ornamental Fan":24,"DollysMirror":29,"Astrolabe":37,"MutagenicStrength":41,"Coffee Dripper":0,"PureWater":0,"GoldenEye":9,"Smiling Mask":24}]},"card_choices":[{"not_picked":["Halt","FollowUp"],"picked":"InnerPeace","floor":1.0},{"not_picked":["Prostrate","MentalFortress"],"picked":"Crescendo","floor":4.0},{"not_picked":["JustLucky","BowlingBash"],"picked":"EmptyFist","floor":6.0},{"not_picked":["Crescendo","Perseverance"],"picked":"WheelKick","floor":8.0},{"not_picked":["Collect","EmptyFist"],"picked":"DeceiveReality","floor":10.0},{"not_picked":["DeceiveReality","InnerPeace"],"picked":"ConjureBlade","floor":13.0},{"not_picked":["Judgement","MasterReality"],"picked":"LessonLearned","floor":16.0},{"not_picked":["Crescendo","FlyingSleeves"],"picked":"SignatureMove+1","floor":18.0},{"not_picked":["FollowUp","JustLucky"],"picked":"CutThroughFate","floor":21.0},{"not_picked":["PathToVictory","SignatureMove"],"picked":"Consecrate","floor":23.0}],"player_experience":935495,"relics_obtained":[{"floor":5.0,"key":"GoldenEye"},{"floor":6.0,"key":"Peace Pipe"},{"floor":8.0,"key":"Smiling Mask"},{"floor":9.0,"key":"Ornamental Fan"},{"floor":23.0,"key":"Regal Pillow"}],"event_choices":[{"damage_healed":0.0,"max_hp_gain":0.0,"max_hp_loss":0.0,"gold_gain":0.0,"event_name":"Scrap Ooze","player_choice":"Success","floor":2.0,"gold_loss":0.0,"damage_taken":12.0,"relics_obtained":["Singing Bowl"]},{"damage_healed":0.0,"max_hp_gain":0.0,"max_hp_loss":0.0,"gold_gain":52.0,"event_name":"Golden Wing","player_choice":"Gained Gold","floor":12.0,"gold_loss":0.0,"damage_taken":0.0},{"damage_healed":0.0,"max_hp_gain":0.0,"max_hp_loss":0.0,"gold_gain":0.0,"event_name":"Drug Dealer","player_choice":"Inject Mutagens","floor":19.0,"gold_loss":0.0,"damage_taken":0.0,"relics_obtained":["MutagenicStrength"]},{"damage_healed":0.0,"max_hp_gain":0.0,"max_hp_loss":0.0,"gold_gain":0.0,"event_name":"Duplicator","player_choice":"Copied","floor":20.0,"gold_loss":0.0,"damage_taken":0.0,"cards_obtained":["TalkToTheHand"]},{"damage_healed":0.0,"max_hp_gain":0.0,"max_hp_loss":21.0,"gold_gain":0.0,"event_name":"Vampires","player_choice":"Became a vampire","floor":22.0,"gold_loss":0.0,"damage_taken":0.0,"cards_obtained":["Bite","Bite","Bite","Bite","Bite"]}],"is_beta":false,"boss_relics":[{"not_picked":["Empty Cage","Pandora\u0027s Box"],"picked":"Astrolabe"}],"items_purged_floors":[14],"is_endless":false,"potions_floor_spawned":[1,10,16],"killed_by":"Shelled Parasite and Fungi","ascension_level":14}}