{"host":"w01zow3jg16g8jdh","time":1608205957,"event":{"mods":["AchievementEnabler","BaseMod","DeckTracker","Keyboard Shortcuts","Minty Spire (QoL Compilation)","Permanent Neow","StSLib","SuperFastMode"],"gold_per_floor":[111,111,111,111,36,36,72,72,72,86,86,106,131,154,154,247,247,262,262,262,262,262],"floor_reached":21,"playtime":401,"items_purged":[],"score":354,"play_id":"5ffbb06f-ed52-4c1b-8108-ee72eb834e55","local_time":"20201217205237","is_ascension_mode":true,"campfire_choices":[{"data":"Fusion","floor":6,"key":"SMITH"},{"data":"Dualcast","floor":11,"key":"SMITH"},{"floor":15,"key":"REST"}],"circlet_count":0,"master_deck":["AscendersBane","Strike_B","Strike_B","Defend_B","Defend_B","Defend_B","Defend_B","Zap","Dualcast+1","Fusion+1","Go for the Eyes","Capacitor","Barrage","Streamline","Capacitor","Multi-Cast","Barrage+1","Scrape"],"relics":["Runic Pyramid","Golden Idol","Blood Vial","Blue Candle","Happy Flower","Lantern","Black Star"],"acts_visited":["Exordium","TheCity"],"potions_floor_usage":[7,13,14,16,16],"damage_taken":[{"damage":1,"enemies":"Cultist","floor":1,"turns":3},{"damage":48,"enemies":"3 Sentries","floor":7,"turns":14},{"damage":0,"enemies":"Jaw Worm","floor":10,"turns":3},{"damage":7,"enemies":"2 Louse","floor":12,"turns":4},{"damage":3,"enemies":"Large Slime","floor":13,"turns":5},{"damage":0,"enemies":"2 Fungi Beasts","floor":14,"turns":2},{"damage":23,"enemies":"Slime Boss","floor":16,"turns":12},{"damage":40,"enemies":"Shell Parasite","floor":18,"turns":7}],"seed_played":"8016130040068714955","potions_obtained":[{"floor":1,"key":"Dexterity Potion"},{"floor":7,"key":"AttackPotion"},{"floor":8,"key":"SpeedPotion"},{"floor":13,"key":"AttackPotion"},{"floor":14,"key":"FearPotion"},{"floor":18,"key":"Energy Potion"}],"is_trial":false,"path_per_floor":["M","?","T","?","?","R","E","?","T","M","R","M","M","M","R","B",null,"M","?","?","$"],"character_chosen":"DEFECT","items_purchased":[],"campfire_rested":1,"item_purchase_floors":[],"current_hp_per_floor":[63,63,63,52,52,52,6,6,6,8,8,3,2,4,23,2,49,11,11,11,11,11],"gold":262,"neow_bonus":"BOSS_RELIC","is_daily":false,"chose_seed":false,"campfire_upgraded":2,"win_rate":0.0,"timestamp":1608205957,"path_taken":["M","?","?","?","?","R","E","?","T","M","R","M","?","M","R","BOSS","M","?","?","$"],"items_purchased_type":[],"build_version":"2020-12-13","purchased_purges":0,"victory":false,"max_hp_per_floor":[71,64,64,64,64,64,64,64,64,64,64,64,64,64,64,64,64,64,64,64,64,64],"card_choices":[{"not_picked":["Heatsinks","Ball Lightning"],"picked":"Fusion","floor":1},{"not_picked":["Conserve Battery","Chill"],"picked":"Go for the Eyes","floor":7},{"not_picked":["Redo","Leap"],"picked":"Capacitor","floor":10},{"not_picked":["Steam","Gash"],"picked":"Barrage","floor":12},{"not_picked":["Redo","Gash"],"picked":"Streamline","floor":13},{"not_picked":["Lockon","Gash"],"picked":"Capacitor","floor":14},{"not_picked":["Machine Learning","Amplify"],"picked":"Multi-Cast","floor":16},{"not_picked":["Beam Cell","Sweeping Beam"],"picked":"Barrage+1","floor":18}],"player_experience":288542,"relics_obtained":[{"floor":3,"key":"Blood Vial"},{"floor":7,"key":"Happy Flower"},{"floor":9,"key":"Lantern"}],"event_choices":[{"damage_healed":0,"gold_gain":0,"player_choice":"Lose Max HP","damage_taken":0,"relics_obtained":["Golden Idol"],"max_hp_gain":0,"max_hp_loss":7,"event_name":"Golden Idol","floor":2,"gold_loss":0},{"damage_healed":0,"gold_gain":0,"player_choice":"Success","damage_taken":11,"relics_obtained":["Blue Candle"],"max_hp_gain":0,"max_hp_loss":0,"event_name":"Scrap Ooze","floor":4,"gold_loss":0},{"cards_removed":["Strike_B"],"damage_healed":0,"gold_gain":0,"player_choice":"Card Removal","damage_taken":0,"max_hp_gain":0,"max_hp_loss":0,"event_name":"The Cleric","floor":5,"gold_loss":75},{"damage_healed":0,"gold_gain":0,"player_choice":"Got Potions","damage_taken":0,"max_hp_gain":0,"max_hp_loss":0,"event_name":"Lab","floor":8,"gold_loss":0},{"damage_healed":0,"gold_gain":0,"player_choice":"Ignored","damage_taken":0,"max_hp_gain":0,"max_hp_loss":0,"event_name":"Cursed Tome","floor":19,"gold_loss":0},{"damage_healed":0,"gold_gain":0,"cards_transformed":["Strike_B"],"player_choice":"Transformed","damage_taken":0,"max_hp_gain":0,"max_hp_loss":0,"event_name":"Transmorgrifier","floor":20,"gold_loss":0,"cards_obtained":["Scrape"]}],"is_beta":false,"boss_relics":[{"not_picked":["Empty Cage","Coffee Dripper"],"picked":"Black Star"}],"items_purged_floors":[],"is_endless":false,"potions_floor_spawned":[1,7,13,14,18],"ascension_level":20}}