{"host":"684z1xpuwaoqmmh1","time":1608189962,"event":{"mods":["Bard","BaseMod","Downfall","Hermit","Jorbs\u0027s Wanderer Trilogy","Marisa????????","Minty Spire (QoL Compilation)","StSLib","The Hierophant","The Mystic","The Runesmith"],"gold_per_floor":[99,118,65,83,8,22,22,51,51,76,95,95,5,25,38,142,142,67,67,67,87,118,131,211,96,96,121,478,503,515,546,575,689,701,713,743,775,787,899,941,978,657,700,637,378,394,406,454,469,469,469,495,43,43,43],"floor_reached":56,"playtime":3477,"items_purged":["Regret","champ:Strike","champ:Defend","champ:Strike"],"score":1823,"play_id":"37baaa93-1261-4a98-b00c-3daa0f58a11d","local_time":"20201217092602","is_ascension_mode":true,"campfire_choices":[{"floor":1,"key":"RECALL"},{"data":"champ:Taunt","floor":5,"key":"SMITH"},{"data":"champ:RageSigil","floor":9,"key":"SMITH"},{"data":"champ:PerfectForm","floor":18,"key":"SMITH"},{"data":"champ:Backstep","floor":20,"key":"SMITH"},{"floor":26,"key":"REST"},{"data":"champ:SteelEdge","floor":35,"key":"SMITH"},{"data":"champ:SwordThrow","floor":38,"key":"SMITH"},{"data":"champ:EnchantShield","floor":44,"key":"SMITH"},{"data":"champ:CalledShot","floor":54,"key":"SMITH"}],"circlet_count":0,"master_deck":["AscendersBane","champ:Strike+1","champ:Defend+1","champ:Defend","champ:Defend","champ:Execute+1","champ:Taunt+1","champ:EndlessRage+1","champ:Circumvent","champ:ArenaPreparation","champ:Balance","champ:AdrenalArmor","champ:RageSigil+1","champ:Encircle","champ:SwordThrow+1","champ:BerserkersShout+1","champ:SteelEdge+1","champ:CrookedStrike","champ:Backstep+1","champ:PerfectForm+1","champ:AdrenalArmor","champ:BerserkerStyle","champ:DefensiveShout+1","champ:EnchantShield+1","champ:CalledShot+1","champ:RageSigil+1","champ:EnchantShield","champ:FocusedBerserking+1","champ:FlashCut+1","champ:MurderStrike"],"relics":["champ:ChampionCrown","downfall:HeartBlessingRed","Strawberry","Mercury Hourglass","Juzu Bracelet","Philosopher\u0027s Stone","downfall:HeartBlessingGreen","Regal Pillow","Kunai","MawBank","MutagenicStrength","Busted Crown","Nunchaku","Ancient Tea Set","downfall:HeartBlessingBlue","ClockworkSouvenir","Calipers","Whetstone","Lantern"],"acts_visited":["Exordium","TheCity","TheBeyond","TheEnding"],"potions_floor_usage":[10,15,15,23,27,32,32,32,40,43,50,55,55],"damage_taken":[{"damage":10,"enemies":"Cultist","floor":2,"turns":4},{"damage":5,"enemies":"downfall:FleeingMerchant","floor":3,"turns":4},{"damage":21,"enemies":"Jaw Worm","floor":4,"turns":4},{"damage":10,"enemies":"Small Slimes","floor":6,"turns":3},{"damage":62,"enemies":"Lagavulin","floor":8,"turns":9},{"damage":29,"enemies":"Gremlin Nob","floor":10,"turns":4},{"damage":24,"enemies":"2 Fungi Beasts","floor":11,"turns":3},{"damage":35,"enemies":"downfall:FleeingMerchant","floor":13,"turns":4},{"damage":22,"enemies":"Red Slaver","floor":14,"turns":4},{"damage":23,"enemies":"Exordium Thugs","floor":15,"turns":4},{"damage":112,"enemies":"downfall:Defect","floor":16,"turns":8},{"damage":64,"enemies":"Shell Parasite","floor":21,"turns":4},{"damage":49,"enemies":"Book of Stabbing","floor":22,"turns":4},{"damage":54,"enemies":"Snake Plant","floor":23,"turns":4},{"damage":28,"enemies":"downfall:FleeingMerchant","floor":25,"turns":4},{"damage":87,"enemies":"Slavers","floor":27,"turns":4},{"damage":5,"enemies":"downfall:FleeingMerchant","floor":28,"turns":1},{"damage":61,"enemies":"Cultist and Chosen","floor":29,"turns":5},{"damage":46,"enemies":"Chosen and Byrds","floor":31,"turns":4},{"damage":42,"enemies":"Shelled Parasite and Fungi","floor":32,"turns":4},{"damage":75,"enemies":"downfall:Watcher","floor":33,"turns":5},{"damage":101,"enemies":"3 Darklings","floor":36,"turns":7},{"damage":45,"enemies":"Orb Walker","floor":37,"turns":3},{"damage":76,"enemies":"Reptomancer","floor":40,"turns":4},{"damage":80,"enemies":"Nemesis","floor":43,"turns":5},{"damage":98,"enemies":"Writhing Mass","floor":46,"turns":4},{"damage":50,"enemies":"4 Shapes","floor":47,"turns":3},{"damage":60,"enemies":"2 Orb Walkers","floor":48,"turns":3},{"damage":41,"enemies":"3 Darklings","floor":49,"turns":4},{"damage":105,"enemies":"downfall:Silent","floor":50,"turns":5},{"damage":94,"enemies":"downfall:CharBossMerchant","floor":52,"turns":4},{"damage":163,"enemies":"downfall:NeowBoss","floor":55,"turns":21}],"seed_played":"-1222392679554236815","potions_obtained":[{"floor":4,"key":"SneckoOil"},{"floor":6,"key":"Dexterity Potion"},{"floor":8,"key":"Block Potion"},{"floor":14,"key":"SneckoOil"},{"floor":15,"key":"LiquidMemories"},{"floor":21,"key":"SpeedPotion"},{"floor":27,"key":"EntropicBrew"},{"floor":29,"key":"FearPotion"},{"floor":37,"key":"AttackPotion"},{"floor":43,"key":"ColorlessPotion"},{"floor":46,"key":"Ancient Potion"}],"is_trial":false,"path_per_floor":["R","M","$","M","R","M","T","E","R","E","M","?","$","M","M","B",null,"R","?","R","M","E","M","T","$","R","E","$","M","?","M","M","B",null,"R","M","M","R","?","E","T","?","E","R","$","M","M","?","M","B",null,"E","$","R","B",null],"character_chosen":"THE_CHAMP","items_purchased":["champ:Balance","ClockworkSouvenir","champ:MurderStrike","Lantern","Guardian:BlockOnCardUsePotion"],"campfire_rested":1,"item_purchase_floors":[3,45,53,53,53],"current_hp_per_floor":[81,81,82,83,83,84,91,88,88,81,89,89,96,93,97,60,88,88,69,69,46,49,22,22,32,77,69,70,88,88,95,85,102,102,102,86,78,78,78,102,102,115,115,125,125,125,125,125,125,125,125,125,125,125,125],"gold":43,"neow_bonus":"TRANSFORM_CARD","is_daily":false,"chose_seed":false,"campfire_upgraded":8,"win_rate":0.0,"timestamp":1608189962,"path_taken":["R","M","$","?","R","M","T","E","R","E","M","?","$","M","M","BOSS","R","?","R","M","E","M","T","$","R","E","$","M","?","M","M","BOSS","R","M","M","R","?","E","T","?","E","R","$","M","M","?","M","BOSS","E","$","R","BOSS"],"items_purchased_type":["Card","Relic","Card","Relic","Potion"],"build_version":"2020-12-13","purchased_purges":4,"victory":true,"max_hp_per_floor":[90,90,90,90,90,90,97,97,97,97,97,97,97,97,97,97,97,97,102,102,102,102,102,102,102,102,102,102,102,102,102,102,102,102,102,102,102,102,102,102,102,115,115,125,125,125,125,125,125,125,125,125,125,125,125],"card_choices":[{"not_picked":["champ:ShieldSigil","champ:SwordSigil"],"picked":"champ:Circumvent","floor":2},{"not_picked":["champ:Aggression","champ:FocusedDefense"],"picked":"champ:ArenaPreparation","floor":3},{"not_picked":["champ:TornadoPunch","champ:RapidStrikes"],"picked":"champ:AdrenalArmor","floor":4},{"not_picked":["champ:EnragedBash","champ:FanOfKnives"],"picked":"champ:RageSigil","floor":6},{"not_picked":["champ:StanceDance","champ:Riposte"],"picked":"champ:Encircle","floor":8},{"not_picked":["champ:GladiatorsShout","champ:FocusedBerserking"],"picked":"champ:SwordThrow","floor":10},{"not_picked":["champ:StanceDance","champ:Duel","champ:BerserkersShout"],"picked":"SKIP","floor":11},{"not_picked":["champ:StanceDance","champ:Duel"],"picked":"champ:BerserkersShout","floor":11},{"not_picked":["champ:HeartStrike","champ:BladeFlurry"],"picked":"champ:SteelEdge","floor":13},{"not_picked":["champ:GladiatorStyle","champ:FlashCut"],"picked":"champ:CrookedStrike","floor":14},{"not_picked":["champ:GladiatorsShout","champ:FocusedGladiator"],"picked":"champ:Backstep","floor":15},{"not_picked":["champ:SteelEdge","champ:CheapShot"],"picked":"champ:PerfectForm","floor":16},{"not_picked":["champ:FlashCut+1","champ:DefensiveShout"],"picked":"champ:AdrenalArmor","floor":21},{"not_picked":["champ:DefensiveShout","champ:Balance+1","champ:FalseCounter+1"],"picked":"SKIP","floor":22},{"not_picked":["champ:CrookedStrike+1","champ:Duel","champ:Circumvent"],"picked":"SKIP","floor":23},{"not_picked":["champ:Encircle","champ:ShieldSigil+1"],"picked":"champ:BerserkerStyle","floor":25},{"not_picked":["champ:TornadoPunch","champ:StanceDance"],"picked":"champ:DefensiveShout+1","floor":27},{"not_picked":["champ:Riposte+1","champ:PerfectedStrike","champ:RisingSlash"],"picked":"SKIP","floor":28},{"not_picked":["champ:AdrenalArmor","champ:Shatter"],"picked":"champ:EnchantShield","floor":29},{"not_picked":["champ:Encircle","champ:GladiatorsShout"],"picked":"champ:CalledShot","floor":31},{"not_picked":["champ:CrookedStrike","champ:FlashCut"],"picked":"champ:RageSigil+1","floor":32},{"not_picked":["champ:Devastate","champ:LastStand"],"picked":"champ:EnchantShield","floor":33},{"not_picked":["champ:BladeFlurry+1"],"picked":"SKIP","floor":36},{"not_picked":["champ:SwordSigil+1"],"picked":"SKIP","floor":37},{"not_picked":[],"picked":"champ:FocusedBerserking+1","floor":40},{"not_picked":["champ:Circumvent+1"],"picked":"SKIP","floor":43},{"not_picked":["champ:Circumvent+1"],"picked":"SKIP","floor":46},{"not_picked":[],"picked":"champ:FlashCut+1","floor":47},{"not_picked":["champ:RecklessLeap"],"picked":"SKIP","floor":49},{"not_picked":["champ:Circumvent"],"picked":"SKIP","floor":52}],"player_experience":2345687,"relics_obtained":[{"floor":7,"key":"Strawberry"},{"floor":8,"key":"Mercury Hourglass"},{"floor":10,"key":"Juzu Bracelet"},{"floor":22,"key":"Regal Pillow"},{"floor":24,"key":"Kunai"},{"floor":27,"key":"MawBank"},{"floor":40,"key":"Nunchaku"},{"floor":43,"key":"Ancient Tea Set"},{"floor":48,"key":"Calipers"},{"floor":52,"key":"Whetstone"}],"event_choices":[{"damage_healed":0,"gold_gain":0,"player_choice":"Inject Mutagens","damage_taken":0,"relics_obtained":["MutagenicStrength"],"max_hp_gain":0,"max_hp_loss":0,"event_name":"Drug Dealer","floor":30,"gold_loss":0},{"damage_healed":0,"gold_gain":0,"player_choice":"Fight","damage_taken":0,"max_hp_gain":0,"max_hp_loss":0,"event_name":"Mysterious Sphere","floor":48,"gold_loss":0}],"is_beta":false,"boss_relics":[{"not_picked":["Runic Pyramid","sneckomod:SneckoTalon"],"picked":"Philosopher\u0027s Stone"},{"not_picked":["Velvet Choker","champ:ChampionCrownUpgraded"],"picked":"Busted Crown"}],"items_purged_floors":[13,25,45,53],"is_endless":false,"potions_floor_spawned":[4,6,8,14,15,21,27,29,31,33,37,43,46],"ascension_level":10}}