{"host":"og6lam4kt3nibbw0","time":1608197588,"event":{"mods":["AchievementEnabler","BaseMod","Colored Map","DeckTracker","Highlight Path","Keyboard Shortcuts","Minty Spire (QoL Compilation)","Permanent Neow","Quick Restart","StSLib","SuperFastMode"],"gold_per_floor":[119,135,147,160,175,175,195,206,206,206,206,206,222,250,250,329,329,344,344,152,152,166,191,191,191,191,225,225,259,284,295,295,369,369,381,381,55,71,71,71],"floor_reached":39,"playtime":2032,"items_purged":["Defend_B"],"score":886,"play_id":"752b939b-a2ff-41ee-8f4c-637575366112","local_time":"20201217183308","is_ascension_mode":true,"campfire_choices":[{"data":"Apotheosis","floor":6.0,"key":"SMITH"},{"data":"Fusion","floor":10.0,"key":"SMITH"},{"floor":12.0,"key":"REST"},{"data":"Coolheaded","floor":15.0,"key":"SMITH"},{"floor":25.0,"key":"REST"},{"floor":28.0,"key":"REST"},{"floor":32.0,"key":"REST"}],"circlet_count":0,"master_deck":["AscendersBane","Strike_B","Strike_B","Strike_B","Defend_B","Defend_B","Defend_B","Zap","Dualcast","Apotheosis+1","Self Repair","Fusion+1","Coolheaded","Hologram","Coolheaded+1","Sweeping Beam","Compile Driver","Steam Power","Creative AI","Stack+1","FTL","Static Discharge","Chill","Go for the Eyes+1","Aggregate","Undo","Hologram"],"relics":["FrozenCore","HornCleat","Tiny Chest","Fusion Hammer","PreservedInsect","Toy Ornithopter","Pocketwatch","Nunchaku","Letter Opener"],"acts_visited":["TheCity","TheBeyond"],"potions_floor_usage":[33],"damage_taken":[{"damage":0.0,"enemies":"Cultist","floor":1.0,"turns":3.0},{"damage":15.0,"enemies":"Small Slimes","floor":2.0,"turns":4.0},{"damage":3.0,"enemies":"2 Louse","floor":3.0,"turns":4.0},{"damage":12.0,"enemies":"Looter","floor":4.0,"turns":3.0},{"damage":10.0,"enemies":"Blue Slaver","floor":5.0,"turns":4.0},{"damage":5.0,"enemies":"Exordium Thugs","floor":7.0,"turns":5.0},{"damage":1.0,"enemies":"Large Slime","floor":8.0,"turns":6.0},{"damage":11.0,"enemies":"Blue Slaver","floor":11.0,"turns":4.0},{"damage":4.0,"enemies":"2 Fungi Beasts","floor":13.0,"turns":3.0},{"damage":21.0,"enemies":"Gremlin Nob","floor":14.0,"turns":4.0},{"damage":48.0,"enemies":"Slime Boss","floor":16.0,"turns":13.0},{"damage":13.0,"enemies":"Chosen","floor":18.0,"turns":6.0},{"damage":4.0,"enemies":"Shell Parasite","floor":22.0,"turns":4.0},{"damage":20.0,"enemies":"Slavers","floor":23.0,"turns":6.0},{"damage":11.0,"enemies":"Book of Stabbing","floor":27.0,"turns":5.0},{"damage":23.0,"enemies":"Slavers","floor":29.0,"turns":5.0},{"damage":0.0,"enemies":"Centurion and Healer","floor":31.0,"turns":5.0},{"damage":42,"enemies":"Automaton","floor":33,"turns":9},{"damage":33,"enemies":"Orb Walker","floor":35,"turns":7},{"damage":3,"enemies":"3 Shapes","floor":38,"turns":5},{"damage":36,"enemies":"Sphere and 2 Shapes","floor":39,"turns":3}],"seed_played":"-448607376461799300","potions_obtained":[{"floor":2.0,"key":"Block Potion"},{"floor":3.0,"key":"AttackPotion"},{"floor":4.0,"key":"GamblersBrew"},{"floor":8.0,"key":"SteroidPotion"},{"floor":16.0,"key":"Fire Potion"},{"floor":18.0,"key":"Block Potion"},{"floor":22.0,"key":"PowerPotion"},{"floor":27.0,"key":"Energy Potion"},{"floor":33,"key":"DuplicationPotion"}],"is_trial":false,"path_per_floor":["M","M","M","M","M","R","M","M","T","R","M","R","M","E","R","B",null,"M","?","$","?","M","E","?","R","T","E","R","E","T","M","R","B",null,"M","?","$","M","M"],"character_chosen":"DEFECT","items_purchased":["FTL","Static Discharge","Letter Opener","Hologram"],"campfire_rested":4,"item_purchase_floors":[20,20,37,37],"current_hp_per_floor":[64,56,60,55,55,55,57,63,63,63,62,64,60,49,49,1,48,42,42,42,42,45,35,18,38,38,34,54,41,41,48,68,41,62,29,29,29,36,0,0],"gold":71,"neow_bonus":"RANDOM_COLORLESS_2","is_daily":false,"chose_seed":false,"campfire_upgraded":3,"win_rate":0.0,"timestamp":1608197588,"path_taken":["M","?","?","M","M","R","M","M","T","R","M","R","M","E","R","BOSS","M","?","$","?","M","E","?","R","T","E","R","E","?","M","R","BOSS","M","?","$","M","M"],"items_purchased_type":["Card","Card","Relic","Card"],"build_version":"2020-12-13","purchased_purges":1,"victory":false,"max_hp_per_floor":[64,64,64,64,64,64,64,64,64,64,64,64,64,64,64,64,64,64,64,64,64,64,64,69,69,69,69,69,69,69,69,69,69,69,69,69,69,69,69,69],"card_choices":[{"not_picked":["Violence","Panache"],"picked":"Apotheosis","floor":0.0},{"not_picked":["Ball Lightning","Conserve Battery"],"picked":"Self Repair","floor":1.0},{"not_picked":["Static Discharge","Gash"],"picked":"Fusion","floor":2.0},{"not_picked":["Melter","Sweeping Beam"],"picked":"Coolheaded","floor":3.0},{"not_picked":["Conserve Battery","Steam"],"picked":"Hologram","floor":4.0},{"not_picked":["Buffer","Glacier"],"picked":"Coolheaded","floor":5.0},{"not_picked":["Steam Power","Barrage"],"picked":"Sweeping Beam","floor":7.0},{"not_picked":["Beam Cell","Conserve Battery"],"picked":"Compile Driver","floor":8.0},{"not_picked":["Streamline","Go for the Eyes","Compile Driver"],"picked":"SKIP","floor":11.0},{"not_picked":["Consume","Scrape","Ball Lightning"],"picked":"SKIP","floor":13.0},{"not_picked":["Reprogram","Fusion"],"picked":"Steam Power","floor":14.0},{"not_picked":["Amplify","Reboot"],"picked":"Creative AI","floor":16.0},{"not_picked":["Barrage","Turbo"],"picked":"Stack+1","floor":18.0},{"not_picked":["Recycle","BootSequence"],"picked":"Chill","floor":22.0},{"not_picked":["Sweeping Beam","Melter"],"picked":"Go for the Eyes+1","floor":23.0},{"not_picked":["Reprogram","Cold Snap"],"picked":"Aggregate","floor":27.0},{"not_picked":["Glacier","Blizzard"],"picked":"Undo","floor":29.0},{"not_picked":["BootSequence","Recycle","Streamline"],"picked":"SKIP","floor":31.0},{"not_picked":["Ball Lightning","Consume","Rip and Tear"],"picked":"SKIP","floor":35},{"not_picked":["Rebound","Conserve Battery","Coolheaded"],"picked":"SKIP","floor":38}],"player_experience":785311,"relics_obtained":[{"floor":9.0,"key":"HornCleat"},{"floor":14.0,"key":"Tiny Chest"},{"floor":23.0,"key":"PreservedInsect"},{"floor":27.0,"key":"Toy Ornithopter"},{"floor":29.0,"key":"Pocketwatch"},{"floor":30.0,"key":"Nunchaku"}],"event_choices":[{"cards_removed":["Strike_B"],"damage_healed":0.0,"max_hp_gain":0.0,"max_hp_loss":0.0,"gold_gain":0.0,"event_name":"Back to Basics","player_choice":"Elegance","floor":19.0,"gold_loss":0.0,"damage_taken":0.0},{"damage_healed":0.0,"max_hp_gain":0.0,"max_hp_loss":0.0,"gold_gain":0.0,"event_name":"Vampires","player_choice":"Ignored","floor":21.0,"gold_loss":0.0,"damage_taken":0.0},{"damage_healed":0.0,"max_hp_gain":5.0,"max_hp_loss":0.0,"gold_gain":0.0,"event_name":"Forgotten Altar","player_choice":"Shed Blood","floor":24.0,"gold_loss":0.0,"damage_taken":22.0},{"damage_healed":0,"gold_gain":0,"player_choice":"Memory 1","damage_taken":0,"max_hp_gain":0,"max_hp_loss":0,"event_name":"SensoryStone","floor":36,"gold_loss":0}],"is_beta":false,"boss_relics":[{"not_picked":["Astrolabe","Black Star"],"picked":"Fusion Hammer"},{"not_picked":["Sozu","Cursed Key"],"picked":"FrozenCore"}],"items_purged_floors":[20],"is_endless":false,"potions_floor_spawned":[2,3,4,8,11,16,18,22,27,33],"killed_by":"Sphere and 2 Shapes","ascension_level":20}}