{"host":"75dm291x99j0clh1","time":1608235581,"event":{"mods":["BaseMod","Friendly Minions","Lobotomy","Marisa£¨Ùöéë¡¡Øª×âÞÞ£©","Minty Spire (QoL Compilation)","StSLib"],"gold_per_floor":[115,115,135,135,100,100,134,134,134,134,144,144,144,164,164,164,164],"floor_reached":16,"playtime":561,"items_purged":[],"score":98,"play_id":"0bc9adbe-af44-4a66-bb85-e81b23eb22cc","local_time":"20201218050621","is_ascension_mode":false,"campfire_choices":[{"floor":6,"key":"DIG"},{"floor":8,"key":"REST"},{"floor":13,"key":"DIG"},{"data":"EnergyFlow","floor":15,"key":"SMITH"}],"circlet_count":0,"master_deck":["Strike_MRS","Strike_MRS","Strike_MRS+1","Strike_MRS","Defend_MRS+1","Defend_MRS","Defend_MRS+1","Defend_MRS","MasterSpark","UpSweep","BlackSwan","WallGazer","EnergyFlow+1","Scorched","Regret","HappyTeddy","SporeBomb+1","HeroicMonk"],"relics":["MiniHakkero","CogitoBucket","Shovel","Nunchaku","Regal Pillow","CaptainsWheel","HornCleat","War Paint","Strawberry"],"acts_visited":["Exordium"],"potions_floor_usage":[7,16],"damage_taken":[{"damage":7,"enemies":"Small Slimes","floor":1,"turns":3},{"damage":6,"enemies":"Cultist","floor":3,"turns":3},{"damage":35,"enemies":"3 Sentries","floor":7,"turns":7},{"damage":10,"enemies":"2 Louse","floor":11,"turns":2},{"damage":7,"enemies":"Large Slime","floor":14,"turns":5},{"damage":72,"enemies":"Slime Boss","floor":16,"turns":6}],"seed_played":"-3433209121100954073","potions_obtained":[{"floor":3,"key":"Fire Potion"},{"floor":14,"key":"SpeedPotion"}],"is_trial":false,"path_per_floor":["M","?","M","?","?","R","E","R","T","?","M","?","R","M","R","B"],"character_chosen":"MARISA","items_purchased":[],"campfire_rested":1,"item_purchase_floors":[],"current_hp_per_floor":[68,68,62,47,65,65,30,67,67,67,57,57,64,57,57,0,0],"gold":164,"neow_bonus":"","is_daily":false,"chose_seed":false,"campfire_upgraded":1,"win_rate":0.0,"timestamp":1608235581,"path_taken":["M","?","?","?","?","R","E","R","T","?","M","?","R","M","R","BOSS"],"items_purchased_type":[],"build_version":"2020-12-13","purchased_purges":0,"victory":false,"max_hp_per_floor":[75,75,75,75,75,75,75,75,75,75,75,75,82,82,82,82,82],"card_choices":[{"not_picked":["SpiderBud","MHz"],"picked":"BlackSwan","floor":1},{"not_picked":["BlazeAway","Acceleration"],"picked":"MilkyWay","floor":1},{"not_picked":["BeautyBeast","Scorched"],"picked":"WallGazer","floor":3},{"not_picked":["UnstableBomb","OneTimeOff"],"picked":"EnergyFlow","floor":3},{"not_picked":["Wellcheers","PunishingBird","ShyLook"],"picked":"Singing Bowl","floor":7},{"not_picked":["OSAHOGD","BigBadWolf"],"picked":"Scorched","floor":7},{"not_picked":["ShootingEcho","SuperPerseids","GravityBeat"],"picked":"SKIP","floor":7},{"not_picked":["Wellcheers","BigBird","MHz"],"picked":"Singing Bowl","floor":11},{"not_picked":["Woodsman","UniverseFragment"],"picked":"HappyTeddy","floor":11},{"not_picked":["GalacticHalo","GasGiant"],"picked":"SporeBomb","floor":11},{"not_picked":["QueenBee","Variant"],"picked":"HeroicMonk","floor":14},{"not_picked":["ChargeUpSpray","MilkyWay","OneTimeOff"],"picked":"SKIP","floor":14},{"not_picked":["ChargeUpSpray","MilkyWay","OneTimeOff"],"picked":"SKIP","floor":14}],"player_experience":572898,"relics_obtained":[{"floor":6,"key":"Nunchaku"},{"floor":7,"key":"Regal Pillow"},{"floor":9,"key":"CaptainsWheel"},{"floor":13,"key":"Strawberry"}],"event_choices":[{"cards_removed":["MilkyWay"],"damage_healed":0,"gold_gain":0,"player_choice":"Gave Card","damage_taken":0,"relics_obtained":["Shovel"],"max_hp_gain":0,"max_hp_loss":0,"event_name":"WeMeetAgain","floor":2,"gold_loss":0},{"damage_healed":0,"gold_gain":0,"player_choice":"Entered Light","damage_taken":15,"max_hp_gain":0,"max_hp_loss":0,"event_name":"Shining Light","floor":4,"gold_loss":0,"cards_upgraded":["Strike_MRS","Defend_MRS"]},{"damage_healed":18,"gold_gain":0,"player_choice":"Healed","damage_taken":0,"max_hp_gain":0,"max_hp_loss":0,"event_name":"The Cleric","floor":5,"gold_loss":35},{"damage_healed":0,"gold_gain":0,"player_choice":"Box","damage_taken":0,"relics_obtained":["HornCleat"],"max_hp_gain":0,"max_hp_loss":0,"event_name":"Big Fish","floor":10,"gold_loss":0,"cards_obtained":["Regret"]},{"damage_healed":0,"gold_gain":0,"player_choice":"Searched \u00271\u0027 times","damage_taken":0,"relics_obtained":["War Paint"],"max_hp_gain":0,"max_hp_loss":0,"event_name":"Dead Adventurer","floor":12,"gold_loss":0}],"is_beta":false,"boss_relics":[],"items_purged_floors":[],"is_endless":false,"potions_floor_spawned":[3,14],"killed_by":"Slime Boss","ascension_level":0}}