{"host":"hj54bcoh2isxm8b7","time":1608248365,"event":{"mods":["AchievementEnabler","BaseMod","BetterRewards","Card Forge","Custom Start","GifTheSpireLib","Mimic Mod","Minty Spire (QoL Compilation)","Practice Mode","Replay The Spire","Spicy Shops","StSLib","The Alterego","Waifu the Spire","Yuri Mod","slay the spire mod where everything is the same but ironclad has a cowboy hat"],"gold_per_floor":[209,209,484,496,513,513,540,540,566,586,586,536,536,547,547,650,650,662,676,676,676,775,800,812,812,812,844,856,884,884,900,900,1004,1004,1022,1072,1072,916,928,956,956,956,980,655,655,655,674,674,674,674,674,674,531,563,563],"floor_reached":56,"playtime":2788,"items_purged":[],"score":1706,"play_id":"ff908c09-e948-4de2-bce8-d789215e9ff6","local_time":"20201217183925","is_ascension_mode":false,"campfire_choices":[{"data":"Catalyst","floor":6,"key":"SMITH"},{"data":"Poisoned Stab","floor":8,"key":"SMITH"},{"data":"Night Terror","floor":11,"key":"SMITH"},{"floor":15,"key":"REST"},{"floor":25,"key":"REST"},{"floor":30,"key":"REST"},{"floor":32,"key":"RECALL"},{"data":"Strike_G+1","floor":41,"key":"SMITH"},{"data":"Strike_G+2","floor":46,"key":"SMITH"},{"data":"Sadistic Nature","floor":49,"key":"SMITH"},{"data":"Defend_G+1","floor":52,"key":"SMITH"}],"circlet_count":0,"master_deck":["Strike_G+3","Strike_G+1","Strike_G+1","Defend_G+2","Defend_G+1","Defend_G+1","Survivor+1","Neutralize+1","Poisoned Stab+1","Bane+1","Sneak Up+1","Outmaneuver+1","Deadly Poison+1","Catalyst+1","Well Laid Plans+1","ReplayTheSpireMod:From All Sides+1","Atom Bomb+1","CurseOfTheBell","Escape Plan+1","Burst+1","Replay:Bag of Tricks+1","Noxious Fumes+1","Corpse Explosion+1","Cloak And Dagger+1","Bullet Time+1","Sadistic Nature+1","Envenom+1"],"relics":["Hammer of Thor","Seething Fire","Anvil of the Gods","Replay:Wanted Poster","Pen Nib","Simple Rune","Calling Bell","Juzu Bracelet","Gremlin Horn","Thread and Needle","Mercury Hourglass","Pear","Replay:Ringing Soul","Replay:Mystery Machine","BranchBurnRelic","Runic Pyramid","Lizard Tail","ReplayTheSpireMod:CursedCoin","Blue Doll","Medical Kit","Bottled Tornado","OrangePellets","Chemical X","Vajra","Divine Protection"],"acts_visited":["Exordium","TheCity","TheBeyond","TheEnding"],"potions_floor_usage":[16,16,27,39,50,54],"damage_taken":[{"damage":5,"enemies":"2 Louse","floor":1,"turns":5},{"damage":0,"enemies":"Cultist","floor":4,"turns":2},{"damage":0,"enemies":"Small Slimes","floor":5,"turns":3},{"damage":36,"enemies":"Lagavulin","floor":7,"turns":6},{"damage":13,"enemies":"2 Fungi Beasts","floor":10,"turns":4},{"damage":3,"enemies":"Large Slime","floor":14,"turns":3},{"damage":22,"enemies":"The Guardian","floor":16,"turns":9},{"damage":7,"enemies":"Spheric Guardian","floor":18,"turns":4},{"damage":0,"enemies":"Chosen","floor":19,"turns":3},{"damage":29,"enemies":"Slavers","floor":23,"turns":4},{"damage":29,"enemies":"Sentry and Sphere","floor":24,"turns":6},{"damage":0,"enemies":"Book of Stabbing","floor":27,"turns":1},{"damage":16,"enemies":"Shelled Parasite and Fungi","floor":28,"turns":4},{"damage":12,"enemies":"Slavers","floor":29,"turns":3},{"damage":0,"enemies":"Snake Plant","floor":31,"turns":3},{"damage":58,"enemies":"Pondfish","floor":33,"turns":10},{"damage":0,"enemies":"3 Shapes","floor":35,"turns":4},{"damage":0,"enemies":"Mind Bloom Boss Battle","floor":36,"turns":5},{"damage":9,"enemies":"Orb Walker","floor":39,"turns":3},{"damage":13,"enemies":"R_Hoarder","floor":40,"turns":6},{"damage":0,"enemies":"Maw","floor":47,"turns":4},{"damage":46,"enemies":"Time Eater","floor":50,"turns":6},{"damage":65,"enemies":"Shield and Spear","floor":54,"turns":4},{"damage":68,"enemies":"The Heart","floor":55,"turns":5}],"seed_played":"-6685815089335087282","potions_obtained":[{"floor":1,"key":"Explosive Potion"},{"floor":4,"key":"BlessingOfTheForge"},{"floor":14,"key":"AttackPotion"},{"floor":19,"key":"SteroidPotion"},{"floor":27,"key":"AttackPotion"},{"floor":31,"key":"SkillPotion"},{"floor":33,"key":"LifebloodPotion"}],"is_trial":false,"path_per_floor":["M","?","?","M","M","R","E","R","T","M","R","?","?","M","R","B",null,"M","M","?","$","?","E","M","R","T","E","M","E","R","M","R","B",null,"M","?","?","$","M","E","R","?","T","$","$","R","M","?","R","B",null,"R","$","E","B",null],"character_chosen":"THE_SILENT","items_purchased":["ReplayTheSpireMod:CursedCoin","Blue Doll","Medical Kit","Bullet Time+1","OrangePellets","Chemical X","Vajra"],"campfire_rested":3,"item_purchase_floors":[38,38,38,44,44,44,53],"current_hp_per_floor":[65,65,65,65,65,65,29,29,29,16,16,16,16,13,34,12,70,63,63,63,63,63,44,15,39,39,42,26,17,42,54,54,14,92,92,95,95,98,89,76,76,76,76,79,79,79,93,96,96,65,107,107,107,47,32],"gold":563,"neow_bonus":"BOSS_RELIC","is_daily":false,"chose_seed":false,"campfire_upgraded":7,"win_rate":0.0,"timestamp":1608248365,"path_taken":["M","?","?","M","M","R","E","R","T","?","R","?","?","M","R","BOSS","M","M","?","$","?","E","M","R","T","E","M","E","R","M","R","BOSS","M","?","?","$","M","E","R","?","T","?","$","R","M","?","R","BOSS","R","$","E","BOSS"],"items_purchased_type":["Relic","Relic","Relic","Card","Relic","Relic","Relic"],"build_version":"2020-12-13","purchased_purges":0,"victory":true,"max_hp_per_floor":[70,70,70,70,70,70,70,70,70,70,70,70,70,70,70,70,70,70,70,70,70,70,80,80,80,80,83,83,86,86,89,89,92,92,92,95,95,98,98,98,98,98,98,101,101,101,101,104,104,104,107,107,107,107,107],"card_choices":[{"not_picked":["Sneak Up","Reflex"],"picked":"Poisoned Stab","floor":1},{"not_picked":["ReplayTheSpireMod:Tripwire","Backflip"],"picked":"Catalyst","floor":4},{"not_picked":["Hidden Blade","Deadly Poison"],"picked":"Dagger Spray","floor":5},{"not_picked":["Deadly Poison","Flechettes"],"picked":"Well Laid Plans","floor":7},{"not_picked":["PiercingWail","Quick Slash"],"picked":"Night Terror","floor":10},{"not_picked":["ReplayTheSpireMod:Exploit Weakness","Blur"],"picked":"PiercingWail","floor":14},{"not_picked":["A Thousand Cuts","Die Die Die"],"picked":"Atom Bomb","floor":16},{"not_picked":["Slice","Prepared+1"],"picked":"Leg Sweep","floor":18},{"not_picked":["Finisher","PiercingWail"],"picked":"Escape Plan+1","floor":19},{"not_picked":["Backflip","Night Terror"],"picked":"Burst","floor":23},{"not_picked":["ReplayTheSpireMod:Exploit Weakness+1","Expertise","Outmaneuver"],"picked":"SKIP","floor":24},{"not_picked":["Eviscerate","Flying Knee"],"picked":"Hidden Blade","floor":27},{"not_picked":["Flying Knee","Backflip","Dagger Spray"],"picked":"SKIP","floor":28},{"not_picked":["Flying Knee","After Image"],"picked":"Replay:Bag of Tricks","floor":29},{"not_picked":["Cloak And Dagger+1","Dodge and Roll"],"picked":"Noxious Fumes+1","floor":31},{"not_picked":["Night Terror","Tools of the Trade"],"picked":"Corpse Explosion","floor":33},{"not_picked":["Finisher","Bane","Hidden Blade+1"],"picked":"SKIP","floor":35},{"not_picked":["Sucker Punch","Dodge and Roll"],"picked":"Cloak And Dagger+1","floor":36},{"not_picked":["Cloak And Dagger","Dagger Throw","Dodge and Roll"],"picked":"SKIP","floor":39},{"not_picked":["Dagger Throw","Cloak And Dagger+1","Choke"],"picked":"SKIP","floor":40},{"not_picked":["Infinite Blades","Underhanded Strike","ReplayTheSpireMod:Scrap Shanks"],"picked":"SKIP","floor":47},{"not_picked":["Discovery","Replay:BasicMightCard"],"picked":"Sadistic Nature","floor":48},{"not_picked":["ReplayTheSpireMod:The Works+1","Endless Agony","Blade Dance"],"picked":"SKIP","floor":54}],"player_experience":283774,"relics_obtained":[{"floor":7,"key":"Pen Nib"},{"floor":9,"key":"Simple Rune"},{"floor":17,"key":"Juzu Bracelet"},{"floor":17,"key":"Gremlin Horn"},{"floor":17,"key":"Thread and Needle"},{"floor":23,"key":"Pear"},{"floor":26,"key":"Replay:Ringing Soul"},{"floor":27,"key":"Dead Branch"},{"floor":29,"key":"Replay:Mystery Machine"},{"floor":36,"key":"Lizard Tail"},{"floor":40,"key":"Bottled Tornado"},{"floor":54,"key":"Divine Protection"}],"event_choices":[{"damage_healed":0,"gold_gain":275,"player_choice":"Desecrate","damage_taken":0,"max_hp_gain":0,"max_hp_loss":0,"event_name":"Golden Shrine","floor":3,"gold_loss":0,"cards_obtained":["Regret"]},{"cards_removed":["Strike_G"],"damage_healed":0,"gold_gain":0,"player_choice":"Card Removal","damage_taken":0,"max_hp_gain":0,"max_hp_loss":0,"event_name":"The Cleric","floor":12,"gold_loss":50},{"damage_healed":0,"gold_gain":0,"player_choice":"Stole Relic","damage_taken":0,"relics_obtained":["Mercury Hourglass"],"max_hp_gain":0,"max_hp_loss":0,"event_name":"Addict","floor":20,"gold_loss":0,"cards_obtained":["Shame"]},{"damage_healed":0,"gold_gain":99,"player_choice":"Stole From Cult","damage_taken":0,"max_hp_gain":0,"max_hp_loss":0,"event_name":"Nest","floor":22,"gold_loss":0},{"damage_healed":0,"gold_gain":0,"player_choice":"Fight","damage_taken":0,"max_hp_gain":0,"max_hp_loss":0,"event_name":"MindBloom","floor":36,"gold_loss":0},{"cards_removed":["Bane"],"damage_healed":0,"gold_gain":0,"player_choice":"Removed Attack","damage_taken":0,"max_hp_gain":0,"max_hp_loss":0,"event_name":"Falling","floor":37,"gold_loss":0},{"damage_healed":0,"gold_gain":0,"player_choice":"Ignored","damage_taken":0,"max_hp_gain":0,"max_hp_loss":0,"event_name":"Tomb of Lord Red Mask","floor":42,"gold_loss":0},{"damage_healed":0,"gold_gain":0,"player_choice":"Memory 1","damage_taken":0,"max_hp_gain":0,"max_hp_loss":0,"event_name":"SensoryStone","floor":48,"gold_loss":0}],"is_beta":false,"boss_relics":[{"not_picked":["SacredBark","Snecko Scales"],"picked":"Calling Bell"},{"not_picked":["Empty Cage","Tiny House"],"picked":"Runic Pyramid"}],"items_purged_floors":[],"is_endless":false,"potions_floor_spawned":[1,4,14,19,27,31,33,35,36],"ascension_level":0}}