{"host":"daa8jqyg4gqfaysm","time":1608213725,"event":{"mods":["BaseMod","Colored Powertips","Minty Spire (QoL Compilation)","StSLib"],"gold_per_floor":[115,126,51,66,77,110,110,125,125,159,170,16,31,31,31,103,103,123,138,138,153,153,153],"floor_reached":22,"playtime":722,"items_purged":["Normality","Strike_B"],"score":350,"play_id":"adc282f8-50fd-4313-aed6-5be6fc26bb59","local_time":"20201217220205","is_ascension_mode":true,"campfire_choices":[{"floor":7,"key":"REST"},{"data":"Capacitor","floor":15,"key":"SMITH"}],"circlet_count":0,"master_deck":["AscendersBane","Strike_B","Strike_B","Strike_B","Defend_B","Defend_B","Defend_B","Defend_B","Zap","Dualcast","Conserve Battery","Barrage","Ball Lightning","BootSequence","Capacitor+1","Cold Snap","Chill","Sweeping Beam","Sunder","Thunder Strike","Coolheaded","Conserve Battery","Seek"],"relics":["Cracked Core","Emotion Chip","TungstenRod","Gremlin Horn","Sozu"],"acts_visited":["Exordium","TheCity"],"potions_floor_usage":[6,16],"damage_taken":[{"damage":12,"enemies":"Small Slimes","floor":1,"turns":3},{"damage":1,"enemies":"Cultist","floor":2,"turns":3},{"damage":0,"enemies":"Jaw Worm","floor":4,"turns":4},{"damage":11,"enemies":"Looter","floor":5,"turns":2},{"damage":26,"enemies":"Gremlin Nob","floor":6,"turns":4},{"damage":3,"enemies":"Exordium Thugs","floor":8,"turns":4},{"damage":11,"enemies":"3 Sentries","floor":10,"turns":6},{"damage":0,"enemies":"Blue Slaver","floor":11,"turns":2},{"damage":2,"enemies":"Exordium Wildlife","floor":13,"turns":4},{"damage":21,"enemies":"Slime Boss","floor":16,"turns":7},{"damage":9,"enemies":"2 Thieves","floor":18,"turns":4},{"damage":0,"enemies":"Chosen","floor":19,"turns":4},{"damage":24,"enemies":"Centurion and Healer","floor":21,"turns":11},{"damage":0,"enemies":"Shelled Parasite and Fungi","floor":22,"turns":1}],"seed_played":"440777462532215126","potions_obtained":[{"floor":1,"key":"SneckoOil"},{"floor":4,"key":"Swift Potion"},{"floor":13,"key":"Weak Potion"},{"floor":16,"key":"Regen Potion"}],"is_trial":false,"path_per_floor":["M","M","$","M","M","E","R","M","T","E","M","$","M","?","R","B",null,"M","M","?","M","M"],"character_chosen":"DEFECT","items_purchased":["Sweeping Beam"],"campfire_rested":1,"item_purchase_floors":[12],"current_hp_per_floor":[52,51,51,51,40,14,35,32,32,21,21,21,19,71,71,50,66,57,57,57,33,33,33],"gold":153,"neow_bonus":"ONE_RARE_RELIC","is_daily":false,"chose_seed":false,"campfire_upgraded":1,"win_rate":0.0,"timestamp":1608213725,"path_taken":["M","M","$","M","M","E","R","M","T","E","M","$","M","?","R","BOSS","M","?","?","M","?"],"items_purchased_type":["Card"],"build_version":"2020-12-13","purchased_purges":2,"victory":false,"max_hp_per_floor":[71,71,71,71,71,71,71,71,71,71,71,71,71,71,71,71,71,71,71,71,71,71,71],"card_choices":[{"not_picked":["Streamline","Force Field"],"picked":"Conserve Battery","floor":1},{"not_picked":["Steam","Coolheaded"],"picked":"Barrage","floor":2},{"not_picked":["Conserve Battery","Sunder"],"picked":"Ball Lightning","floor":4},{"not_picked":["Fission","Ball Lightning"],"picked":"BootSequence","floor":5},{"not_picked":["Ball Lightning","Self Repair"],"picked":"Capacitor","floor":6},{"not_picked":["Sweeping Beam","Rebound"],"picked":"Cold Snap","floor":8},{"not_picked":["Steam","Beam Cell","Conserve Battery"],"picked":"SKIP","floor":10},{"not_picked":["Cold Snap","Streamline"],"picked":"Chill","floor":11},{"not_picked":["Rebound","Ball Lightning"],"picked":"Sunder","floor":13},{"not_picked":["Machine Learning","Meteor Strike"],"picked":"Thunder Strike","floor":16},{"not_picked":["Storm","Go for the Eyes"],"picked":"Coolheaded","floor":18},{"not_picked":["Redo+1","Streamline","Conserve Battery"],"picked":"SKIP","floor":19},{"not_picked":["Redo+1","Gash","White Noise"],"picked":"SKIP","floor":21}],"player_experience":692330,"relics_obtained":[{"floor":6,"key":"TungstenRod"},{"floor":10,"key":"Gremlin Horn"}],"event_choices":[{"damage_healed":52,"gold_gain":0,"player_choice":"Full Heal","damage_taken":0,"max_hp_gain":0,"max_hp_loss":0,"event_name":"Wheel of Change","floor":14,"gold_loss":0},{"damage_healed":0,"gold_gain":0,"player_choice":"2 cards matched","damage_taken":0,"max_hp_gain":0,"max_hp_loss":0,"event_name":"Match and Keep!","floor":20,"gold_loss":0,"cards_obtained":["Conserve Battery","Seek"]}],"is_beta":false,"boss_relics":[{"not_picked":["Empty Cage","FrozenCore"],"picked":"Sozu"}],"items_purged_floors":[3,12],"is_endless":false,"potions_floor_spawned":[1,4,13,16,21],"killed_by":"Shelled Parasite and Fungi","ascension_level":15}}