{"host":"8rwnpls8n88jrgbg","time":1608203022,"event":{"mods":["AchievementEnabler","BaseMod","Colored Map","Colored Powertips","DeckTracker","Keyboard Shortcuts","Minty Spire (QoL Compilation)","Relic Stats","StSLib","SuperFastMode"],"gold_per_floor":[109,122,138,138,138,158,158,183,66,66,66,124,124,143,218,218,292,292,305,305,32,32,52,81,107,107,153,164,193,213,88,102,102,181,181,201,201,37,37,54,83,83,113,113,123,149,167,167,182,182,182,182,182],"floor_reached":52,"playtime":5128,"items_purged":["Strike_G","Strike_G","Strike_G"],"score":1510,"play_id":"29acb187-1689-48b3-87e7-3290e2ac1b6b","local_time":"20201217200342","is_ascension_mode":true,"campfire_choices":[{"data":"Skewer","floor":7.0,"key":"SMITH"},{"data":"Trip","floor":11.0,"key":"SMITH"},{"data":"Footwork","floor":13.0,"key":"SMITH"},{"floor":16.0,"key":"REST"},{"data":"Bullet Time","floor":26.0,"key":"SMITH"},{"data":"Catalyst","floor":33,"key":"SMITH"},{"data":"Bouncing Flask","floor":42,"key":"SMITH"},{"floor":50,"key":"RECALL"}],"circlet_count":0,"master_deck":["AscendersBane","Strike_G","Defend_G","Defend_G+1","Defend_G+1","Defend_G","Defend_G","Survivor","Neutralize","Trip+1","Skewer+1","Dagger Throw","Underhanded Strike","Escape Plan","Blade Dance","Footwork+1","Adrenaline","Calculated Gamble","Bullet Time+1","Acrobatics+1","Bouncing Flask+1","Venomology","Catalyst+1","Dash+1","Tools of the Trade","Riddle With Holes+1"],"relics":["Ring of the Snake","Anchor","Boot","Meat on the Bone","Runic Pyramid","Orrery","Tiny Chest","Toy Ornithopter","Omamori","Molten Egg 2","SacredBark","Pear","Potion Belt","Bag of Marbles","Regal Pillow","War Paint"],"acts_visited":["Exordium","TheCity","TheBeyond"],"potions_floor_usage":[28,32,34,34,41,41,43,43,43,46,46,51,51,51],"damage_taken":[{"damage":2.0,"enemies":"Jaw Worm","floor":1.0,"turns":5.0},{"damage":7.0,"enemies":"Small Slimes","floor":2.0,"turns":3.0},{"damage":1.0,"enemies":"2 Louse","floor":3.0,"turns":3.0},{"damage":2.0,"enemies":"Red Slaver","floor":6.0,"turns":3.0},{"damage":22.0,"enemies":"Lagavulin","floor":8.0,"turns":5.0},{"damage":14.0,"enemies":"Gremlin Nob","floor":12.0,"turns":3.0},{"damage":0.0,"enemies":"Exordium Thugs","floor":14.0,"turns":3.0},{"damage":26.0,"enemies":"Slime Boss","floor":17.0,"turns":9.0},{"damage":0.0,"enemies":"3 Byrds","floor":19.0,"turns":4.0},{"damage":0.0,"enemies":"Spheric Guardian","floor":23.0,"turns":3.0},{"damage":13.0,"enemies":"Book of Stabbing","floor":24.0,"turns":6.0},{"damage":2,"enemies":"Cultist and Chosen","floor":28,"turns":5},{"damage":0,"enemies":"Gremlin Leader","floor":29,"turns":8},{"damage":2,"enemies":"Centurion and Healer","floor":30,"turns":4},{"damage":0,"enemies":"Snake Plant","floor":32,"turns":4},{"damage":44,"enemies":"Automaton","floor":34,"turns":10},{"damage":5,"enemies":"Orb Walker","floor":36,"turns":4},{"damage":1,"enemies":"3 Shapes","floor":40,"turns":6},{"damage":27,"enemies":"Nemesis","floor":41,"turns":9},{"damage":11,"enemies":"Reptomancer","floor":43,"turns":5},{"damage":13,"enemies":"Sphere and 2 Shapes","floor":45,"turns":5},{"damage":37,"enemies":"Nemesis","floor":46,"turns":7},{"damage":4,"enemies":"Writhing Mass","floor":47,"turns":4},{"damage":6,"enemies":"Jaw Worm Horde","floor":49,"turns":4},{"damage":86,"enemies":"Donu and Deca","floor":51,"turns":15},{"damage":0,"enemies":"Awakened One","floor":52,"turns":1}],"seed_played":"5204701197277460948","potions_obtained":[{"floor":2.0,"key":"Poison Potion"},{"floor":3.0,"key":"ColorlessPotion"},{"floor":12.0,"key":"Fire Potion"},{"floor":23.0,"key":"Ancient Potion"},{"floor":28,"key":"Energy Potion"},{"floor":34,"key":"DuplicationPotion"},{"floor":40,"key":"ColorlessPotion"},{"floor":41,"key":"ColorlessPotion"},{"floor":45,"key":"LiquidBronze"},{"floor":48,"key":"Dexterity Potion"}],"is_trial":false,"path_per_floor":["M","M","M","M","?","M","R","E","$","T","R","?","R","M","?","R","B",null,"M","?","$","?","M","E","T","R","T","M","E","M","$","M","R","B",null,"M","T","$","$","M","E","R","E","T","M","E","M","?","M","R","B","B"],"character_chosen":"THE_SILENT","items_purchased":["Footwork","Orrery","Potion Belt"],"campfire_rested":1,"item_purchase_floors":[9,21,38],"current_hp_per_floor":[57,50,49,49,54,52,52,30,30,30,30,16,16,28,17,38,24,59,59,59,59,59,59,46,46,46,46,49,49,47,47,52,52,30,61,56,66,66,66,65,48,48,52,52,51,36,44,44,50,50,40,40,40],"gold":182,"neow_bonus":"RANDOM_COLORLESS","is_daily":false,"chose_seed":false,"campfire_upgraded":6,"win_rate":0.0,"timestamp":1608203022,"path_taken":["M","M","M","M","?","M","R","E","$","T","R","?","R","M","?","R","BOSS","M","?","$","?","?","E","?","R","T","?","E","M","?","M","R","BOSS","M","?","?","$","M","E","R","E","T","M","E","M","?","?","R","BOSS","BOSS"],"items_purchased_type":["Card","Relic","Relic"],"build_version":"2020-12-13","purchased_purges":3,"victory":false,"max_hp_per_floor":[66,66,66,66,71,71,71,71,71,71,71,71,71,71,71,71,71,71,71,71,71,71,71,71,71,71,71,71,71,71,71,71,71,71,71,71,81,81,81,81,81,81,81,81,81,81,81,81,81,81,81,81,81],"relic_stats":{"Regal Pillow":0,"counters":[26,138],"Tiny Chest":1,"War Paint":["Defend_G","Defend_G"],"Boot":[189],"obtain_stats":[{"Potion Belt":38,"Regal Pillow":43,"Pear":37,"SacredBark":35,"Omamori":27,"War Paint":46,"Boot":10,"Anchor":8,"Orrery":21,"Tiny Chest":24,"Molten Egg 2":29,"Bag of Marbles":41,"Toy Ornithopter":25,"Ring of the Snake":0,"Meat on the Bone":12,"Runic Pyramid":18},{"Potion Belt":17,"Regal Pillow":20,"Pear":17,"SacredBark":16,"Omamori":11,"War Paint":22,"Boot":5,"Anchor":5,"Orrery":9,"Tiny Chest":11,"Molten Egg 2":13,"Bag of Marbles":19,"Toy Ornithopter":11,"Ring of the Snake":0,"Meat on the Bone":6,"Runic Pyramid":8},{"Potion Belt":82,"Regal Pillow":102,"Pear":82,"SacredBark":78,"Omamori":47,"War Paint":114,"Boot":19,"Anchor":19,"Orrery":38,"Tiny Chest":47,"Molten Egg 2":60,"Bag of Marbles":97,"Toy Ornithopter":47,"Ring of the Snake":0,"Meat on the Bone":22,"Runic Pyramid":34}],"Toy Ornithopter":70,"Ring of the Snake":[52],"Meat on the Bone":96},"card_choices":[{"not_picked":["Finesse","Impatience"],"picked":"Trip","floor":0.0},{"not_picked":["Poisoned Stab","Concentrate"],"picked":"Skewer","floor":1.0},{"not_picked":["Blade Dance","Deadly Poison"],"picked":"Dagger Throw","floor":2.0},{"not_picked":["Concentrate","Quick Slash"],"picked":"Underhanded Strike","floor":3.0},{"not_picked":["Dagger Throw","Deflect"],"picked":"Escape Plan","floor":6.0},{"not_picked":["Outmaneuver","Quick Slash"],"picked":"Blade Dance","floor":8.0},{"not_picked":["Flying Knee","Outmaneuver","Bouncing Flask"],"picked":"SKIP","floor":14.0},{"not_picked":["A Thousand Cuts","Die Die Die"],"picked":"Adrenaline","floor":17.0},{"not_picked":["Backflip","Deflect"],"picked":"Calculated Gamble","floor":19.0},{"not_picked":["Quick Slash","Noxious Fumes"],"picked":"Bullet Time","floor":21.0},{"not_picked":["Deadly Poison+1","Deflect"],"picked":"Acrobatics+1","floor":21.0},{"not_picked":["Blade Dance","Flying Knee","PiercingWail"],"picked":"SKIP","floor":23.0},{"not_picked":["Bane","Terror","Escape Plan"],"picked":"SKIP","floor":24.0},{"not_picked":["Acrobatics","Blade Dance"],"picked":"Bouncing Flask","floor":28},{"not_picked":["Outmaneuver","Dagger Spray+1"],"picked":"Venomology","floor":29},{"not_picked":["Well Laid Plans","Backflip"],"picked":"Catalyst","floor":30},{"not_picked":["Dodge and Roll+1","Quick Slash+1"],"picked":"Dash+1","floor":32},{"not_picked":["Storm of Steel","Doppelganger"],"picked":"Tools of the Trade","floor":34},{"not_picked":["Dagger Throw+1","PiercingWail","Underhanded Strike+1"],"picked":"SKIP","floor":36},{"not_picked":["Deadly Poison+1","Outmaneuver","Masterful Stab+1"],"picked":"SKIP","floor":40},{"not_picked":["Underhanded Strike+1","Slice+1","Flying Knee+1"],"picked":"SKIP","floor":41},{"not_picked":["Prepared","Dagger Throw+1","Backflip"],"picked":"SKIP","floor":43},{"not_picked":["Underhanded Strike+1","Setup+1"],"picked":"Riddle With Holes+1","floor":45},{"not_picked":["Venomology","Flying Knee+1","PiercingWail"],"picked":"SKIP","floor":46},{"not_picked":["Skewer+1","Dagger Spray+1","Slice+1"],"picked":"SKIP","floor":47},{"not_picked":["Sucker Punch+1","Deflect","Blade Dance"],"picked":"SKIP","floor":49}],"player_experience":1449680,"relics_obtained":[{"floor":8.0,"key":"Anchor"},{"floor":10.0,"key":"Boot"},{"floor":12.0,"key":"Meat on the Bone"},{"floor":24.0,"key":"Tiny Chest"},{"floor":25.0,"key":"Toy Ornithopter"},{"floor":27.0,"key":"Omamori"},{"floor":29,"key":"Molten Egg 2"},{"floor":37,"key":"Pear"},{"floor":41,"key":"Bag of Marbles"},{"floor":43,"key":"Regal Pillow"},{"floor":46,"key":"War Paint"}],"event_choices":[{"damage_healed":0.0,"max_hp_gain":5.0,"max_hp_loss":0.0,"gold_gain":0.0,"event_name":"Big Fish","player_choice":"Donut","floor":5.0,"gold_loss":0.0,"damage_taken":0.0},{"damage_healed":0.0,"max_hp_gain":0.0,"max_hp_loss":0.0,"gold_gain":30.0,"event_name":"Dead Adventurer","player_choice":"Searched \u00273\u0027 times","floor":12.0,"gold_loss":0.0,"damage_taken":0.0},{"damage_healed":0.0,"max_hp_gain":0.0,"max_hp_loss":0.0,"gold_gain":75.0,"event_name":"World of Goop","player_choice":"Gather Gold","floor":15.0,"gold_loss":0.0,"damage_taken":11.0},{"damage_healed":0.0,"max_hp_gain":0.0,"max_hp_loss":0.0,"gold_gain":0.0,"event_name":"Ghosts","player_choice":"Ignored","floor":20.0,"gold_loss":0.0,"damage_taken":0.0},{"cards_removed":["Strike_G"],"damage_healed":0.0,"max_hp_gain":0.0,"max_hp_loss":0.0,"gold_gain":0.0,"event_name":"Bonfire Elementals","player_choice":"Offered Basic","floor":22.0,"gold_loss":0.0,"damage_taken":0.0},{"damage_healed":0,"gold_gain":0,"player_choice":"Got Potions","damage_taken":0,"max_hp_gain":0,"max_hp_loss":0,"event_name":"Lab","floor":48,"gold_loss":0}],"is_beta":false,"boss_relics":[{"not_picked":["Snecko Eye","WristBlade"],"picked":"Runic Pyramid"},{"not_picked":["SlaversCollar","Fusion Hammer"],"picked":"SacredBark"}],"items_purged_floors":[9,21,31],"is_endless":false,"potions_floor_spawned":[2,3,12,23,28,30,34,40,41,45],"killed_by":"Awakened One","ascension_level":20}}