{"host":"9r4xop0yxveozoj0","time":1608248567,"event":{"mods":["BaseMod","Colored Map","Colored Powertips","Hubris","Infinite Spire","Minty Spire (QoL Compilation)","Permanent Neow","Replay The Spire","StSLib","The Blue Laboratory"],"gold_per_floor":[116,127,52,52,62,89,89,100,100,100,100,100,118,136,136,233,233,253,263,44,74,86,86,119,119,119,219,283,283,302,312,312,457,457,501,572,572,619,673,673,895,969,969,969,1043,844,894,496,496,496,496],"floor_reached":50,"playtime":6353,"items_purged":["ReplayTheSpireMod:Splinters","Double Tap+1","Combust"],"score":664,"play_id":"175a92bc-d2ef-483d-a41f-3f9017222a20","local_time":"20201217184247","is_ascension_mode":false,"campfire_choices":[{"data":"Armaments","floor":7.0,"key":"SMITH"},{"data":"Flame Barrier","floor":12.0,"key":"SMITH"},{"floor":15.0,"key":"REST"},{"data":"Barricade","floor":23,"key":"SMITH"},{"floor":25,"key":"REST"},{"floor":29,"key":"REST"},{"data":"Metallicize","floor":32,"key":"SMITH"},{"data":"Replay:Parry","floor":40,"key":"SMITH"},{"floor":47,"key":"REST"},{"floor":49,"key":"RECALL"}],"circlet_count":0,"master_deck":["Strike_R","Strike_R","Strike_R","Strike_R","Strike_R","Defend_R","Defend_R","Defend_R","Bash","Juggernaut","Armaments+1","Metallicize+1","Juggernaut","Flame Barrier+1","Barricade+1","Entrench","Metallicize","Juggernaut","Iron Wave+1","Juggernaut","Replay:Parry+1","infinitespire:Starlight+1","Metallicize"],"relics":["Burning Blood","Omamori","infinitespire:Lychee Nut","Ooze Armor","Red Mask","Replay:Bottled Snecko","hubris:MobiusCoin","infinitespire:EvilPickle","Sozu","Pantograph","Gambling Chip","ReplayTheSpireMod:SealedPack","HandDrill","Paper Frog"],"acts_visited":["Exordium","TheCity","TheBeyond"],"potions_floor_usage":[21,21,21,28,33],"damage_taken":[{"damage":0.0,"enemies":"2 Louse","floor":1.0,"turns":4.0},{"damage":8.0,"enemies":"Jaw Worm","floor":2.0,"turns":5.0},{"damage":0.0,"enemies":"Small Slimes","floor":5.0,"turns":3.0},{"damage":5.0,"enemies":"Lagavulin","floor":6.0,"turns":6.0},{"damage":12.0,"enemies":"3 Louse","floor":8.0,"turns":4.0},{"damage":11.0,"enemies":"Large Slime","floor":13.0,"turns":5.0},{"damage":28.0,"enemies":"Gremlin Gang","floor":14.0,"turns":5.0},{"damage":42.0,"enemies":"Slime Boss","floor":16.0,"turns":12.0},{"damage":2.0,"enemies":"Chosen","floor":18.0,"turns":5.0},{"damage":2,"enemies":"Spheric Guardian","floor":19,"turns":5},{"damage":27,"enemies":"Masked Bandits","floor":21,"turns":3},{"damage":9,"enemies":"Snake Plant","floor":22,"turns":4},{"damage":22,"enemies":"Slavers","floor":24,"turns":5},{"damage":30,"enemies":"Cultist and Chosen","floor":28,"turns":5},{"damage":2,"enemies":"Centurion and Healer","floor":30,"turns":9},{"damage":9,"enemies":"Snake Plant","floor":31,"turns":4},{"damage":32,"enemies":"Pondfish","floor":33,"turns":13},{"damage":17,"enemies":"3 Darklings","floor":35,"turns":6},{"damage":8,"enemies":"Orb Walker","floor":38,"turns":4},{"damage":30,"enemies":"3 Darklings","floor":39,"turns":5},{"damage":20,"enemies":"Spire Growth","floor":42,"turns":5},{"damage":24,"enemies":"Writhing Mass","floor":45,"turns":4},{"damage":78,"enemies":"Donu and Deca","floor":50,"turns":8}],"seed_played":"8512034921491137226","potions_obtained":[{"floor":2.0,"key":"EntropicBrew"},{"floor":6.0,"key":"SteroidPotion"},{"floor":16.0,"key":"ColorlessPotion"},{"floor":19,"key":"blueLaboratory:FrostheartPotion"},{"floor":24,"key":"blueLaboratory:FruitPunch"},{"floor":31,"key":"PowerPotion"}],"is_trial":false,"path_per_floor":["M","M","$","?","M","E","R","M","T","?","?","R","M","M","R","B",null,"M","M","$","?","M","R","E","R","T","?","M","R","M","M","R","B",null,"M","T","AVR","M","M","R","?","M","T","?","M","$","R","$","R","B"],"character_chosen":"IRONCLAD","items_purchased":["Entrench","ColorlessPotion","Metallicize","HandDrill","Paper Frog"],"campfire_rested":4,"item_purchase_floors":[20,20,46,48,48],"current_hp_per_floor":[80,78,78,78,80,80,80,74,60,60,60,60,58,41,59,24,60,60,60,60,44,47,47,37,55,55,55,39,57,62,62,62,39,62,54,54,54,58,50,50,50,42,42,42,45,45,62,62,62,0,0],"gold":496,"neow_bonus":"THREE_RARE_CARDS","is_daily":false,"chose_seed":false,"campfire_upgraded":5,"win_rate":0.0,"timestamp":1608248567,"path_taken":["M","M","$","?","M","E","R","M","T","?","?","R","M","M","R","BOSS","M","M","$","?","M","R","E","R","T","?","M","R","?","M","R","BOSS","M","?","AVR","M","M","R","?","?","T","?","?","$","R","?","R","BOSS"],"items_purchased_type":["Card","Potion","Card","Relic","Relic"],"build_version":"2020-12-13","purchased_purges":3,"victory":false,"max_hp_per_floor":[80,80,80,80,80,80,80,80,60,60,60,60,60,60,60,60,60,60,60,60,60,60,60,60,60,60,60,62,62,62,62,62,62,62,62,62,62,62,62,62,62,62,62,62,62,62,62,62,62,62,62],"card_choices":[{"not_picked":["Feed","Hemogenesis"],"picked":"Juggernaut","floor":0.0},{"not_picked":["Wild Strike","ReplayTheSpireMod:Strike From Hell","Clothesline"],"picked":"SKIP","floor":1.0},{"not_picked":["Searing Blow","Evolve"],"picked":"Armaments","floor":2.0},{"not_picked":["hubris:ReadiedAction","Wild Strike"],"picked":"Metallicize","floor":5.0},{"not_picked":["Bloodletting","Run Through"],"picked":"Juggernaut","floor":6.0},{"not_picked":["Heavy Blade","Rampage","Thunderclap"],"picked":"SKIP","floor":8.0},{"not_picked":["Heavy Blade","Rampage","Thunderclap"],"picked":"SKIP","floor":8.0},{"not_picked":["Replay:Undeath\u0027s Touch","True Grit","Pummel"],"picked":"SKIP","floor":13.0},{"not_picked":["Uppercut","Dark Embrace","Anger"],"picked":"SKIP","floor":14.0},{"not_picked":["Fiend Fire","Demon Form"],"picked":"Barricade","floor":16.0},{"not_picked":["Burning Pact","Clash"],"picked":"Combust","floor":18},{"not_picked":["Burning Pact","Reckless Charge","Pommel Strike"],"picked":"SKIP","floor":19},{"not_picked":["Massacre","Havoc","Clash+1"],"picked":"SKIP","floor":22},{"not_picked":["Power Through","Demonic Infusion","Run Through+1"],"picked":"SKIP","floor":24},{"not_picked":["Evolve","True Grit+1"],"picked":"Metallicize","floor":28},{"not_picked":["Anger+1","Sword Boomerang","Cleave"],"picked":"SKIP","floor":30},{"not_picked":["True Grit","hubris:ReadiedAction+1","Clash+1"],"picked":"SKIP","floor":31},{"not_picked":["Immolate","Eclipse"],"picked":"Juggernaut","floor":33},{"not_picked":["ReplayTheSpireMod:Corrosion Curse+1","True Grit+1"],"picked":"Iron Wave+1","floor":35},{"not_picked":["Exhume","Demon Form"],"picked":"Juggernaut","floor":37},{"not_picked":["Dramatic Entrance","Forethought"],"picked":"Replay:Parry","floor":37},{"not_picked":["ReplayTheSpireMod:Haul","infinitespire:DeathsTouch"],"picked":"infinitespire:Starlight","floor":37},{"not_picked":["Barricade","Anger","Wild Strike+1"],"picked":"SKIP","floor":38},{"not_picked":["Havoc+1","Clash+1","Shrug It Off"],"picked":"SKIP","floor":39},{"not_picked":["Havoc+1","Clash+1","Shrug It Off"],"picked":"SKIP","floor":39},{"not_picked":["Havoc+1","Clash+1","Shrug It Off"],"picked":"SKIP","floor":39},{"not_picked":["Battle Trance","Shrug It Off","ReplayTheSpireMod:Strike From Hell+1"],"picked":"SKIP","floor":42},{"not_picked":["Thunderclap+1","Hemokinesis+1","Battle Trance+1"],"picked":"SKIP","floor":45}],"player_experience":142398,"relics_obtained":[{"floor":6.0,"key":"Omamori"},{"floor":9.0,"key":"infinitespire:Lychee Nut"},{"floor":21,"key":"Red Mask"},{"floor":24,"key":"Replay:Bottled Snecko"},{"floor":26,"key":"hubris:MobiusCoin"},{"floor":36,"key":"Pantograph"}],"event_choices":[{"damage_healed":0,"gold_gain":0,"player_choice":"Fought Bandits","damage_taken":0,"max_hp_gain":0,"max_hp_loss":0,"event_name":"Masked Bandits","floor":21,"gold_loss":0},{"damage_healed":0,"gold_gain":100,"player_choice":"Pray","damage_taken":0,"max_hp_gain":0,"max_hp_loss":0,"event_name":"Golden Shrine","floor":27,"gold_loss":0},{"damage_healed":0,"gold_gain":222,"player_choice":"Wore Mask","damage_taken":0,"max_hp_gain":0,"max_hp_loss":0,"event_name":"Tomb of Lord Red Mask","floor":41,"gold_loss":0},{"damage_healed":0,"gold_gain":0,"player_choice":"Forge","damage_taken":0,"max_hp_gain":0,"max_hp_loss":0,"event_name":"Accursed Blacksmith","floor":44,"gold_loss":0,"cards_upgraded":["infinitespire:Starlight"]}],"is_beta":false,"boss_relics":[{"not_picked":["Astrolabe","hubris:GrandSneckoEye"],"picked":"Ooze Armor"},{"not_picked":["Runic Cube","Replay:Bronze Core"],"picked":"Sozu"}],"items_purged_floors":[3,20,46],"is_endless":false,"potions_floor_spawned":[2,6,8,16,19,21,24,30,31,39,45],"killed_by":"Donu and Deca","ascension_level":0}}