{"host":"ci7ivtocgfxh0ueo","time":1608180249,"event":{"mods":["BaseMod","GifTheSpireLib","Minty Spire (QoL Compilation)","StSLib"],"gold_per_floor":[109,123,141,141,161,188,205,205,205],"floor_reached":8,"playtime":200,"items_purged":[],"score":111,"play_id":"813bb1b0-97fb-4d0a-9582-79a7c18875fe","local_time":"20201217124409","is_ascension_mode":true,"campfire_choices":[],"circlet_count":0,"master_deck":["AscendersBane","Strike_G","Strike_G","Strike_G","Strike_G","Strike_G","Defend_G","Defend_G","Defend_G","Defend_G","Defend_G","Survivor","Neutralize","Eviscerate","Poisoned Stab","After Image","A Thousand Cuts"],"relics":["Ring of the Snake","NeowsBlessing","Singing Bowl"],"acts_visited":["Exordium"],"potions_floor_usage":[5,6],"damage_taken":[{"damage":0,"enemies":"Cultist","floor":1,"turns":1},{"damage":0,"enemies":"Small Slimes","floor":2,"turns":1},{"damage":0,"enemies":"2 Louse","floor":3,"turns":1},{"damage":11,"enemies":"Lots of Slimes","floor":5,"turns":6},{"damage":45,"enemies":"Gremlin Nob","floor":6,"turns":5},{"damage":0,"enemies":"2 Fungi Beasts","floor":7,"turns":5},{"damage":5,"enemies":"3 Sentries","floor":8,"turns":1}],"seed_played":"-3854365120482345035","potions_obtained":[{"floor":3,"key":"AttackPotion"},{"floor":5,"key":"Strength Potion"}],"is_trial":false,"path_per_floor":["M","M","M","?","M","E","M","E"],"character_chosen":"THE_SILENT","items_purchased":[],"campfire_rested":0,"item_purchase_floors":[],"current_hp_per_floor":[59,59,59,59,48,5,5,0,0],"gold":205,"neow_bonus":"THREE_ENEMY_KILL","is_daily":false,"chose_seed":false,"campfire_upgraded":0,"win_rate":0.0,"timestamp":1608180249,"path_taken":["M","M","?","?","M","E","M","E"],"items_purchased_type":[],"build_version":"2020-12-13","purchased_purges":0,"victory":false,"max_hp_per_floor":[66,66,66,66,66,68,68,68,68],"card_choices":[{"not_picked":["Bane","Poisoned Stab"],"picked":"Eviscerate","floor":1},{"not_picked":["Dagger Throw","Blur"],"picked":"Poisoned Stab","floor":2},{"not_picked":["Bane","Slice","Underhanded Strike"],"picked":"SKIP","floor":3},{"not_picked":["Endless Agony","Outmaneuver","Acrobatics"],"picked":"SKIP","floor":5},{"not_picked":["Blur","Accuracy","Blade Dance"],"picked":"Singing Bowl","floor":6},{"not_picked":["Dagger Throw","Escape Plan"],"picked":"A Thousand Cuts","floor":7}],"player_experience":1263233,"relics_obtained":[{"floor":6,"key":"Singing Bowl"}],"event_choices":[{"damage_healed":0,"gold_gain":0,"player_choice":"1 cards matched","damage_taken":0,"max_hp_gain":0,"max_hp_loss":0,"event_name":"Match and Keep!","floor":4,"gold_loss":0,"cards_obtained":["After Image"]}],"is_beta":false,"boss_relics":[],"items_purged_floors":[],"is_endless":false,"potions_floor_spawned":[3,5],"killed_by":"3 Sentries","ascension_level":17}}