{"host":"q5vpntglr38zhb0c","time":1608185089,"event":{"mods":["BaseMod","Colored Map","DeckTracker","Keyboard Shortcuts","Minty Spire (QoL Compilation)","Permanent Neow","StSLib","SuperFastMode","everything is the same but u backflip on backflip"],"gold_per_floor":[112,125,139,139,157,157,190,190,214,96,115,135,135,135,135,210,210,226,245,245,257,157,191,201,201,201,201,201,218,93,106,106,106,106],"floor_reached":33,"playtime":875,"items_purged":["Strike_P","Strike_P","Strike_P"],"score":638,"play_id":"62a450f7-bc23-4adb-875c-d2ac6faef5aa","local_time":"20201217150449","is_ascension_mode":true,"campfire_choices":[{"data":"ForeignInfluence","floor":6.0,"key":"SMITH"},{"data":"CrushJoints","floor":13.0,"key":"SMITH"},{"data":"BowlingBash","floor":15.0,"key":"SMITH"},{"data":"Study","floor":25.0,"key":"SMITH"},{"floor":28.0,"key":"REST"},{"floor":32,"key":"REST"}],"circlet_count":0,"master_deck":["AscendersBane","Strike_P+1","Defend_P","Defend_P","Defend_P","Defend_P+1","Eruption+1","Vigilance","BowlingBash+1","ForeignInfluence+1","CrushJoints+1","FearNoEvil","DeusExMachina","Wallop","RitualDagger","Study+1","Tantrum"],"relics":["PureWater","Ornamental Fan","HornCleat","VioletLotus","Letter Opener"],"acts_visited":["Exordium","TheCity"],"potions_floor_usage":[31],"damage_taken":[{"damage":2.0,"enemies":"Small Slimes","floor":1.0,"turns":4.0},{"damage":0.0,"enemies":"Jaw Worm","floor":2.0,"turns":3.0},{"damage":4.0,"enemies":"Cultist","floor":3.0,"turns":4.0},{"damage":5.0,"enemies":"Exordium Wildlife","floor":5.0,"turns":5.0},{"damage":16.0,"enemies":"Gremlin Nob","floor":7.0,"turns":3.0},{"damage":0.0,"enemies":"Large Slime","floor":11.0,"turns":2.0},{"damage":12.0,"enemies":"Looter","floor":12.0,"turns":5.0},{"damage":0.0,"enemies":"Slime Boss","floor":16.0,"turns":5.0},{"damage":14.0,"enemies":"Chosen","floor":18.0,"turns":5.0},{"damage":0.0,"enemies":"Shell Parasite","floor":19.0,"turns":1.0},{"damage":0.0,"enemies":"Centurion and Healer","floor":21.0,"turns":5.0},{"damage":3.0,"enemies":"Gremlin Leader","floor":23.0,"turns":4.0},{"damage":4.0,"enemies":"Snake Plant","floor":24.0,"turns":4.0},{"damage":24.0,"enemies":"Snecko","floor":29.0,"turns":5.0},{"damage":9,"enemies":"Shelled Parasite and Fungi","floor":31,"turns":3},{"damage":28,"enemies":"Automaton","floor":33,"turns":4}],"seed_played":"-4434548923543239931","potions_obtained":[{"floor":2.0,"key":"EntropicBrew"},{"floor":5.0,"key":"Energy Potion"},{"floor":19.0,"key":"Swift Potion"},{"floor":24.0,"key":"DuplicationPotion"},{"floor":29.0,"key":"Weak Potion"},{"floor":31,"key":"FearPotion"}],"is_trial":false,"path_per_floor":["M","M","M","?","M","R","E","T","T","$","M","M","R","?","R","B",null,"M","M","?","M","$","E","M","R","T","?","R","M","$","M","R","B"],"character_chosen":"WATCHER","items_purchased":["FearNoEvil"],"campfire_rested":2,"item_purchase_floors":[10],"current_hp_per_floor":[59,59,55,35,30,30,14,14,14,14,14,2,2,2,2,2,52,38,38,32,32,32,29,25,25,25,15,35,11,11,2,22,0,0],"gold":106,"neow_bonus":"UPGRADE_CARD","is_daily":false,"chose_seed":false,"campfire_upgraded":4,"win_rate":0.0,"timestamp":1608185089,"path_taken":["M","M","M","?","M","R","E","?","T","$","?","M","R","?","R","BOSS","M","M","?","M","$","E","M","R","T","?","R","?","$","M","R","BOSS"],"items_purchased_type":["Card"],"build_version":"2020-12-13","purchased_purges":3,"victory":false,"max_hp_per_floor":[68,68,68,68,68,68,68,68,68,68,68,68,68,68,68,68,68,68,68,68,68,68,68,68,68,68,68,68,68,68,68,68,68,68],"card_choices":[{"not_picked":["FollowUp","EmptyBody"],"picked":"BowlingBash","floor":1.0},{"not_picked":["JustLucky","Crescendo","Protect"],"picked":"SKIP","floor":2.0},{"not_picked":["FlurryOfBlows","Conclude"],"picked":"ForeignInfluence","floor":3.0},{"not_picked":["Swivel","Protect"],"picked":"CrushJoints","floor":5.0},{"not_picked":["EmptyMind","PathToVictory","FollowUp"],"picked":"SKIP","floor":7.0},{"not_picked":["ClearTheMind","JustLucky","Consecrate"],"picked":"SKIP","floor":11.0},{"not_picked":["SandsOfTime","FlurryOfBlows","Study"],"picked":"SKIP","floor":12.0},{"not_picked":["DevaForm","MasterReality"],"picked":"DeusExMachina","floor":16.0},{"not_picked":["PathToVictory","Prostrate","Protect"],"picked":"SKIP","floor":18.0},{"not_picked":["EmptyBody","ThirdEye"],"picked":"Wallop","floor":19.0},{"not_picked":["Indignation","ClearTheMind","EmptyBody"],"picked":"SKIP","floor":21.0},{"not_picked":["ThirdEye","Indignation","PathToVictory"],"picked":"SKIP","floor":23.0},{"not_picked":["DeceiveReality","Swivel"],"picked":"Study","floor":24.0},{"not_picked":["Prostrate","Evaluate","SignatureMove+1"],"picked":"SKIP","floor":29.0},{"not_picked":["ClearTheMind","BowlingBash"],"picked":"Tantrum","floor":31}],"player_experience":1301805,"relics_obtained":[{"floor":7.0,"key":"Ornamental Fan"},{"floor":8.0,"key":"HornCleat"},{"floor":23.0,"key":"Letter Opener"}],"event_choices":[{"damage_healed":0.0,"max_hp_gain":0.0,"max_hp_loss":0.0,"gold_gain":0.0,"event_name":"Shining Light","player_choice":"Entered Light","floor":4.0,"gold_loss":0.0,"damage_taken":20.0,"cards_upgraded":["Strike_P","Defend_P"]},{"damage_healed":0.0,"max_hp_gain":0.0,"max_hp_loss":0.0,"gold_gain":0.0,"event_name":"Scrap Ooze","player_choice":"Fled","floor":14.0,"gold_loss":0.0,"damage_taken":0.0},{"damage_healed":0.0,"max_hp_gain":0.0,"max_hp_loss":0.0,"gold_gain":0.0,"event_name":"Nest","player_choice":"Joined the Cult","floor":20.0,"gold_loss":0.0,"damage_taken":6.0,"cards_obtained":["RitualDagger"]},{"damage_healed":0.0,"max_hp_gain":0.0,"max_hp_loss":0.0,"gold_gain":0.0,"event_name":"Wheel of Change","player_choice":"Damaged","floor":27.0,"gold_loss":0.0,"damage_taken":10.0}],"is_beta":false,"boss_relics":[{"not_picked":["Ectoplasm","SlaversCollar"],"picked":"VioletLotus"}],"items_purged_floors":[10,22,30],"is_endless":false,"potions_floor_spawned":[2,5,12,16,19,24,29,31],"killed_by":"Automaton","ascension_level":20}}