{"host":"atc9njsbcy6dgluf","time":1608228172,"event":{"mods":["BaseMod","Jorbs\u0027s Wanderer Trilogy","Minty Spire (QoL Compilation)","StSLib"],"gold_per_floor":[109,123,135,147,147,159,184,184,184,259,269,369,383,401,401,406,406],"floor_reached":16,"playtime":2467,"items_purged":[],"score":106,"play_id":"1db50be5-dcea-42b6-8dc8-d6c611d490a0","local_time":"20201217190252","is_ascension_mode":false,"campfire_choices":[{"floor":8.0,"key":"REST"},{"floor":15.0,"key":"REST"}],"circlet_count":0,"master_deck":["stsjorbsmod:ForbiddenGrimoire+1","stsjorbsmod:Strike_Wanderer","stsjorbsmod:Strike_Wanderer","stsjorbsmod:Strike_Wanderer","stsjorbsmod:Strike_Wanderer","stsjorbsmod:Defend_Wanderer+1","stsjorbsmod:Defend_Wanderer","stsjorbsmod:Defend_Wanderer","stsjorbsmod:Defend_Wanderer","stsjorbsmod:FreshAdventure","stsjorbsmod:EyeOfTheStorm","stsjorbsmod:TrueStrike","stsjorbsmod:AnimateObjects+1","stsjorbsmod:Mending","stsjorbsmod:RefuseToForget+1","stsjorbsmod:ScorchingRay","stsjorbsmod:MagicMirror","stsjorbsmod:OldPocket","stsjorbsmod:Inferno"],"relics":["stsjorbsmod:GrimoireRelic","Bag of Marbles","Unceasing Top"],"acts_visited":["Exordium"],"potions_floor_usage":[16],"damage_taken":[{"damage":6.0,"enemies":"2 Louse","floor":1.0,"turns":3.0},{"damage":9.0,"enemies":"Jaw Worm","floor":2.0,"turns":3.0},{"damage":5.0,"enemies":"Small Slimes","floor":3.0,"turns":3.0},{"damage":2.0,"enemies":"Exordium Thugs","floor":4.0,"turns":4.0},{"damage":4.0,"enemies":"Gremlin Gang","floor":6.0,"turns":5.0},{"damage":25.0,"enemies":"3 Sentries","floor":7.0,"turns":7.0},{"damage":6.0,"enemies":"Exordium Wildlife","floor":11.0,"turns":4.0},{"damage":14.0,"enemies":"3 Louse","floor":13.0,"turns":3.0},{"damage":12.0,"enemies":"Exordium Thugs","floor":14.0,"turns":6.0},{"damage":38,"enemies":"Slime Boss","floor":16,"turns":7}],"seed_played":"-3506708680437180560","potions_obtained":[{"floor":1.0,"key":"stsjorbsmod:BurningPotion"},{"floor":4.0,"key":"LiquidBronze"},{"floor":7.0,"key":"Dexterity Potion"},{"floor":11.0,"key":"DuplicationPotion"},{"floor":13.0,"key":"SkillPotion"}],"is_trial":false,"path_per_floor":["M","M","M","M","?","M","E","R","T","?","M","?","M","M","R","B"],"character_chosen":"WANDERER","items_purchased":[],"campfire_rested":2,"item_purchase_floors":[],"current_hp_per_floor":[69,61,59,61,46,46,27,51,51,40,35,35,22,13,37,0,0],"gold":406,"neow_bonus":"TEN_PERCENT_HP_BONUS","is_daily":false,"chose_seed":false,"campfire_upgraded":0,"win_rate":0.0,"timestamp":1608228172,"path_taken":["M","M","M","M","?","M","E","R","T","?","M","?","M","M","R","BOSS"],"items_purchased_type":[],"build_version":"2020-11-30","purchased_purges":0,"victory":false,"max_hp_per_floor":[74,74,76,76,76,76,80,80,80,80,80,80,80,80,80,80,80],"card_choices":[{"not_picked":["stsjorbsmod:LoseGrip","stsjorbsmod:Inferno"],"picked":"stsjorbsmod:TrueStrike","floor":1.0},{"not_picked":["stsjorbsmod:Materialize","stsjorbsmod:Will"],"picked":"stsjorbsmod:AnimateObjects","floor":2.0},{"not_picked":["stsjorbsmod:BurningFlask","stsjorbsmod:Rest"],"picked":"stsjorbsmod:Mending","floor":3.0},{"not_picked":["stsjorbsmod:ChatteringStrike","stsjorbsmod:TrueStrike"],"picked":"stsjorbsmod:RefuseToForget","floor":4.0},{"not_picked":["stsjorbsmod:DisguiseSelf","stsjorbsmod:WeightOfMemory"],"picked":"stsjorbsmod:ScorchingRay","floor":6.0},{"not_picked":["stsjorbsmod:MageArmor","stsjorbsmod:Will"],"picked":"stsjorbsmod:MagicMirror","floor":7.0},{"not_picked":["stsjorbsmod:PurgeMind","stsjorbsmod:Index","stsjorbsmod:Introspection"],"picked":"SKIP","floor":11.0},{"not_picked":["stsjorbsmod:Will","stsjorbsmod:ColorSpray"],"picked":"stsjorbsmod:OldPocket","floor":13.0},{"not_picked":["stsjorbsmod:WanderingMind","stsjorbsmod:UnseenServant"],"picked":"stsjorbsmod:Inferno","floor":14.0}],"player_experience":557226,"relics_obtained":[{"floor":7.0,"key":"Bag of Marbles"},{"floor":9.0,"key":"Unceasing Top"}],"event_choices":[{"damage_healed":0.0,"max_hp_gain":0.0,"max_hp_loss":0.0,"gold_gain":0.0,"event_name":"Shining Light","player_choice":"Entered Light","floor":5.0,"gold_loss":0.0,"damage_taken":15.0,"cards_upgraded":["stsjorbsmod:Defend_Wanderer","stsjorbsmod:RefuseToForget"]},{"damage_healed":0.0,"max_hp_gain":0.0,"max_hp_loss":0.0,"gold_gain":75.0,"event_name":"World of Goop","player_choice":"Gather Gold","floor":10.0,"gold_loss":0.0,"damage_taken":11.0},{"damage_healed":0.0,"max_hp_gain":0.0,"max_hp_loss":0.0,"gold_gain":100.0,"event_name":"Golden Shrine","player_choice":"Pray","floor":12.0,"gold_loss":0.0,"damage_taken":0.0}],"is_beta":false,"boss_relics":[],"items_purged_floors":[],"is_endless":false,"potions_floor_spawned":[1,4,7,11,13],"killed_by":"Slime Boss","ascension_level":0}}