{"host":"xz534terrkr331jc","time":1608211327,"event":{"mods":["BaseMod","Better Third Choice","Downfall","Hermit","Jorbs\u0027s Wanderer Trilogy","Marisa????????","Minty Spire (QoL Compilation)","Shade Mod","StSLib","The Cursed","The Hierophant","The Servant 0.9.4","The Wild Card"],"gold_per_floor":[118,118,43,143,161,161,161,161,161,180,214,214,234,260,260,360,360,380,400,19,34,34,34,53,53,102,102,102,120,133,143,143,246,246,259,274,123,138,138,13,13,13],"floor_reached":41,"playtime":1778,"items_purged":["Strike_R","Strike_R","Defend_R"],"score":403,"play_id":"f9e047e3-686a-4b4e-a255-e3fbc0d54dcc","local_time":"20201217142207","is_ascension_mode":false,"campfire_choices":[{"data":"Shrug It Off","floor":6,"key":"SMITH"},{"data":"Defend_R","floor":8,"key":"SMITH"},{"data":"Body Slam","floor":12,"key":"SMITH"},{"floor":15,"key":"REST"},{"data":"Barricade","floor":23,"key":"SMITH"},{"floor":25,"key":"REST"},{"floor":32,"key":"REST"}],"circlet_count":0,"master_deck":["Strike_R","Strike_R+1","Defend_R+1","Defend_R+1","Defend_R+1","Bash+1","Shrug It Off+1","Body Slam+1","Limit Break","Inflame","Whirlwind","Barricade+1","Flex+1","Heavy Blade+1","Entrench","Double Tap"],"relics":["Black Blood","NeowsBlessing","Bronze Scales","Ancient Tea Set","Prayer Wheel","Akabeko","Velvet Choker","Matryoshka","Enchiridion","War Paint"],"acts_visited":["Exordium","TheCity","TheBeyond"],"potions_floor_usage":[5,14,19,30,33,41],"damage_taken":[{"damage":0,"enemies":"Cultist","floor":1,"turns":1},{"damage":0,"enemies":"Small Slimes","floor":5,"turns":1},{"damage":0,"enemies":"2 Louse","floor":10,"turns":1},{"damage":16,"enemies":"Gremlin Nob","floor":11,"turns":4},{"damage":3,"enemies":"Exordium Wildlife","floor":13,"turns":3},{"damage":16,"enemies":"Lagavulin","floor":14,"turns":6},{"damage":27,"enemies":"The Guardian","floor":16,"turns":12},{"damage":15,"enemies":"Shell Parasite","floor":18,"turns":5},{"damage":9,"enemies":"3 Byrds","floor":19,"turns":3},{"damage":10,"enemies":"Snecko","floor":21,"turns":3},{"damage":20,"enemies":"Shelled Parasite and Fungi","floor":24,"turns":4},{"damage":10,"enemies":"Cultist and Chosen","floor":29,"turns":4},{"damage":15,"enemies":"Snecko","floor":30,"turns":3},{"damage":25,"enemies":"Sentry and Sphere","floor":31,"turns":5},{"damage":39,"enemies":"Automaton","floor":33,"turns":11},{"damage":2,"enemies":"Orb Walker","floor":35,"turns":2},{"damage":16,"enemies":"3 Darklings","floor":36,"turns":3},{"damage":0,"enemies":"Jaw Worm Horde","floor":38,"turns":2},{"damage":87,"enemies":"Orin","floor":41,"turns":6}],"seed_played":"389376552048409252","potions_obtained":[{"floor":5,"key":"Fruit Juice"},{"floor":14,"key":"EntropicBrew"},{"floor":24,"key":"Fire Potion"},{"floor":29,"key":"champ:CounterPotion"},{"floor":30,"key":"ElixirPotion"}],"is_trial":false,"path_per_floor":["M","?","$","?","M","R","?","R","T","M","E","R","M","E","R","B",null,"M","M","$","M","?","R","M","R","T","?","?","M","M","M","R","B",null,"M","M","$","M","?","$","?"],"character_chosen":"IRONCLAD","items_purchased":["Matryoshka","Barricade","Weak Potion"],"campfire_rested":3,"item_purchase_floors":[20,20,37],"current_hp_per_floor":[80,62,62,62,73,73,56,56,56,62,52,52,55,45,70,49,85,76,73,73,69,53,53,39,64,64,64,64,60,51,32,57,24,85,85,81,81,85,85,85,0,0],"gold":13,"neow_bonus":"THREE_ENEMY_KILL","is_daily":false,"chose_seed":false,"campfire_upgraded":4,"win_rate":0.0,"timestamp":1608211327,"path_taken":["M","?","$","?","?","R","?","R","T","M","E","R","M","E","R","BOSS","M","M","$","M","?","R","M","R","T","?","?","?","M","M","R","BOSS","M","?","$","M","?","$","?"],"items_purchased_type":["Relic","Card","Potion"],"build_version":"2020-12-13","purchased_purges":3,"victory":false,"max_hp_per_floor":[80,80,80,80,85,85,85,85,85,85,85,85,85,85,85,85,85,85,85,85,85,85,85,85,85,85,85,85,85,85,85,85,85,85,85,85,85,85,85,85,85,85],"card_choices":[{"not_picked":["Thunderclap","Hemokinesis","Wild Strike"],"picked":"SKIP","floor":1},{"not_picked":["Pommel Strike","Twin Strike"],"picked":"Shrug It Off","floor":5},{"not_picked":["Havoc","Uppercut"],"picked":"Body Slam","floor":10},{"not_picked":["Exhume","Anger","Body Slam"],"picked":"SKIP","floor":11},{"not_picked":["Power Through","Perfected Strike","Armaments"],"picked":"SKIP","floor":13},{"not_picked":["Clash","Iron Wave","Dark Embrace"],"picked":"SKIP","floor":13},{"not_picked":["Anger","Warcry","Ghostly Armor"],"picked":"SKIP","floor":14},{"not_picked":["Fiend Fire","Juggernaut"],"picked":"Limit Break","floor":16},{"not_picked":["Seeing Red+1","Clothesline","Blood for Blood"],"picked":"SKIP","floor":18},{"not_picked":["Anger","Sword Boomerang+1","Clothesline"],"picked":"SKIP","floor":18},{"not_picked":["Rage","Pommel Strike"],"picked":"Inflame","floor":19},{"not_picked":["Body Slam","Dropkick+1"],"picked":"Whirlwind","floor":19},{"not_picked":["Sword Boomerang","Inflame+1"],"picked":"Flex+1","floor":21},{"not_picked":["Anger","Flex","Shockwave"],"picked":"SKIP","floor":21},{"not_picked":["Anger+1","Havoc"],"picked":"Heavy Blade+1","floor":24},{"not_picked":["Intimidate","Shrug It Off","Thunderclap"],"picked":"SKIP","floor":24},{"not_picked":["Thunderclap","Havoc","Whirlwind"],"picked":"SKIP","floor":29},{"not_picked":["Dropkick","Metallicize","Warcry"],"picked":"SKIP","floor":29},{"not_picked":["Carnage","Pummel","Clothesline"],"picked":"SKIP","floor":30},{"not_picked":["Clash+1","Sword Boomerang","Combust"],"picked":"SKIP","floor":30},{"not_picked":["Havoc","Armaments+1"],"picked":"Entrench","floor":31},{"not_picked":["Twin Strike","Seeing Red","Ghostly Armor"],"picked":"SKIP","floor":31},{"not_picked":["Barricade","Offering"],"picked":"Double Tap","floor":33},{"not_picked":["Perfected Strike+1","Battle Trance+1","Power Through+1"],"picked":"SKIP","floor":35},{"not_picked":["Shrug It Off","Clash","Rupture+1"],"picked":"SKIP","floor":35},{"not_picked":["Uppercut","Bloodletting+1","Shockwave+1"],"picked":"SKIP","floor":36},{"not_picked":["Warcry","Iron Wave","Power Through"],"picked":"SKIP","floor":36},{"not_picked":["Armaments","Whirlwind","Sever Soul+1"],"picked":"SKIP","floor":38},{"not_picked":["Sword Boomerang","Whirlwind","Body Slam"],"picked":"SKIP","floor":38}],"player_experience":559818,"relics_obtained":[{"floor":9,"key":"Ancient Tea Set"},{"floor":11,"key":"Prayer Wheel"},{"floor":14,"key":"Akabeko"},{"floor":22,"key":"Enchiridion"},{"floor":26,"key":"War Paint"}],"event_choices":[{"damage_healed":0,"gold_gain":0,"player_choice":"Relic ","damage_taken":18,"max_hp_gain":0,"max_hp_loss":0,"event_name":"betterThird:BetterScrap","floor":2,"gold_loss":0,"cards_obtained":["Conclude"]},{"damage_healed":0,"gold_gain":100,"player_choice":"Pray","damage_taken":0,"max_hp_gain":0,"max_hp_loss":0,"event_name":"Golden Shrine","floor":4,"gold_loss":0},{"damage_healed":73,"gold_gain":0,"player_choice":"Upgrade","damage_taken":17,"max_hp_gain":0,"max_hp_loss":85,"event_name":"betterThird:BetterShining","floor":7,"gold_loss":0,"cards_upgraded":["Bash","Strike_R"]},{"damage_healed":0,"gold_gain":0,"player_choice":"Obtained Book","damage_taken":16,"max_hp_gain":0,"max_hp_loss":0,"event_name":"Cursed Tome","floor":22,"gold_loss":0},{"damage_healed":0,"gold_gain":0,"player_choice":"Ignored","damage_taken":0,"max_hp_gain":0,"max_hp_loss":0,"event_name":"Ghosts","floor":27,"gold_loss":0},{"cards_removed":["Strike_R"],"damage_healed":0,"gold_gain":0,"player_choice":"Elegance","damage_taken":0,"max_hp_gain":0,"max_hp_loss":0,"event_name":"betterThird:BetterWriting","floor":28,"gold_loss":0},{"damage_healed":0,"gold_gain":0,"player_choice":"Ignored","damage_taken":0,"max_hp_gain":0,"max_hp_loss":0,"event_name":"Mysterious Sphere","floor":39,"gold_loss":0},{"damage_healed":0,"gold_gain":0,"player_choice":"Fight","damage_taken":0,"max_hp_gain":0,"max_hp_loss":0,"event_name":"OrinTheCat","floor":41,"gold_loss":0}],"is_beta":false,"boss_relics":[{"not_picked":["SlaversCollar","Tiny House"],"picked":"Velvet Choker"},{"not_picked":["Cursed Key","Mark of Pain"],"picked":"Black Blood"}],"items_purged_floors":[3,37,40],"is_endless":false,"potions_floor_spawned":[5,14,24,29,30],"killed_by":"Orin","ascension_level":0}}