{"host":"eydwxg59205c3vtl","time":1608231329,"event":{"mods":["2.2 Compatiblity","BaseMod","Colored Map","Colored Powertips","Hubris","Minty Spire (QoL Compilation)","StSLib","The Necromancer"],"gold_per_floor":[109,0,17,17,31,66,66,106,106,121,121,71,71,91,91,221,221,240,240,140,155,6,6,19,34,34,75,75,75,91,91,91,222,222,243,243,243,262,137,137,168,189,212,247,247,247,288,206,206,206],"floor_reached":51,"playtime":2108,"items_purged":["hubris:Sloth","Strike_W","Strike_W"],"score":1152,"play_id":"23cd7363-eaa5-4bf3-a052-3edcbddac732","local_time":"20201217135529","is_ascension_mode":true,"campfire_choices":[{"floor":7.0,"key":"REST"},{"floor":11.0,"key":"REST"},{"floor":15.0,"key":"REST"},{"data":"Plague_Bolt","floor":23.0,"key":"SMITH"},{"floor":29.0,"key":"REST"},{"floor":32.0,"key":"REST"},{"data":"Siphon_Strength","floor":40.0,"key":"SMITH"},{"floor":45.0,"key":"REST"},{"floor":49.0,"key":"REST"}],"circlet_count":0,"master_deck":["AscendersBane","Strike_W","Strike_W","Defend_W","Defend_W","Defend_W","Defend_W","Negative_Energy_Arrows","Bone_Wall","Negative_Energy_Javelin+1","Negative_Energy_Javelin","Chill_Blood","Grasp_Heart","Negative_Energy_Burst","Acid_Javelin","Summon_Vampire_Lady","Negative_Energy_Javelin+1","Plague_Bolt+1","Negative_Energy_Shield+1","Exploit","Siphon_Strength+1","Vampiric_Strike","Vampiric_Strike+1","Corrupt+1","Negative_Energy_Shield","Negative_Energy_Mist+1","Plague_Bolt+1","Hellfire"],"relics":["Vampire_Amulet","Pocketwatch","Golden Idol","hubris:Zylophone","Ornamental Fan","hubris:MysteriousPyramids","hubris:CrackedHourglass","Oddly Smooth Stone","hubris:Metronome","Gambling Chip","hubris:ScarierMask","Girya","PreservedInsect","Pantograph","Ice Cream"],"acts_visited":["Exordium","TheCity","TheBeyond"],"potions_floor_usage":[50,50],"damage_taken":[{"damage":6.0,"enemies":"Small Slimes","floor":1.0,"turns":5.0},{"damage":11.0,"enemies":"2 Louse","floor":3.0,"turns":2.0},{"damage":4.0,"enemies":"Cultist","floor":5.0,"turns":3.0},{"damage":44.0,"enemies":"Gremlin Nob","floor":6.0,"turns":5.0},{"damage":38.0,"enemies":"3 Sentries","floor":8.0,"turns":7.0},{"damage":1.0,"enemies":"Red Slaver","floor":10.0,"turns":2.0},{"damage":6.0,"enemies":"Exordium Thugs","floor":14.0,"turns":3.0},{"damage":14.0,"enemies":"Hexaghost","floor":16.0,"turns":7.0},{"damage":22.0,"enemies":"2 Thieves","floor":18.0,"turns":3.0},{"damage":1.0,"enemies":"Spheric Guardian","floor":21.0,"turns":3.0},{"damage":19.0,"enemies":"Centurion and Healer","floor":24.0,"turns":3.0},{"damage":4.0,"enemies":"Snecko","floor":25.0,"turns":3.0},{"damage":24.0,"enemies":"Gremlin Leader","floor":27.0,"turns":5.0},{"damage":0.0,"enemies":"Snake Plant","floor":30.0,"turns":2.0},{"damage":33.0,"enemies":"Collector","floor":33.0,"turns":8.0},{"damage":19.0,"enemies":"Orb Walker","floor":35.0,"turns":3.0},{"damage":6.0,"enemies":"3 Shapes","floor":38.0,"turns":4.0},{"damage":8.0,"enemies":"Giant Head","floor":41.0,"turns":6.0},{"damage":0.0,"enemies":"Maw","floor":42.0,"turns":6.0},{"damage":29.0,"enemies":"Nemesis","floor":44.0,"turns":5.0},{"damage":27.0,"enemies":"Reptomancer","floor":47.0,"turns":3.0},{"damage":14,"enemies":"Time Eater","floor":50,"turns":10}],"seed_played":"-7153882402197223952","potions_obtained":[{"floor":3.0,"key":"SmokeBomb"},{"floor":8.0,"key":"Fire Potion"},{"floor":18.0,"key":"FearPotion"},{"floor":24.0,"key":"SneckoOil"},{"floor":33.0,"key":"Fire Potion"},{"floor":44.0,"key":"AttackPotion"},{"floor":47.0,"key":"LiquidBronze"}],"is_trial":false,"path_per_floor":["M","$","M","?","M","E","R","E","T","M","R","?","?","M","R","B",null,"M","?","$","M","$","R","M","M","T","E","?","R","M","$","R","B",null,"M","?","?","M","$","R","E","M","T","E","R","?","E","$","R","B",null],"character_chosen":"NECROMANCER","items_purchased":["Bone_Armory","Oddly Smooth Stone","Hellfire"],"campfire_rested":7,"item_purchase_floors":[2,22,48],"current_hp_per_floor":[66,66,59,59,57,15,37,5,5,6,28,28,28,26,48,36,65,47,47,47,48,48,48,33,31,31,17,17,39,41,41,63,57,71,54,54,54,52,52,52,54,61,61,34,56,56,35,35,56,65],"gold":206,"neow_bonus":"ONE_RARE_RELIC","is_daily":false,"chose_seed":false,"campfire_upgraded":2,"win_rate":0.0,"timestamp":1608231329,"path_taken":["M","$","M","?","M","E","R","E","T","M","R","?","?","?","R","BOSS","M","?","$","M","$","R","M","M","T","E","?","R","M","$","R","BOSS","M","?","?","M","$","R","E","?","T","E","R","?","E","$","R","BOSS"],"items_purchased_type":["Card","Relic","Card"],"build_version":"2020-12-13","purchased_purges":3,"victory":true,"max_hp_per_floor":[75,75,75,75,75,75,75,75,75,75,75,75,75,75,75,75,75,75,75,75,75,75,75,75,75,75,75,75,75,75,75,75,75,75,75,75,75,75,75,75,75,75,75,75,75,71,71,71,71,71],"card_choices":[{"not_picked":["Bone_Bullets","Blood_Shield"],"picked":"Negative_Energy_Javelin","floor":1.0},{"not_picked":["Bone_Bullets","Toxic_Smoke_Screen"],"picked":"Negative_Energy_Javelin","floor":3.0},{"not_picked":["Consume_Illness","Slay_Living"],"picked":"Chill_Blood","floor":5.0},{"not_picked":["Shackles_Of_Pain","Skeleton_Dragon"],"picked":"Grasp_Heart","floor":6.0},{"not_picked":["Finger_Of_Death","Pandemic"],"picked":"Negative_Energy_Burst","floor":8.0},{"not_picked":["Death_Coil","Bone_Armor","Death_March_Dance"],"picked":"SKIP","floor":10.0},{"not_picked":["Pandemic","Deaths_Shadow"],"picked":"Acid_Javelin","floor":14.0},{"not_picked":["Summon_Death_Knight","Grasp_Heart"],"picked":"Summon_Vampire_Lady","floor":16.0},{"not_picked":["Bone_Armor+1","Bones_to_Steel"],"picked":"Negative_Energy_Javelin+1","floor":18.0},{"not_picked":["Strike_from_Beyond","Summon_Undead_Army"],"picked":"Plague_Bolt","floor":21.0},{"not_picked":["Scare","Bones_to_Steel"],"picked":"Negative_Energy_Shield+1","floor":24.0},{"not_picked":["Bones_to_Steel","Necromantic_Selection"],"picked":"Exploit","floor":25.0},{"not_picked":["Spectral_Walk","Exploit"],"picked":"Siphon_Strength","floor":27.0},{"not_picked":["Flesh_Made_Foul+1","Life_Drain+1","Blood_Shield"],"picked":"SKIP","floor":30.0},{"not_picked":["Summon_Death_Knight","Skeleton_Dragon"],"picked":"Summon_Vampire_Lady","floor":33.0},{"not_picked":["Bone_Armor+1","Shackles_Of_Pain"],"picked":"Vampiric_Strike","floor":35.0},{"not_picked":["Bone_Shift+1","Corrupt+1"],"picked":"Vampiric_Strike+1","floor":38.0},{"not_picked":["Negative_Energy_Sphere+1","Violent_Necrosis"],"picked":"Corrupt+1","floor":41.0},{"not_picked":["Chill_Blood","Bones_to_Steel+1"],"picked":"Negative_Energy_Shield","floor":42.0},{"not_picked":["Bone_Spikes+1","Pandemic+1"],"picked":"Negative_Energy_Mist+1","floor":44.0},{"not_picked":["Negative_Energy_Sphere","Death_March_Dance"],"picked":"Plague_Bolt+1","floor":47.0}],"player_experience":539660,"relics_obtained":[{"floor":6.0,"key":"hubris:Zylophone"},{"floor":8.0,"key":"Ornamental Fan"},{"floor":9.0,"key":"hubris:MysteriousPyramids"},{"floor":26.0,"key":"hubris:Metronome"},{"floor":27.0,"key":"Gambling Chip"},{"floor":41.0,"key":"Girya"},{"floor":43.0,"key":"PreservedInsect"},{"floor":44.0,"key":"Pantograph"},{"floor":47.0,"key":"Ice Cream"}],"event_choices":[{"damage_healed":0.0,"max_hp_gain":0.0,"max_hp_loss":0.0,"gold_gain":0.0,"event_name":"Golden Idol","player_choice":"Take Wound","floor":4.0,"gold_loss":0.0,"damage_taken":0.0,"relics_obtained":["Golden Idol"],"cards_obtained":["Injury"]},{"cards_removed":["Injury"],"damage_healed":0.0,"max_hp_gain":0.0,"max_hp_loss":0.0,"gold_gain":0.0,"event_name":"The Cleric","player_choice":"Card Removal","floor":12.0,"gold_loss":50.0,"damage_taken":0.0},{"cards_removed":["Bone_Armory"],"damage_healed":0.0,"max_hp_gain":0.0,"max_hp_loss":0.0,"gold_gain":0.0,"event_name":"Purifier","player_choice":"Purged","floor":13.0,"gold_loss":0.0,"damage_taken":0.0},{"damage_healed":0.0,"max_hp_gain":0.0,"max_hp_loss":0.0,"gold_gain":0.0,"event_name":"Upgrade Shrine","player_choice":"Upgraded","floor":19.0,"gold_loss":0.0,"damage_taken":0.0,"cards_upgraded":["Negative_Energy_Javelin"]},{"damage_healed":0.0,"max_hp_gain":0.0,"max_hp_loss":0.0,"gold_gain":0.0,"event_name":"Tomb of Lord Red Mask","player_choice":"Ignored","floor":36.0,"gold_loss":0.0,"damage_taken":0.0},{"cards_removed":["Summon_Vampire_Lady"],"damage_healed":0.0,"max_hp_gain":0.0,"max_hp_loss":0.0,"gold_gain":0.0,"event_name":"Falling","player_choice":"Removed Power","floor":37.0,"gold_loss":0.0,"damage_taken":0.0},{"damage_healed":0.0,"max_hp_gain":0.0,"max_hp_loss":4.0,"gold_gain":0.0,"event_name":"Winding Halls","player_choice":"Max HP","floor":46.0,"gold_loss":0.0,"damage_taken":0.0}],"is_beta":false,"boss_relics":[{"not_picked":["Tiny House","Fusion Hammer"],"picked":"hubris:CrackedHourglass"},{"not_picked":["Snecko Eye","Cursed Key"],"picked":"hubris:ScarierMask"}],"items_purged_floors":[2,20,39],"is_endless":false,"potions_floor_spawned":[3,8,18,21,24,33,35,41,44,47],"ascension_level":11}}