{"host":"9d9dhukr2jywmy0f","time":1608205483,"event":{"mods":["2.2 Compatiblity","Alarm Clock","BaseMod","Bestiary","Block Reminder","Colored Map","Colored Powertips","Curses Come First","DeckTracker","Displayed Cursed Tome","Highlight Path","Key Reminder","Keyboard Shortcuts","Minty Spire (QoL Compilation)","MonsterHotkey","Potion Indicator Mod","Quick Restart","RNG Fix","Rare Cards Sparkle","Relic Sorter","Relic Stats","Replay The Spire","Spire Birthday Party","StSLib","Synergy Search","Unceasing Turn Reminder","Unknown Chances"],"gold_per_floor":[113,29,67,67,67,97,108,108,108,123,48,148,148,148,148,222,222,239,239,254,169,179,213,243,243,288,288,300,300,330,63,63,136,136,148,23,23,245,265,265,280,280,280,306,306,321,332,342,342,342,342,342,342,25,59,59],"floor_reached":57,"playtime":6394,"items_purged":["Strike_P","Defend_P","Doubt","Strike_P+1"],"score":2782,"play_id":"3d83f171-360c-4c77-ac25-075201717803","local_time":"20201217194443","is_ascension_mode":true,"campfire_choices":[{"data":"Pot Of Greed","floor":8.0,"key":"SMITH"},{"data":"Pot Of Greed","floor":13.0,"key":"SMITH"},{"data":"Tantrum","floor":15.0,"key":"SMITH"},{"floor":27.0,"key":"REST"},{"floor":29.0,"key":"REST"},{"data":"Ghostly","floor":32.0,"key":"SMITH"},{"data":"Clumsy","floor":40.0,"key":"PURGE"},{"data":"Clumsy","floor":42.0,"key":"PURGE"},{"data":"BowlingBash","floor":45.0,"key":"PURGE"},{"floor":49.0,"key":"RECALL"},{"data":"Meditate","floor":53.0,"key":"PURGE"}],"circlet_count":0,"master_deck":["AscendersBane","Strike_P+1","Defend_P+1","Defend_P+1","Eruption+1","Vigilance+1","Sanctity+1","Tantrum+1","ClearTheMind+1","Pot Of Greed+1","Pot Of Greed+1","LessonLearned+1","Replay:AtTheReady+1","CutThroughFate+1","FlurryOfBlows+1","Halt+1","Ghostly+1","Ghostly+1","Ghostly+1","Pot Of Greed+1","DevaForm+1","FearNoEvil+1","Deep Breath+1","MentalFortress+1","CutThroughFate+1","Scrawl+1"],"relics":["Sozu","Replay:WaspNest","Grinning Jar","Durian","Frozen Egg 2","Philosopher\u0027s Stone","Juzu Bracelet","Replay:Wax Seal","Red Mask","Replay:Baseball","Oddly Smooth Stone","Strange Spoon","Replay:Ancient Bell","ReplayTheSpireMod:Lightbulb","Kunai","Peace Pipe","StoneCalendar","OrangePellets","Bag of Marbles"],"acts_visited":["Exordium","TheCity","TheBeyond","TheEnding"],"potions_floor_usage":[],"damage_taken":[{"damage":0.0,"enemies":"Cultist","floor":1.0,"turns":2.0},{"damage":26.0,"enemies":"Replay:BlueRogue","floor":6.0,"turns":6.0},{"damage":0.0,"enemies":"2 Louse","floor":7.0,"turns":3.0},{"damage":1.0,"enemies":"Jaw Worm","floor":10.0,"turns":2.0},{"damage":17.0,"enemies":"The Guardian","floor":16.0,"turns":11.0},{"damage":7.0,"enemies":"2 Thieves","floor":18.0,"turns":3.0},{"damage":3.0,"enemies":"Chosen","floor":20.0,"turns":5.0},{"damage":5.0,"enemies":"Centurion and Healer","floor":22.0,"turns":3.0},{"damage":41.0,"enemies":"Slavers","floor":23.0,"turns":4.0},{"damage":0.0,"enemies":"Masked Bandits","floor":24.0,"turns":3.0},{"damage":0.0,"enemies":"Snake Plant","floor":28.0,"turns":5.0},{"damage":0.0,"enemies":"Book of Stabbing","floor":30.0,"turns":4.0},{"damage":0.0,"enemies":"Automaton","floor":33.0,"turns":8.0},{"damage":2.0,"enemies":"Orb Walker","floor":35.0,"turns":6.0},{"damage":3.0,"enemies":"3 Darklings","floor":39.0,"turns":3.0},{"damage":0.0,"enemies":"4 Shapes","floor":41.0,"turns":3.0},{"damage":0.0,"enemies":"Nemesis","floor":44.0,"turns":7.0},{"damage":0.0,"enemies":"Maw","floor":46.0,"turns":5.0},{"damage":0.0,"enemies":"Spire Growth","floor":47.0,"turns":7.0},{"damage":1.0,"enemies":"4 Shapes","floor":48.0,"turns":7.0},{"damage":0.0,"enemies":"Replay:Hell Engine","floor":50.0,"turns":8.0},{"damage":9.0,"enemies":"Time Eater","floor":51.0,"turns":9.0},{"damage":0,"enemies":"Shield and Spear","floor":55,"turns":7},{"damage":10,"enemies":"The Heart","floor":56,"turns":8}],"seed_played":"1397554512009587761","potions_obtained":[],"is_trial":false,"path_per_floor":["M","$","?","T","?","E","M","R","T","M","$","?","R","?","R","B",null,"M","?","M","?","M","E","?","?","T","R","M","R","E","$","R","B",null,"M","$","?","?","M","R","M","R","T","E","R","M","M","M","R","B","B",null,"R","$","E","B",null],"character_chosen":"WATCHER","items_purchased":["Tantrum","Strange Spoon","OrangePellets"],"campfire_rested":2,"item_purchase_floors":[2,31,54],"current_hp_per_floor":[61,61,61,61,61,40,40,40,40,39,39,39,39,32,32,15,59,52,52,49,49,44,3,3,3,3,13,13,23,23,23,23,23,33,31,31,31,31,28,28,28,28,28,28,28,28,28,27,27,27,18,32,32,32,32,22],"gold":59,"neow_bonus":"BOSS_RELIC","is_daily":false,"chose_seed":false,"campfire_upgraded":4,"win_rate":0.0,"timestamp":1608205483,"path_taken":["M","$","?","?","?","E","M","R","T","?","?","?","R","?","R","BOSS","M","?","M","?","M","E","?","?","T","R","M","R","E","$","R","BOSS","M","?","?","?","M","R","M","R","T","E","R","M","M","M","R","BOSS","BOSS","R","$","E","BOSS"],"items_purchased_type":["Card","Relic","Relic"],"build_version":"2020-11-30","purchased_purges":4,"victory":true,"max_hp_per_floor":[68,68,68,68,68,73,73,73,73,73,73,73,73,73,73,73,73,73,73,73,73,73,73,73,36,36,36,36,36,36,36,36,36,36,36,36,36,36,36,36,36,36,36,36,36,36,36,36,36,36,36,36,36,36,36,36],"relic_stats":{"Sozu":9,"Peace Pipe":4,"Strange Spoon":[36],"OrangePellets":[3],"counters":[24,129],"StoneCalendar":[112],"Juzu Bracelet":1,"Kunai":[63],"obtain_stats":[{"Oddly Smooth Stone":30,"StoneCalendar":44,"Replay:WaspNest":3,"Juzu Bracelet":21,"Replay:Ancient Bell":34,"Frozen Egg 2":9,"Sozu":0,"keyreminder:keyreminder":6,"Peace Pipe":34,"Strange Spoon":31,"OrangePellets":54,"Replay:Baseball":26,"Philosopher\u0027s Stone":17,"Durian":6,"Red Mask":24,"Bag of Marbles":55,"Kunai":34,"PureWater":0,"Grinning Jar":4,"Replay:Wax Seal":23,"ReplayTheSpireMod:Lightbulb":34},{"Oddly Smooth Stone":12,"StoneCalendar":17,"Replay:WaspNest":1,"Juzu Bracelet":7,"Replay:Ancient Bell":13,"Frozen Egg 2":3,"Sozu":0,"keyreminder:keyreminder":2,"Peace Pipe":13,"Strange Spoon":12,"OrangePellets":22,"Replay:Baseball":10,"Philosopher\u0027s Stone":5,"Durian":2,"Red Mask":10,"Bag of Marbles":23,"Kunai":13,"PureWater":0,"Grinning Jar":1,"Replay:Wax Seal":9,"ReplayTheSpireMod:Lightbulb":13},{"Oddly Smooth Stone":51,"StoneCalendar":78,"Replay:WaspNest":2,"Juzu Bracelet":32,"Replay:Ancient Bell":59,"Frozen Egg 2":11,"Sozu":0,"keyreminder:keyreminder":8,"Peace Pipe":59,"Strange Spoon":51,"OrangePellets":114,"Replay:Baseball":42,"Philosopher\u0027s Stone":24,"Durian":8,"Red Mask":42,"Bag of Marbles":121,"Kunai":59,"PureWater":0,"Grinning Jar":2,"Replay:Wax Seal":39,"ReplayTheSpireMod:Lightbulb":59}]},"card_choices":[{"not_picked":["PathToVictory","Perseverance"],"picked":"Sanctity","floor":1.0},{"not_picked":["EmptyBody","Replay:BluntJabs"],"picked":"ClearTheMind","floor":3.0},{"not_picked":["Crescendo","FlyingSleeves"],"picked":"BowlingBash","floor":6.0},{"not_picked":["Weave","CutThroughFate","Devotion"],"picked":"SKIP","floor":7.0},{"not_picked":["Consecrate","ReachHeaven","Tantrum"],"picked":"SKIP","floor":10.0},{"not_picked":["Omniscience","Replay:LoomingThreat+1"],"picked":"LessonLearned","floor":16.0},{"not_picked":["ThirdEye","Weave"],"picked":"Meditate","floor":18.0},{"not_picked":["Study+1","Replay:ManipulateFuture"],"picked":"Replay:AtTheReady","floor":20.0},{"not_picked":["PathToVictory","FollowUp"],"picked":"CutThroughFate","floor":22.0},{"not_picked":["ReachHeaven","Brilliance"],"picked":"FlurryOfBlows","floor":23.0},{"not_picked":["Replay:BluntJabs","Wireheading+1"],"picked":"Halt","floor":24.0},{"not_picked":["FollowUp","ForeignInfluence","Swivel"],"picked":"SKIP","floor":28.0},{"not_picked":["Sanctity","Consecrate","Conclude"],"picked":"SKIP","floor":30.0},{"not_picked":["Replay:LoomingThreat+1","Judgement"],"picked":"DevaForm+1","floor":33.0},{"not_picked":["Regret","Normality"],"picked":"Clumsy","floor":34.0},{"not_picked":["Shame","Pain"],"picked":"Clumsy","floor":34.0},{"not_picked":["Regret","Normality"],"picked":"Doubt","floor":34.0},{"not_picked":["JustLucky","Replay:BluntJabs"],"picked":"FearNoEvil","floor":35.0},{"not_picked":["Good Instincts","Dramatic Entrance"],"picked":"Deep Breath","floor":37.0},{"not_picked":["FollowUp","PathToVictory+1","ClearTheMind"],"picked":"SKIP","floor":39.0},{"not_picked":["FlurryOfBlows+1","Replay:Cycle"],"picked":"MentalFortress+1","floor":41.0},{"not_picked":["FlurryOfBlows","Tantrum","Replay:LoomingThreat+1"],"picked":"SKIP","floor":44.0},{"not_picked":["PathToVictory","FollowUp+1","CutThroughFate"],"picked":"SKIP","floor":46.0},{"not_picked":["Nirvana+1","Replay:ManipulateFuture","Conclude"],"picked":"SKIP","floor":47.0},{"not_picked":["Crescendo","Consecrate"],"picked":"CutThroughFate+1","floor":48.0},{"not_picked":["EmptyMind+1","FollowUp"],"picked":"Scrawl","floor":55}],"player_experience":687089,"relics_obtained":[{"floor":3.0,"key":"Replay:WaspNest"},{"floor":4.0,"key":"Grinning Jar"},{"floor":6.0,"key":"Durian"},{"floor":9.0,"key":"Frozen Egg 2"},{"floor":23.0,"key":"Replay:Wax Seal"},{"floor":24.0,"key":"Red Mask"},{"floor":26.0,"key":"Replay:Baseball"},{"floor":30.0,"key":"Oddly Smooth Stone"},{"floor":44.0,"key":"StoneCalendar"},{"floor":55,"key":"Bag of Marbles"}],"event_choices":[{"damage_healed":0.0,"max_hp_gain":0.0,"max_hp_loss":0.0,"gold_gain":0.0,"event_name":"Living Wall","player_choice":"Grow","floor":5.0,"gold_loss":0.0,"damage_taken":0.0,"cards_upgraded":["Eruption"]},{"damage_healed":0.0,"max_hp_gain":0.0,"max_hp_loss":0.0,"gold_gain":100.0,"event_name":"Wheel of Change","player_choice":"Gold","floor":12.0,"gold_loss":0.0,"damage_taken":0.0},{"cards_removed":["Defend_P"],"damage_healed":0.0,"max_hp_gain":0.0,"max_hp_loss":0.0,"gold_gain":0.0,"event_name":"Golden Wing","player_choice":"Card Removal","floor":14.0,"gold_loss":0.0,"damage_taken":7.0},{"cards_removed":["Strike_P"],"damage_healed":0.0,"max_hp_gain":0.0,"max_hp_loss":0.0,"gold_gain":0.0,"event_name":"Bonfire Elementals","player_choice":"Offered Basic","floor":19.0,"gold_loss":0.0,"damage_taken":0.0},{"damage_healed":0.0,"max_hp_gain":0.0,"max_hp_loss":0.0,"gold_gain":0.0,"event_name":"Addict","player_choice":"Obtained Relic","floor":21.0,"gold_loss":85.0,"damage_taken":0.0,"relics_obtained":["Juzu Bracelet"]},{"damage_healed":0.0,"max_hp_gain":0.0,"max_hp_loss":0.0,"gold_gain":0.0,"event_name":"Masked Bandits","player_choice":"Fought Bandits","floor":24.0,"gold_loss":0.0,"damage_taken":0.0},{"damage_healed":0.0,"max_hp_gain":0.0,"max_hp_loss":37.0,"gold_gain":0.0,"event_name":"Ghosts","player_choice":"Became a Ghost","floor":25.0,"gold_loss":0.0,"damage_taken":0.0,"cards_obtained":["Ghostly","Ghostly","Ghostly"]},{"damage_healed":0.0,"max_hp_gain":0.0,"max_hp_loss":0.0,"gold_gain":0.0,"event_name":"SensoryStone","player_choice":"Memory 1","floor":37.0,"gold_loss":0.0,"damage_taken":0.0},{"damage_healed":0.0,"max_hp_gain":0.0,"max_hp_loss":0.0,"gold_gain":222.0,"event_name":"Tomb of Lord Red Mask","player_choice":"Wore Mask","floor":38.0,"gold_loss":0.0,"damage_taken":0.0}],"is_beta":false,"boss_relics":[{"not_picked":["Replay:Wanted Poster","Pandora\u0027s Box"],"picked":"Philosopher\u0027s Stone"},{"not_picked":["ChewingGum","Ring of Chaos"],"picked":"Replay:Ancient Bell"},{"not_picked":["Smiling Mask","Blood Vial"],"picked":"ReplayTheSpireMod:Lightbulb"},{"not_picked":["Mirror","Singing Bowl"],"picked":"Kunai"},{"not_picked":["Replay:Towering Pillar of Hats","CloakClasp"],"picked":"Peace Pipe"}],"items_purged_floors":[11,31,36,54],"is_endless":false,"potions_floor_spawned":[10,16,20,24,33,39,44,48],"ascension_level":20}}