{"host":"mgc7o2tpy0ck407l","time":1608224222,"event":{"mods":["Alarm Clock","AlwaysNeverKeys","BaseMod","Better Altar","Better Match","Better Note","Better Sensory Stone","Better Skull","Better Third Choice","Better Vampires","Block Reminder","Booster Modes","Challenge The Spire","Colored Map","Colored Powertips","Disable Question Mark Monsters","Emptier Cage","Infinite Spire","Minty Spire (QoL Compilation)","Permanent Neow","Quick Restart","Rare Cards Sparkle","Reorder Act Four","Replay The Spire","Spicy Shops","StSLib","The Blue Laboratory","Transform Curses","Unceasing Turn Reminder"],"gold_per_floor":[366,366,366,382,5,42,42,42,113,130,153,10,34,34,34,144,234,259,268,293,306,323,323,348,387,413,442,128,128,149,149,149,272,272,304,336,378,425,464,464,523,578,578,647,656,739,803,874,874,874,874,110,110,160,160],"floor_reached":56,"playtime":3392,"items_purged":["Setup","Outmaneuver","ReplayTheSpireMod:Necrosis"],"score":1280,"play_id":"a23a42c8-6de8-4888-a934-6c1a38d39a29","local_time":"20201217115702","is_ascension_mode":true,"campfire_choices":[{"data":"Calculated Gamble","floor":8,"key":"SMITH"},{"floor":15,"key":"REST"},{"data":"Cloak And Dagger","floor":23,"key":"SMITH"},{"floor":32,"key":"REST"},{"data":"Envenom","floor":40,"key":"SMITH"},{"data":"A Thousand Cuts","floor":49,"key":"SMITH"},{"data":"ReplayTheSpireMod:Scrap Shanks","floor":53,"key":"SMITH"}],"circlet_count":0,"master_deck":["Survivor","Neutralize","Panache+1","Cloak And Dagger+1","Accuracy+1","Calculated Gamble+1","Prepared+1","Hidden Blade","Adrenaline","Dash","Die Die Die","Dagger Throw","Crippling Poison","A Thousand Cuts+1","Grand Finale","ReplayTheSpireMod:The Works","Blur","Hidden Blade","Heel Hook+1","ReplayTheSpireMod:Speed Training+1","Underhanded Strike","Prepared","Cloak And Dagger+1","Envenom+1","Reflex+1","Underhanded Strike+1","ReplayTheSpireMod:Scrap Shanks+1","Accuracy","infinitespire:Collect","Acrobatics+1","Tactician+1","Calculated Gamble"],"relics":["Ring of the Snake","CeramicFish","Orichalcum","Snack Pack","War Paint","Guide Book","Blue Doll","Replay:Rubber Ducky","Pandora\u0027s Box","ClockworkSouvenir","ReplayTheSpireMod:Lightbulb","Omamori","Ninja Scroll","infinitespire:EvilPickle","Painkiller Herb","Incense Burner","infinitespire:Eraser","infinitespire:PuzzleCube","infinitespire:Golems Mask","Bag of Marbles","infinitespire:Satchel","Chemical X","Gremlin Horn","Gremlin Food"],"acts_visited":["Exordium","TheCity","TheBeyond","TheEnding"],"potions_floor_usage":[16,25,37,37,44,44,54,54],"damage_taken":[{"damage":2,"enemies":"2 Louse","floor":1,"turns":3},{"damage":4,"enemies":"Small Slimes","floor":4,"turns":5},{"damage":29,"enemies":"Gremlin Nob","floor":6,"turns":5},{"damage":4,"enemies":"Jaw Worm","floor":10,"turns":6},{"damage":5,"enemies":"Exordium Wildlife","floor":13,"turns":3},{"damage":36,"enemies":"Slime Boss","floor":16,"turns":14},{"damage":5,"enemies":"2 Thieves","floor":18,"turns":4},{"damage":1,"enemies":"Chosen","floor":20,"turns":3},{"damage":0,"enemies":"Centurion and Healer","floor":21,"turns":3},{"damage":5,"enemies":"Chosen and Byrds","floor":22,"turns":5},{"damage":1,"enemies":"Cultist and Chosen","floor":24,"turns":4},{"damage":41,"enemies":"Book of Stabbing","floor":25,"turns":7},{"damage":11,"enemies":"Centurion and Healer","floor":27,"turns":3},{"damage":6,"enemies":"Snake Plant","floor":30,"turns":2},{"damage":0,"enemies":"Colosseum Slavers","floor":31,"turns":3},{"damage":19,"enemies":"Pondfish","floor":33,"turns":7},{"damage":9,"enemies":"3 Darklings","floor":35,"turns":3},{"damage":0,"enemies":"Orb Walker","floor":36,"turns":2},{"damage":0,"enemies":"Writhing Mass","floor":37,"turns":3},{"damage":3,"enemies":"Maw","floor":38,"turns":5},{"damage":0,"enemies":"4 Shapes","floor":39,"turns":3},{"damage":24,"enemies":"Mind Bloom Boss Battle","floor":41,"turns":5},{"damage":0,"enemies":"Spire Growth","floor":42,"turns":2},{"damage":44,"enemies":"Nightmare","floor":44,"turns":5},{"damage":30,"enemies":"Nemesis","floor":46,"turns":5},{"damage":0,"enemies":"Writhing Mass","floor":47,"turns":2},{"damage":0,"enemies":"Transient","floor":48,"turns":5},{"damage":5,"enemies":"Awakened One","floor":50,"turns":5},{"damage":3,"enemies":"Shield and Spear","floor":54,"turns":2},{"damage":1,"enemies":"The Heart","floor":55,"turns":1}],"seed_played":"-3310838933740841557","potions_obtained":[{"floor":4,"key":"EssenceOfSteel"},{"floor":6,"key":"Adrenaline Potion"},{"floor":13,"key":"FearPotion"},{"floor":21,"key":"blueLaboratory:HummingbirdPotion"},{"floor":24,"key":"Block Potion"},{"floor":30,"key":"SneckoOil"},{"floor":33,"key":"Adrenaline Potion"},{"floor":37,"key":"Languid Potion"},{"floor":38,"key":"blueLaboratory:StoneskinPotion"},{"floor":41,"key":"blueLaboratory:NinjaPotion"},{"floor":47,"key":"blueLaboratory:AbyssPotion"},{"floor":48,"key":"blueLaboratory:LouseDecoction"}],"is_trial":false,"path_per_floor":["M","?","?","M","$","E","?","R","T","M","T","$","M","?","R","B",null,"M","AVR","M","M","M","R","M","E","T","M","$","?","M","?","R","B",null,"?","?","?","?","?","T","?","?","T","NM","AVR","E","?","?","T","B",null,"T","T","E","B",null],"character_chosen":"THE_SILENT","items_purchased":["Accuracy","Calculated Gamble","CeramicFish","Guide Book","Ninja Scroll","Tactician+1","Bag of Marbles","infinitespire:Satchel","Chemical X","Gremlin Horn"],"campfire_rested":2,"item_purchase_floors":[5,5,5,12,28,52,52,52,52,52],"current_hp_per_floor":[68,61,61,57,57,28,49,49,49,49,49,49,46,11,32,12,70,65,65,68,70,65,65,70,31,31,20,20,20,18,22,43,40,70,63,69,70,69,70,70,50,56,56,24,24,8,20,44,44,61,70,70,70,70,69],"gold":160,"neow_bonus":"TWO_FIFTY_GOLD","is_daily":false,"chose_seed":false,"campfire_upgraded":5,"win_rate":0.0,"timestamp":1608224222,"path_taken":["M","?","?","M","$","E","?","R","T","?","?","?","M","?","R","BOSS","M","AVR","?","?","M","R","M","E","T","M","?","?","M","?","R","BOSS","?","?","?","?","?","T","?","?","T","NM","AVR","E","?","?","T","BOSS","T","T","E","BOSS"],"items_purchased_type":["Card","Card","Relic","Relic","Relic","Card","Relic","Relic","Relic","Relic"],"build_version":"2020-12-13","purchased_purges":3,"victory":true,"max_hp_per_floor":[70,70,70,70,70,70,70,70,70,70,70,70,70,70,70,70,70,70,70,70,70,70,70,70,70,70,70,70,70,70,70,70,70,70,70,70,70,70,70,70,70,70,70,70,70,70,70,70,70,70,70,70,70,70,70],"card_choices":[{"not_picked":["Deadly Poison","PiercingWail"],"picked":"Outmaneuver","floor":1},{"not_picked":["Replay:Sssssssssstrike","Deep Breath"],"picked":"Panache","floor":3},{"not_picked":["Setup","Reflex"],"picked":"Cloak And Dagger","floor":4},{"not_picked":["Predator","Dodge and Roll"],"picked":"Prepared","floor":6},{"not_picked":["Setup","Sucker Punch","Noxious Fumes"],"picked":"SKIP","floor":10},{"not_picked":["Malaise","Backstab"],"picked":"Hidden Blade","floor":13},{"not_picked":["Poison Darts","Corpse Explosion"],"picked":"Adrenaline","floor":16},{"not_picked":["Outmaneuver","ReplayTheSpireMod:Speed Training"],"picked":"Hidden Blade","floor":18},{"not_picked":["Distraction","Finisher"],"picked":"Heel Hook+1","floor":20},{"not_picked":["Dodge and Roll+1","Bane+1","Flying Knee"],"picked":"SKIP","floor":21},{"not_picked":["Bouncing Flask","Catalyst","Terror"],"picked":"SKIP","floor":22},{"not_picked":["Fluid Movement","Backflip+1"],"picked":"ReplayTheSpireMod:Speed Training+1","floor":24},{"not_picked":["Backflip","ReplayTheSpireMod:Tripwire"],"picked":"Underhanded Strike","floor":25},{"not_picked":["Deadly Poison","Poisoned Stab"],"picked":"Prepared","floor":27},{"not_picked":["Draining Mist+1","Poisoned Stab"],"picked":"Cloak And Dagger+1","floor":30},{"not_picked":["infinitespire:Neurotoxin","Burst"],"picked":"Envenom","floor":33},{"not_picked":["Endless Agony+1","Outmaneuver+1","Heel Hook+1"],"picked":"SKIP","floor":35},{"not_picked":["Noxious Fumes","Toxin Wave+1","Poisoned Stab+1"],"picked":"SKIP","floor":36},{"not_picked":["ReplayTheSpireMod:Shiv Toss+1","Bane+1","Reflex+1"],"picked":"SKIP","floor":37},{"not_picked":["ReplayTheSpireMod:Shiv Toss+1","Bane+1"],"picked":"Reflex+1","floor":37},{"not_picked":["Replay:Poison Smokescreen","Sucker Punch+1"],"picked":"Underhanded Strike+1","floor":38},{"not_picked":["Bane","Outmaneuver","Toxin Wave"],"picked":"SKIP","floor":39},{"not_picked":["Distraction+1","Dodge and Roll+1"],"picked":"ReplayTheSpireMod:Scrap Shanks","floor":41},{"not_picked":["Outmaneuver","Deflect+1"],"picked":"Accuracy","floor":42},{"not_picked":["Infinite Blades","Blade Dance+1","Unload"],"picked":"SKIP","floor":44},{"not_picked":["Outmaneuver","Deadly Poison"],"picked":"Acrobatics+1","floor":46},{"not_picked":["Underhanded Strike","Terror+1","Fluid Movement"],"picked":"SKIP","floor":47},{"not_picked":["Slice","PiercingWail","Sneak Up"],"picked":"SKIP","floor":48},{"not_picked":["Dodge and Roll+1","Finisher+1"],"picked":"Calculated Gamble","floor":54}],"player_experience":676767,"relics_obtained":[{"floor":6,"key":"Orichalcum"},{"floor":9,"key":"Snack Pack"},{"floor":11,"key":"War Paint"},{"floor":25,"key":"ReplayTheSpireMod:Lightbulb"},{"floor":26,"key":"Omamori"},{"floor":41,"key":"Incense Burner"},{"floor":43,"key":"infinitespire:Eraser"},{"floor":44,"key":"infinitespire:PuzzleCube"},{"floor":46,"key":"infinitespire:Golems Mask"},{"floor":54,"key":"Gremlin Food"}],"event_choices":[{"cards_removed":["Doubt"],"damage_healed":0,"gold_gain":0,"player_choice":"Card Removal","damage_taken":7,"max_hp_gain":0,"max_hp_loss":0,"event_name":"Golden Wing","floor":2,"gold_loss":0},{"damage_healed":0,"gold_gain":1,"player_choice":"1","damage_taken":0,"max_hp_gain":0,"max_hp_loss":0,"event_name":"betterStone:BetterStone","floor":3,"gold_loss":0},{"damage_healed":0,"gold_gain":0,"player_choice":"RE RE ","damage_taken":39,"relics_obtained":["Blue Doll","Replay:Rubber Ducky"],"max_hp_gain":0,"max_hp_loss":0,"event_name":"betterSkull:BetterSkull","floor":14,"gold_loss":0,"cards_upgraded":[]},{"cards_removed":["infinitespire:SealOfDarkness"],"damage_healed":0,"gold_gain":0,"player_choice":"Give","damage_taken":0,"max_hp_gain":0,"max_hp_loss":0,"event_name":"betterNote:BetterNote","floor":29,"gold_loss":0,"cards_obtained":["Eruption"]},{"damage_healed":0,"gold_gain":0,"player_choice":"Fight","damage_taken":0,"max_hp_gain":0,"max_hp_loss":0,"event_name":"Colosseum","floor":31,"gold_loss":0},{"damage_healed":0,"gold_gain":0,"player_choice":"Fled From Nobs","damage_taken":0,"max_hp_gain":0,"max_hp_loss":0,"event_name":"Colosseum","floor":31,"gold_loss":0},{"damage_healed":0,"gold_gain":0,"player_choice":"Fight","damage_taken":0,"max_hp_gain":0,"max_hp_loss":0,"event_name":"MindBloom","floor":41,"gold_loss":0}],"is_beta":false,"boss_relics":[{"not_picked":["Runic Pyramid","Runic Dome"],"picked":"Pandora\u0027s Box"},{"not_picked":["SacredBark","Snecko Eye"],"picked":"Painkiller Herb"}],"items_purged_floors":[19,28,52],"is_endless":false,"potions_floor_spawned":[4,6,13,21,24,30,31,33,37,38,41,47,48],"ascension_level":1}}