{"host":"usewcu4ohw2wtmxk","time":1608232393,"event":{"mods":["AchievementEnabler","BaseMod","BetterRewards","Colored Powertips","Minty Spire (QoL Compilation)","Permanent Neow","Quick Restart","Relic Sorter","Relic Stats","Shop Mod","StSLib"],"gold_per_floor":[109,34,34,44,44,44,56,89,89,115,127,50,80,99,99,177,177,190,190,190],"floor_reached":19,"playtime":374,"items_purged":[],"score":354,"play_id":"7cd9b6b0-81ec-4375-94ff-5e68b55ba747","local_time":"20201218031313","is_ascension_mode":true,"campfire_choices":[{"data":"Eruption","floor":6.0,"key":"SMITH"},{"floor":15.0,"key":"REST"}],"circlet_count":0,"master_deck":["AscendersBane","Strike_P+1","Strike_P","Strike_P","Strike_P","Defend_P+1","Defend_P","Defend_P","Eruption+1","Vigilance","Adaptation","LessonLearned","CutThroughFate","Vault","Conclude"],"relics":["PureWater","Vajra","Bronze Scales","Turnip","Gremlin Horn","Pen Nib","Black Star"],"acts_visited":["Exordium","TheCity"],"potions_floor_usage":[18],"damage_taken":[{"damage":7.0,"enemies":"Cultist","floor":1.0,"turns":3.0},{"damage":0.0,"enemies":"Small Slimes","floor":4.0,"turns":2.0},{"damage":4.0,"enemies":"Jaw Worm","floor":7.0,"turns":2.0},{"damage":20.0,"enemies":"Gremlin Nob","floor":8.0,"turns":3.0},{"damage":2.0,"enemies":"3 Sentries","floor":10.0,"turns":4.0},{"damage":0.0,"enemies":"2 Fungi Beasts","floor":11.0,"turns":2.0},{"damage":3.0,"enemies":"Blue Slaver","floor":14.0,"turns":3.0},{"damage":28.0,"enemies":"The Guardian","floor":16.0,"turns":10.0},{"damage":22,"enemies":"Chosen","floor":18,"turns":5},{"damage":0,"enemies":"Shell Parasite","floor":19,"turns":1}],"seed_played":"-2842735605931587600","potions_obtained":[{"floor":1.0,"key":"SkillPotion"},{"floor":8.0,"key":"Ancient Potion"},{"floor":14.0,"key":"LiquidMemories"},{"floor":16.0,"key":"Dexterity Potion"},{"floor":18,"key":"CultistPotion"}],"is_trial":false,"path_per_floor":["M","?","?","M","?","R","M","E","T","E","M","$","?","M","R","B",null,"M","M"],"character_chosen":"WATCHER","items_purchased":["LessonLearned"],"campfire_rested":1,"item_purchase_floors":[12],"current_hp_per_floor":[54,54,59,59,41,41,37,17,17,15,15,15,15,12,33,5,56,34,34,34],"gold":190,"neow_bonus":"RANDOM_COMMON_RELIC","is_daily":false,"chose_seed":false,"campfire_upgraded":1,"win_rate":0.0,"timestamp":1608232393,"path_taken":["M","?","?","M","?","R","M","E","T","E","M","?","?","M","R","BOSS","M","M"],"items_purchased_type":["Card"],"build_version":"2020-12-13","purchased_purges":0,"victory":false,"max_hp_per_floor":[68,68,73,73,73,73,73,73,73,73,73,73,73,73,73,73,73,73,73,73],"relic_stats":{"Gremlin Horn":[3,3],"counters":[10,35],"Bronze Scales":[57],"Turnip":[0],"Pen Nib":[3],"Black Star":0,"obtain_stats":[{"Gremlin Horn":9,"Bronze Scales":5,"Vajra":0,"Turnip":8,"Pen Nib":10,"Black Star":17,"PureWater":0},{"Gremlin Horn":4,"Bronze Scales":2,"Vajra":0,"Turnip":4,"Pen Nib":5,"Black Star":8,"PureWater":0},{"Gremlin Horn":10,"Bronze Scales":5,"Vajra":0,"Turnip":10,"Pen Nib":14,"Black Star":29,"PureWater":0}]},"card_choices":[{"not_picked":["CrushJoints","Halt"],"picked":"Adaptation","floor":1.0},{"not_picked":["FollowUp","EmptyFist","SashWhip"],"picked":"SKIP","floor":4.0},{"not_picked":["Evaluate","Sanctity","Fasting2"],"picked":"SKIP","floor":7.0},{"not_picked":["SignatureMove","Wish","Halt"],"picked":"SKIP","floor":8.0},{"not_picked":["Evaluate","CrushJoints","Protect"],"picked":"SKIP","floor":10.0},{"not_picked":["Halt","Nirvana","EmptyBody"],"picked":"SKIP","floor":11.0},{"not_picked":["Protect","Consecrate"],"picked":"CutThroughFate","floor":14.0},{"not_picked":["Establishment","DevaForm"],"picked":"Vault","floor":16.0},{"not_picked":["ThirdEye","Vengeance"],"picked":"Conclude","floor":18}],"player_experience":281649,"relics_obtained":[{"floor":8.0,"key":"Turnip"},{"floor":9.0,"key":"Gremlin Horn"},{"floor":10.0,"key":"Pen Nib"}],"event_choices":[{"cards_removed":["Defend_P"],"damage_healed":0.0,"max_hp_gain":0.0,"max_hp_loss":0.0,"gold_gain":0.0,"event_name":"The Cleric","player_choice":"Card Removal","floor":2.0,"gold_loss":75.0,"damage_taken":0.0},{"damage_healed":0.0,"max_hp_gain":5.0,"max_hp_loss":0.0,"gold_gain":0.0,"event_name":"Big Fish","player_choice":"Donut","floor":3.0,"gold_loss":0.0,"damage_taken":0.0},{"damage_healed":0.0,"max_hp_gain":0.0,"max_hp_loss":0.0,"gold_gain":0.0,"event_name":"Scrap Ooze","player_choice":"Success","floor":5.0,"gold_loss":0.0,"damage_taken":18.0,"relics_obtained":["Bronze Scales"]},{"damage_healed":0.0,"max_hp_gain":0.0,"max_hp_loss":0.0,"gold_gain":30.0,"event_name":"Dead Adventurer","player_choice":"Searched \u00271\u0027 times","floor":13.0,"gold_loss":0.0,"damage_taken":0.0}],"is_beta":false,"boss_relics":[{"not_picked":["Busted Crown","Empty Cage"],"picked":"Black Star"}],"items_purged_floors":[],"is_endless":false,"potions_floor_spawned":[1,8,14,16,18],"killed_by":"Shell Parasite","ascension_level":20}}