{"host":"6ko66ogg91i6g7xq","time":1608177893,"event":{"mods":["AchievementEnabler","Act Like it!","BaseMod","Colored Map","Colored Powertips","Downfall","Hermit","Minty Spire (QoL Compilation)","Quick Restart","Relic Stats","StSLib","The Jungle","everything is the same but u backflip on backflip"],"gold_per_floor":[112,112,131,131,141,141,170,170,196,239,239,107,107,120,120,224,224,237,178,178,178,138,167,184,227,253,279,279,279],"floor_reached":28,"playtime":857,"items_purged":[],"score":296,"play_id":"6f8a5bdf-416c-4e89-a00f-44938d0a6202","local_time":"20201216230453","is_ascension_mode":true,"campfire_choices":[{"floor":6,"key":"RECALL"},{"floor":11,"key":"REST"},{"floor":15,"key":"REST"}],"circlet_count":0,"master_deck":["Strike_G+1","Strike_G+1","Strike_G+1","Strike_G","Strike_G+1","Defend_G","Defend_G","Defend_G","Defend_G","Defend_G","Survivor","Neutralize","Noxious Fumes+1","Footwork","Backflip","Deadly Poison","Noxious Fumes","Venomology","Adrenaline","Blur","Crippling Poison"],"relics":["Ring of the Snake","NeowsBlessing","Orichalcum","Bronze Scales","CeramicFish","SlaversCollar","Anchor","Shuriken","Letter Opener","Art of War","FossilizedHelix"],"acts_visited":["Exordium","TheCity"],"potions_floor_usage":[7,16,18,23,24,24,25,25,27,27],"damage_taken":[{"damage":0,"enemies":"2 Louse","floor":1,"turns":1},{"damage":0,"enemies":"Cultist","floor":3,"turns":1},{"damage":0,"enemies":"Jaw Worm","floor":5,"turns":1},{"damage":22,"enemies":"Lagavulin","floor":7,"turns":8},{"damage":16,"enemies":"3 Sentries","floor":10,"turns":7},{"damage":2,"enemies":"Exordium Thugs","floor":14,"turns":4},{"damage":38,"enemies":"The Guardian","floor":16,"turns":9},{"damage":0,"enemies":"3 Byrds","floor":18,"turns":3},{"damage":10,"enemies":"Slavers","floor":23,"turns":5},{"damage":7,"enemies":"Spheric Guardian","floor":24,"turns":5},{"damage":32,"enemies":"Book of Stabbing","floor":25,"turns":4},{"damage":4,"enemies":"Gremlin Leader","floor":27,"turns":6},{"damage":0,"enemies":"Snake Plant","floor":28,"turns":2}],"seed_played":"9189184455514584577","potions_obtained":[{"floor":1,"key":"Poison Potion"},{"floor":3,"key":"SpeedPotion"},{"floor":23,"key":"Poison Potion"},{"floor":24,"key":"Poison Potion"}],"is_trial":false,"path_per_floor":["M","?","M","?","M","R","E","$","T","E","R","$","$","M","R","B",null,"M","$","?","$","?","E","M","E","T","E","M"],"character_chosen":"THE_SILENT","items_purchased":["Noxious Fumes","Venomology","Blur"],"campfire_rested":2,"item_purchase_floors":[12,12,19],"current_hp_per_floor":[70,56,56,56,56,56,34,34,34,18,39,39,39,37,58,20,70,70,70,70,70,70,60,53,21,21,17,17,17],"gold":279,"neow_bonus":"THREE_ENEMY_KILL","is_daily":false,"chose_seed":false,"campfire_upgraded":0,"win_rate":0.0,"timestamp":1608177893,"path_taken":["M","?","M","?","?","R","E","$","T","E","R","?","$","M","R","BOSS","M","$","?","?","?","E","?","E","T","E","M"],"items_purchased_type":["Card","Card","Card"],"build_version":"2020-12-13","purchased_purges":0,"victory":false,"max_hp_per_floor":[70,70,70,70,70,70,70,70,70,70,70,70,70,70,70,70,70,70,70,70,70,70,70,70,70,70,70,70,70],"relic_stats":{"counters":[13,56],"Shuriken":[5],"Bronze Scales":[182],"CeramicFish":54,"Art of War":[1],"Letter Opener":[30],"Orichalcum":[84],"obtain_stats":[{"SlaversCollar":17,"Anchor":20,"NeowsBlessing":0,"Shuriken":23,"Bronze Scales":9,"CeramicFish":10,"Art of War":26,"Letter Opener":25,"Orichalcum":7,"FossilizedHelix":27,"Ring of the Snake":0},{"SlaversCollar":7,"Anchor":8,"NeowsBlessing":0,"Shuriken":9,"Bronze Scales":4,"CeramicFish":5,"Art of War":11,"Letter Opener":11,"Orichalcum":4,"FossilizedHelix":12,"Ring of the Snake":0},{"SlaversCollar":31,"Anchor":34,"NeowsBlessing":0,"Shuriken":39,"Bronze Scales":11,"CeramicFish":18,"Art of War":48,"Letter Opener":48,"Orichalcum":11,"FossilizedHelix":54,"Ring of the Snake":0}],"Ring of the Snake":[26]},"card_choices":[{"not_picked":["Escape Plan","Leg Sweep"],"picked":"Noxious Fumes","floor":1},{"not_picked":["Blade Dance","Masterful Stab"],"picked":"Footwork","floor":3},{"not_picked":["Tactician","Calculated Gamble","Terror"],"picked":"SKIP","floor":5},{"not_picked":["Dagger Throw","Flechettes"],"picked":"Backflip","floor":7},{"not_picked":["Outmaneuver","Dodge and Roll"],"picked":"Deadly Poison","floor":10},{"not_picked":["Cloak And Dagger","Flying Knee","Endless Agony"],"picked":"SKIP","floor":14},{"not_picked":["Phantasmal Killer","Storm of Steel"],"picked":"Adrenaline","floor":16},{"not_picked":["Expertise+1","Dagger Spray+1","Accuracy"],"picked":"SKIP","floor":18},{"not_picked":["Setup+1","Deflect","Bullet Time"],"picked":"SKIP","floor":23},{"not_picked":["Underhanded Strike","Infinite Blades+1","Acrobatics"],"picked":"SKIP","floor":24},{"not_picked":["Malaise","Infinite Blades+1"],"picked":"Crippling Poison","floor":25},{"not_picked":["Choke","Underhanded Strike","Endless Agony+1"],"picked":"SKIP","floor":27}],"player_experience":278592,"relics_obtained":[{"floor":7,"key":"Orichalcum"},{"floor":9,"key":"Bronze Scales"},{"floor":10,"key":"CeramicFish"},{"floor":20,"key":"Anchor"},{"floor":23,"key":"Shuriken"},{"floor":25,"key":"Letter Opener"},{"floor":26,"key":"Art of War"},{"floor":27,"key":"FossilizedHelix"}],"event_choices":[{"damage_healed":0,"gold_gain":0,"player_choice":"Entered Light","damage_taken":14,"max_hp_gain":0,"max_hp_loss":0,"event_name":"Shining Light","floor":2,"gold_loss":0,"cards_upgraded":["Strike_G","Strike_G"]},{"damage_healed":0,"gold_gain":0,"player_choice":"Forge","damage_taken":0,"max_hp_gain":0,"max_hp_loss":0,"event_name":"Accursed Blacksmith","floor":4,"gold_loss":0,"cards_upgraded":["Noxious Fumes"]},{"damage_healed":0,"gold_gain":0,"player_choice":"Relic","damage_taken":0,"max_hp_gain":0,"max_hp_loss":0,"event_name":"Wheel of Change","floor":20,"gold_loss":0},{"damage_healed":0,"gold_gain":0,"player_choice":"Upgraded Two","damage_taken":0,"max_hp_gain":0,"max_hp_loss":0,"event_name":"Designer","floor":22,"gold_loss":40,"cards_upgraded":["Strike_G","Strike_G"]}],"is_beta":false,"boss_relics":[{"not_picked":["Snecko Eye","Philosopher\u0027s Stone"],"picked":"SlaversCollar"}],"items_purged_floors":[],"is_endless":false,"potions_floor_spawned":[1,3,23,24],"killed_by":"Snake Plant","ascension_level":1}}