{"host":"pl1fbpkom0aq337f","time":1608219218,"event":{"mods":["AchievementEnabler","BaseMod","Colored Map","Minty Spire (QoL Compilation)"],"gold_per_floor":[111,122,122,135,98,113,113,138,158,183,41,41,18,18,50,50,145,145,159,159,177,177,177,205,223,223,223,223,249,249,280,311,164,164,164,267,267,284,294,165,165,165,192,192,209,209,258,270,270,270,304,176,188,188,188,188],"floor_reached":57,"playtime":3799,"items_purged":["Strike_G","Pain"],"score":1259,"play_id":"65ca81e4-0a39-4a8d-b2f3-78ea056a86ab","local_time":"20201217163338","is_ascension_mode":true,"campfire_choices":[{"data":"Neutralize","floor":7.0,"key":"SMITH"},{"floor":12.0,"key":"REST"},{"floor":16.0,"key":"REST"},{"data":"Well Laid Plans","floor":34.0,"key":"SMITH"},{"floor":35.0,"key":"REST"},{"data":"Caltrops","floor":44.0,"key":"SMITH"},{"data":"Caltrops","floor":46.0,"key":"SMITH"},{"data":"Footwork","floor":49.0,"key":"SMITH"},{"data":"Catalyst","floor":54,"key":"SMITH"},{"data":"Footwork","floor":55,"key":"SMITH"}],"circlet_count":0,"master_deck":["Survivor","Neutralize+1","PiercingWail","Sucker Punch+1","Well Laid Plans+1","Footwork+1","Dash+1","Caltrops+1","Caltrops+1","Acrobatics","Adrenaline","Footwork","Corpse Explosion","Venomology","Tactician","Leg Sweep","Flechettes","Sucker Punch","Escape Plan+1","Backflip","Dodge and Roll","Leg Sweep","Ghostly","Ghostly","Ghostly","Ghostly","Ghostly","Catalyst+1","Malaise","Catalyst+1","Footwork+1","Deflect+1"],"relics":["Philosopher\u0027s Stone","Anchor","Happy Flower","Smiling Mask","Pandora\u0027s Box","Whetstone","Potion Belt","Letter Opener","PreservedInsect","Red Mask","Ancient Tea Set","Membership Card","Cursed Key","HornCleat","Bag of Preparation","Orichalcum","Bronze Scales"],"acts_visited":["Exordium","TheCity","TheBeyond"],"potions_floor_usage":[51,53,56,56],"damage_taken":[{"damage":6.0,"enemies":"Cultist","floor":1.0,"turns":5.0},{"damage":3.0,"enemies":"Jaw Worm","floor":2.0,"turns":6.0},{"damage":0.0,"enemies":"Small Slimes","floor":4.0,"turns":5.0},{"damage":9.0,"enemies":"3 Louse","floor":6.0,"turns":5.0},{"damage":39.0,"enemies":"3 Sentries","floor":8.0,"turns":14.0},{"damage":0.0,"enemies":"2 Fungi Beasts","floor":9.0,"turns":4.0},{"damage":7.0,"enemies":"Gremlin Nob","floor":15.0,"turns":4.0},{"damage":8.0,"enemies":"The Guardian","floor":17.0,"turns":12.0},{"damage":2.0,"enemies":"Shell Parasite","floor":19.0,"turns":6.0},{"damage":6.0,"enemies":"3 Byrds","floor":21.0,"turns":3.0},{"damage":5.0,"enemies":"Slavers","floor":24.0,"turns":3.0},{"damage":8.0,"enemies":"Sentry and Sphere","floor":25.0,"turns":4.0},{"damage":3.0,"enemies":"Book of Stabbing","floor":29.0,"turns":7.0},{"damage":27.0,"enemies":"Masked Bandits","floor":31.0,"turns":5.0},{"damage":0.0,"enemies":"Slavers","floor":32.0,"turns":5.0},{"damage":2.0,"enemies":"Automaton","floor":36.0,"turns":11.0},{"damage":0.0,"enemies":"3 Darklings","floor":38.0,"turns":5.0},{"damage":2.0,"enemies":"Orb Walker","floor":39.0,"turns":6.0},{"damage":5.0,"enemies":"Nemesis","floor":43.0,"turns":9.0},{"damage":0.0,"enemies":"Spire Growth","floor":45.0,"turns":5.0},{"damage":7.0,"enemies":"Transient","floor":48.0,"turns":5.0},{"damage":1,"enemies":"Reptomancer","floor":51,"turns":7},{"damage":0,"enemies":"Maw","floor":53,"turns":8},{"damage":0,"enemies":"Time Eater","floor":56,"turns":11}],"seed_played":"-5138134415562412199","potions_obtained":[{"floor":4.0,"key":"Strength Potion"},{"floor":6.0,"key":"Ancient Potion"},{"floor":9.0,"key":"BlessingOfTheForge"},{"floor":15.0,"key":"Explosive Potion"},{"floor":25.0,"key":"EntropicBrew"},{"floor":31.0,"key":"Ancient Potion"},{"floor":32.0,"key":"BlessingOfTheForge"},{"floor":43.0,"key":"LiquidBronze"},{"floor":48.0,"key":"PowerPotion"},{"floor":51,"key":"PowerPotion"}],"is_trial":false,"path_per_floor":["M","M","$","M","$","M","R","E","M","T","$","R","?","?","E","R","B",null,"M","?","M","?","$","E","M","$","T","T","E","?","?","E","$","R","R","B",null,"M","M","$","?","?","E","R","M","R","T","M","R","?","E","$","M","R","R","B",null],"character_chosen":"THE_SILENT","items_purchased":["Well Laid Plans","Caltrops","Membership Card","HornCleat","Bronze Scales"],"campfire_rested":3,"item_purchase_floors":[5,11,33,40,52],"current_hp_per_floor":[57,54,54,54,54,45,45,6,6,6,6,27,27,13,6,27,19,57,55,55,49,49,49,44,36,36,36,36,33,33,6,6,6,6,16,14,30,30,28,28,28,28,23,23,23,23,23,16,16,16,15,15,15,15,15,15],"gold":188,"neow_bonus":"BOSS_RELIC","is_daily":false,"chose_seed":false,"campfire_upgraded":7,"win_rate":0.0,"timestamp":1608219218,"path_taken":["M","M","?","M","$","M","R","E","M","T","$","R","?","?","E","R","BOSS","M","?","M","?","$","E","M","$","T","T","E","?","?","E","$","R","R","BOSS","M","M","$","?","?","E","R","?","R","T","M","R","?","E","$","M","R","R","BOSS"],"items_purchased_type":["Card","Card","Relic","Relic","Relic"],"build_version":"2020-12-13","purchased_purges":2,"victory":true,"max_hp_per_floor":[70,70,70,70,70,70,70,70,70,70,70,70,70,70,70,70,70,70,70,70,70,70,70,70,70,70,70,70,70,35,35,35,35,35,35,35,35,35,35,35,33,33,33,33,33,33,33,33,33,33,33,33,33,33,33,33],"card_choices":[{"not_picked":["Outmaneuver","Slice","Riddle With Holes"],"picked":"SKIP","floor":1.0},{"not_picked":["Dagger Spray","Infinite Blades"],"picked":"PiercingWail","floor":2.0},{"not_picked":["Deflect","PiercingWail"],"picked":"Sucker Punch","floor":4.0},{"not_picked":["Flying Knee","Outmaneuver"],"picked":"Footwork","floor":6.0},{"not_picked":["Predator","Grand Finale"],"picked":"Dash","floor":8.0},{"not_picked":["Deflect","Blade Dance"],"picked":"Caltrops","floor":9.0},{"not_picked":["Quick Slash","Dagger Spray"],"picked":"Acrobatics","floor":15.0},{"not_picked":["Tools of the Trade","Die Die Die"],"picked":"Adrenaline","floor":17.0},{"not_picked":["Terror+1","Predator+1"],"picked":"Escape Plan+1","floor":19.0},{"not_picked":["Poisoned Stab","Underhanded Strike"],"picked":"Backflip","floor":21.0},{"not_picked":["Sucker Punch+1","Envenom"],"picked":"Dodge and Roll","floor":24.0},{"not_picked":["Poisoned Stab+1","Dagger Spray"],"picked":"Leg Sweep","floor":25.0},{"not_picked":["Prepared","Cloak And Dagger","Bane"],"picked":"SKIP","floor":29.0},{"not_picked":["Dash","Dodge and Roll+1"],"picked":"Catalyst+1","floor":31.0},{"not_picked":["Expertise","Underhanded Strike+1","Flechettes"],"picked":"SKIP","floor":32.0},{"not_picked":["Venomology","Night Terror"],"picked":"Malaise","floor":36.0},{"not_picked":["Bouncing Flask","Expertise+1","Terror"],"picked":"SKIP","floor":38.0},{"not_picked":["Bane+1","Predator+1","Quick Slash+1"],"picked":"SKIP","floor":39.0},{"not_picked":["Poisoned Stab","Accuracy","Slice+1"],"picked":"SKIP","floor":43.0},{"not_picked":["Underhanded Strike+1","Blade Dance+1"],"picked":"Catalyst","floor":45.0},{"not_picked":["Flying Knee","Choke"],"picked":"Footwork","floor":48.0},{"not_picked":["Flechettes+1","Underhanded Strike"],"picked":"Deflect+1","floor":51},{"not_picked":["Dagger Throw","Cloak And Dagger+1","Tactician+1"],"picked":"SKIP","floor":53}],"player_experience":390962,"relics_obtained":[{"floor":8.0,"key":"Anchor"},{"floor":10.0,"key":"Happy Flower"},{"floor":15.0,"key":"Smiling Mask"},{"floor":24.0,"key":"Whetstone"},{"floor":27.0,"key":"Potion Belt"},{"floor":28.0,"key":"Letter Opener"},{"floor":29.0,"key":"PreservedInsect"},{"floor":31.0,"key":"Red Mask"},{"floor":32.0,"key":"Ancient Tea Set"},{"floor":43.0,"key":"Bag of Preparation"},{"floor":51,"key":"Orichalcum"}],"event_choices":[{"damage_healed":0.0,"max_hp_gain":0.0,"max_hp_loss":0.0,"gold_gain":0.0,"event_name":"World of Goop","player_choice":"Left Gold","floor":13.0,"gold_loss":23.0,"damage_taken":0.0},{"damage_healed":0.0,"max_hp_gain":0.0,"max_hp_loss":0.0,"gold_gain":0.0,"event_name":"Shining Light","player_choice":"Entered Light","floor":14.0,"gold_loss":0.0,"damage_taken":14.0,"cards_upgraded":["Strike_G","Defend_G"]},{"cards_removed":["Distraction"],"damage_healed":0.0,"max_hp_gain":0.0,"max_hp_loss":0.0,"gold_gain":0.0,"event_name":"Back to Basics","player_choice":"Elegance","floor":20.0,"gold_loss":0.0,"damage_taken":0.0},{"damage_healed":0.0,"max_hp_gain":0.0,"max_hp_loss":35.0,"gold_gain":0.0,"event_name":"Ghosts","player_choice":"Became a Ghost","floor":30.0,"gold_loss":0.0,"damage_taken":0.0,"cards_obtained":["Ghostly","Ghostly","Ghostly","Ghostly","Ghostly"]},{"damage_healed":0.0,"max_hp_gain":0.0,"max_hp_loss":0.0,"gold_gain":0.0,"event_name":"Masked Bandits","player_choice":"Fought Bandits","floor":31.0,"gold_loss":0.0,"damage_taken":0.0},{"damage_healed":0.0,"max_hp_gain":0.0,"max_hp_loss":2.0,"gold_gain":0.0,"event_name":"Winding Halls","player_choice":"Max HP","floor":41.0,"gold_loss":0.0,"damage_taken":0.0},{"cards_removed":["Venomology"],"damage_healed":0.0,"max_hp_gain":0.0,"max_hp_loss":0.0,"gold_gain":0.0,"event_name":"Purifier","player_choice":"Purged","floor":42.0,"gold_loss":0.0,"damage_taken":0.0},{"damage_healed":0.0,"max_hp_gain":0.0,"max_hp_loss":0.0,"gold_gain":0.0,"event_name":"The Moai Head","player_choice":"Ignored","floor":50.0,"gold_loss":0.0,"damage_taken":0.0}],"is_beta":false,"boss_relics":[{"not_picked":["Runic Pyramid","SlaversCollar"],"picked":"Pandora\u0027s Box"},{"not_picked":["HoveringKite","Busted Crown"],"picked":"Cursed Key"}],"items_purged_floors":[11,52],"is_endless":false,"potions_floor_spawned":[4,6,9,15,21,25,31,32,43,45,48,51],"ascension_level":9}}