{"host":"1t0goru2vbnnqaq4","time":1608228803,"event":{"mods":["2.2 Compatiblity","Act Like it!","Alarm Clock","BaseMod","Better Altar","Better Match","Better Note","Better Sensory Stone","Better Skull","Better Vampires","BetterRewards","Disable Question Mark Monsters","Downfall","Marked Mod","Mimic Mod","Minty Spire (QoL Compilation)","Rare Cards Sparkle","Replay The Spire","Spicy Shops","StSLib","Wandering Minibosses"],"gold_per_floor":[0,17,46,46,46,78,105,138,152,2,2,2,19,4,15,111,411,411,411,1,1,0,15,40,40,50,50,68,343,343,359,377,472,472,397,428,473,473,473,473,473,473,487,518,531,591,516,533,547,547],"floor_reached":51,"playtime":3988,"items_purged":["Spreading Infection"],"score":796,"play_id":"1ce88ffe-71b5-42cb-a562-f32998bf0d24","local_time":"20201217131323","is_ascension_mode":false,"campfire_choices":[{"data":"Slimebound:SlimeSlap","floor":1,"key":"SMITH"},{"data":"Slimebound:LevelUp","floor":5,"key":"SMITH"},{"floor":10,"key":"REST"},{"floor":18,"key":"RECALL"},{"data":"Slimebound:Schlurp","floor":21,"key":"SMITH"},{"data":"Slimebound:TagTeam","floor":25,"key":"SMITH"},{"floor":27,"key":"REST"},{"data":"Slimebound:SelfFormingGoo","floor":35,"key":"SMITH"},{"floor":38,"key":"REST"},{"floor":39,"key":"REST"},{"floor":40,"key":"REST"},{"data":"Slimebound:Prepare","floor":42,"key":"SMITH"}],"circlet_count":0,"master_deck":["Slimebound:Strike_Slimebound","Slimebound:Strike_Slimebound","Slimebound:Strike_Slimebound","Slimebound:Tackle","Slimebound:Defend_Slimebound","Slimebound:Defend_Slimebound","Slimebound:Defend_Slimebound","Slimebound:Split","Slimebound:CorrosiveSpit","Slimebound:SlimeSlap+1","Slimebound:SamplingLick","Slimebound:LevelUp+1","Slimebound:GoopSpray","Slimebound:Prepare+1","Slimebound:SplitSpecialist","Slimebound:MassFeed","Slimebound:Schlurp+1","Slimebound:SplitLeeching","Slimebound:TagTeam+1","Pot Of Greed","Pot Of Greed","ReplayTheSpireMod:Faulty Equipment","Slimebound:Icky","Slimebound:PressTheAttack","Pot Of Greed","expansioncontent:CaCaw","Slimebound:SplitAcid","Slimebound:Overexert","Slimebound:GoopSpray","Slimebound:SamplingLick","Slimebound:ProtectTheBoss","Regret","Slimebound:SelfFormingGoo+1","Slimebound:MegaLick","Slimebound:LeechLife","Slimebound:SplitSpecialist","Slimebound:ItLooksTasty","Pot Of Greed","Slimebound:LevelUp","Slimebound:LivingWall","Slimebound:SpikyOuterGoop","Slimebound:Overexert","Slimebound:TongueLash+1","Slimebound:SelfFormingGoo+1","expansioncontent:Collect+1","Slimebound:Nibble+1","Slimebound:Schlurp+1"],"relics":["Slimebound:AbsorbEndCombat","Thread and Needle","Blood Vial","Replay:Kaleidoscope","downfall:HeartBlessingBlue","downfall:HeartBlessingGreen","Ring of Searing","Replay:Ancient Bell","Grinning Jar","Garlic","Old Coin","Nloth\u0027s Gift","ClockworkSouvenir","Oddly Smooth Stone","Runic Pyramid","downfall:HeartBlessingRed","WingedGreaves","Replay:Towering Pillar of Hats","ReplayTheSpireMod:Shallot","Lizard Tail","Lantern"],"acts_visited":["Exordium","TheCity","TheBeyond"],"potions_floor_usage":[16,16,16,20,31,33,37],"damage_taken":[{"damage":5,"enemies":"Jaw Worm","floor":2,"turns":4},{"damage":31,"enemies":"Gremlin Nob","floor":3,"turns":4},{"damage":26,"enemies":"Lagavulin","floor":6,"turns":6},{"damage":25,"enemies":"Gremlin Nob","floor":8,"turns":4},{"damage":0,"enemies":"Cultist","floor":9,"turns":2},{"damage":5,"enemies":"Small Slimes","floor":13,"turns":2},{"damage":23,"enemies":"downfall:FleeingMerchant","floor":14,"turns":4},{"damage":19,"enemies":"3 Louse","floor":15,"turns":3},{"damage":32,"enemies":"downfall:Ironclad","floor":16,"turns":4},{"damage":27,"enemies":"downfall:FleeingMerchant","floor":20,"turns":4},{"damage":15,"enemies":"downfall:FleeingMerchant","floor":22,"turns":4},{"damage":17,"enemies":"Shell Parasite","floor":23,"turns":3},{"damage":14,"enemies":"Chosen","floor":26,"turns":3},{"damage":28,"enemies":"Snecko","floor":28,"turns":4},{"damage":28,"enemies":"Cultist and Chosen","floor":31,"turns":5},{"damage":30,"enemies":"Centurion and Healer","floor":32,"turns":4},{"damage":66,"enemies":"downfall:Silent","floor":33,"turns":7},{"damage":66,"enemies":"Reptomancer","floor":36,"turns":4},{"damage":50,"enemies":"2 Orb Walkers","floor":37,"turns":5},{"damage":36,"enemies":"3 Shapes","floor":43,"turns":5},{"damage":27,"enemies":"Nemesis","floor":44,"turns":5},{"damage":11,"enemies":"3 Darklings","floor":45,"turns":4},{"damage":24,"enemies":"Transient","floor":48,"turns":5},{"damage":43,"enemies":"Maw","floor":49,"turns":7},{"damage":96,"enemies":"downfall:Watcher","floor":50,"turns":10}],"seed_played":"-4954910853505364631","potions_obtained":[{"floor":3,"key":"Explosive Potion"},{"floor":13,"key":"SkillPotion"},{"floor":15,"key":"Adrenaline Potion"},{"floor":16,"key":"Fire Potion"},{"floor":23,"key":"Block Potion"},{"floor":28,"key":"GamblersBrew"},{"floor":31,"key":"Strength Potion"},{"floor":37,"key":"SneckoOil"},{"floor":44,"key":"AttackPotion"},{"floor":46,"key":"Strength Potion"},{"floor":48,"key":"AttackPotion"}],"is_trial":false,"path_per_floor":["R","M","E","?","R","E","T","E","M","R","?","?","M","$","M","B",null,"R","?","$","R","$","M","T","R","M","R","M","?","?","M","M","B",null,"R","E","?","R","R","R","T","R","M","E","M","?","?","M","M","B",null],"character_chosen":"SLIMEBOUND","items_purchased":["ClockworkSouvenir","expansioncontent:CaCaw","Slimebound:SplitAcid"],"campfire_rested":5,"item_purchase_floors":[20,20,20],"current_hp_per_floor":[60,60,41,41,41,35,35,28,38,69,74,74,74,72,68,66,78,78,78,67,67,66,66,66,66,62,81,65,65,65,63,59,23,81,81,31,10,35,60,84,84,84,71,70,81,81,81,85,76,16],"gold":547,"neow_bonus":"THREE_RARE_CARDS","is_daily":false,"chose_seed":false,"campfire_upgraded":6,"win_rate":0.0,"timestamp":1608228803,"path_taken":["R","M","E","?","R","E","T","E","?","R","?","?","M","$","M","BOSS","R","?","$","R","$","?","T","R","M","R","M","?","?","?","M","BOSS","R","E","?","R","R","R","T","R","M","E","M","?","?","?","M","BOSS"],"items_purchased_type":["Relic","Card","Card"],"build_version":"2020-12-13","purchased_purges":1,"victory":true,"max_hp_per_floor":[60,60,60,60,60,60,60,60,60,70,75,75,75,75,75,78,78,78,78,78,78,78,81,81,81,81,81,81,81,81,81,81,81,81,81,81,84,84,84,84,84,84,87,87,87,87,87,87,87,87],"card_choices":[{"not_picked":["Slimebound:DuplicatedForm","Slimebound:OneTwoCombo"],"picked":"Slimebound:SlimeSlap","floor":0},{"not_picked":["Slimebound:Chomp","Slimebound:SplitAcid"],"picked":"Slimebound:SamplingLick","floor":2},{"not_picked":["Slimebound:LeechingTouch","Slimebound:SplitBruiser"],"picked":"Slimebound:LevelUp","floor":3},{"not_picked":["Slimebound:LeechingTouch","Slimebound:GoopTackle"],"picked":"Slimebound:GoopSpray","floor":6},{"not_picked":["Slimebound:SplitBruiser","Slimebound:DisruptingSlam"],"picked":"Slimebound:Prepare","floor":8},{"not_picked":["Slimebound:SplitAcid","Slimebound:HungryTackle"],"picked":"Slimebound:SplitSpecialist","floor":9},{"not_picked":["Slimebound:BestDefense","Slimebound:SplitMire"],"picked":"Slimebound:MassFeed","floor":13},{"not_picked":["Slimebound:Chomp","Slimebound:HungryTackle"],"picked":"Slimebound:Schlurp","floor":14},{"not_picked":["Slimebound:PressTheAttack","Slimebound:FormOfPuddle"],"picked":"Slimebound:SplitLeeching","floor":15},{"not_picked":["Slimebound:SlimeSlap","Slimebound:MassRepurpose"],"picked":"Slimebound:TagTeam","floor":16},{"not_picked":["Parasite","ReplayTheSpireMod:Doomed"],"picked":"ReplayTheSpireMod:Faulty Equipment","floor":17},{"not_picked":["Sickly","Doubt"],"picked":"Slimebound:Icky","floor":17},{"not_picked":["Normality","Amnesia"],"picked":"ReplayTheSpireMod:IOU","floor":17},{"not_picked":["Slimebound:LeechingTouch","Slimebound:GoopTackle"],"picked":"Slimebound:PressTheAttack","floor":20},{"not_picked":["Slimebound:PressTheAttack","Slimebound:LeechEnergy"],"picked":"Slimebound:Overexert","floor":22},{"not_picked":["Slimebound:PressTheAttack","Slimebound:SplitLeeching"],"picked":"Slimebound:GoopSpray","floor":23},{"not_picked":["Slimebound:Dissolve+1","Slimebound:ComboTackle+1"],"picked":"Slimebound:SamplingLick","floor":26},{"not_picked":["Slimebound:RollThrough+1","Slimebound:RallyTheTroops"],"picked":"Slimebound:ProtectTheBoss","floor":28},{"not_picked":["Slimebound:BestDefense","Slimebound:Chomp"],"picked":"Slimebound:SelfFormingGoo","floor":31},{"not_picked":["Slimebound:LeechingTouch","Slimebound:Dissolve+1"],"picked":"Slimebound:MegaLick","floor":32},{"not_picked":["Slimebound:PrepareCrush","Slimebound:Darklings"],"picked":"Slimebound:LeechLife","floor":33},{"not_picked":["Slimebound:Recycling","Slimebound:Grow+1"],"picked":"Slimebound:SplitSpecialist","floor":36},{"not_picked":["Slimebound:ComboTackle+1","Slimebound:SplitLeeching"],"picked":"Slimebound:ItLooksTasty","floor":37},{"not_picked":["Slimebound:Replication+1","Slimebound:ComboTackle+1"],"picked":"Slimebound:LevelUp","floor":43},{"not_picked":["Slimebound:SplitMire","Slimebound:SplitAcid"],"picked":"Slimebound:LivingWall","floor":44},{"not_picked":["Slimebound:SplitSpecialist","Slimebound:Schlurp"],"picked":"Slimebound:SpikyOuterGoop","floor":45},{"not_picked":["Slimebound:GoopTackle+1","Slimebound:AcidTongue+1"],"picked":"Slimebound:Overexert","floor":46},{"not_picked":["Slimebound:GrowthPunch+1","Slimebound:Grow+1"],"picked":"Slimebound:TongueLash+1","floor":46},{"not_picked":["Slimebound:OozeBath+1","Slimebound:MassRepurpose+1"],"picked":"Slimebound:SelfFormingGoo+1","floor":47},{"not_picked":["Trip+1","Panacea+1"],"picked":"expansioncontent:Collect+1","floor":47},{"not_picked":["Slimebound:SplitSpecialist","Slimebound:DisruptingSlam+1"],"picked":"Slimebound:Nibble+1","floor":48},{"not_picked":["Slimebound:ViciousTackle","Slimebound:FinishingTackle"],"picked":"Slimebound:Schlurp+1","floor":49}],"player_experience":677415,"relics_obtained":[{"floor":3,"key":"Thread and Needle"},{"floor":6,"key":"Blood Vial"},{"floor":8,"key":"Replay:Kaleidoscope"},{"floor":12,"key":"Ring of Searing"},{"floor":12,"key":"Ring of Fury"},{"floor":24,"key":"Oddly Smooth Stone"},{"floor":36,"key":"WingedGreaves"},{"floor":37,"key":"Replay:Towering Pillar of Hats"},{"floor":41,"key":"ReplayTheSpireMod:Shallot"},{"floor":44,"key":"Lizard Tail"},{"floor":46,"key":"Lantern"}],"event_choices":[{"cards_removed":["Slimebound:Defend_Slimebound"],"damage_healed":0,"gold_gain":0,"player_choice":"Offered Basic","damage_taken":0,"max_hp_gain":0,"max_hp_loss":0,"event_name":"Bonfire Elementals","floor":4,"gold_loss":0},{"damage_healed":0,"gold_gain":0,"player_choice":"Donut","damage_taken":0,"max_hp_gain":5,"max_hp_loss":0,"event_name":"Big Fish","floor":11,"gold_loss":0},{"damage_healed":0,"gold_gain":0,"player_choice":"Ignored","damage_taken":0,"max_hp_gain":0,"max_hp_loss":0,"event_name":"betterNote:BetterNote","floor":30,"gold_loss":0,"cards_obtained":["sneckomod:UnknownRarePower"]},{"damage_healed":0,"gold_gain":0,"player_choice":"Fight","damage_taken":0,"max_hp_gain":0,"max_hp_loss":0,"event_name":"Mysterious Sphere","floor":37,"gold_loss":0},{"damage_healed":0,"gold_gain":0,"player_choice":"2","damage_taken":0,"max_hp_gain":0,"max_hp_loss":0,"event_name":"betterMatch:BetterMatch","floor":47,"gold_loss":0,"cards_obtained":["betterMatch:RareCard","betterMatch:ColorlessUncommonCard"]}],"is_beta":false,"boss_relics":[{"not_picked":["SlaversCollar","Astrolabe"],"picked":"Replay:Ancient Bell"},{"not_picked":["ReplayFunnel","Vajra"],"picked":"Grinning Jar"},{"not_picked":["StrikeDummy","InkBottle"],"picked":"Garlic"},{"not_picked":["Unceasing Top","Torii"],"picked":"Old Coin"},{"not_picked":["Snecko Eye","Replay:Drink Me"],"picked":"Runic Pyramid"}],"items_purged_floors":[20],"is_endless":false,"potions_floor_spawned":[3,13,15,16,23,28,31,37,44,48,49],"ascension_level":0}}