{"host":"vi6th7e8dilnaeg0","time":1608201942,"event":{"mods":["BaseMod","Minty Spire (QoL Compilation)","Relic Stats","StSLib"],"gold_per_floor":[115,128,142,92,106,106,106,106,106,120,135,179,179,204,204,312,312,339,331,24,69,69,69],"floor_reached":22,"playtime":983,"items_purged":["Strike_B"],"score":279,"play_id":"d6e18202-c512-49a3-8d25-baaa87c85668","local_time":"20201217114542","is_ascension_mode":true,"campfire_choices":[{"data":"Defragment","floor":6.0,"key":"SMITH"},{"data":"Sweeping Beam","floor":8.0,"key":"SMITH"},{"data":"Chaos","floor":13.0,"key":"SMITH"},{"data":"Seek","floor":15.0,"key":"SMITH"}],"circlet_count":0,"master_deck":["Defend_B","Defend_B","Defend_B","Defend_B","Zap","Dualcast","Cold Snap","Defragment+1","Sweeping Beam+1","Streamline+1","Rebound","Chaos+1","Seek+1","Leap","Biased Cognition","Coolheaded","Consume","Coolheaded","Go for the Eyes","Bite","Bite","Bite","Bite","Bite"],"relics":["Cursed Key","CeramicFish","Inserter","Runic Capacitor"],"acts_visited":["Exordium","TheCity"],"potions_floor_usage":[21],"damage_taken":[{"damage":0.0,"enemies":"Small Slimes","floor":1.0,"turns":3.0},{"damage":0.0,"enemies":"2 Louse","floor":2.0,"turns":2.0},{"damage":0.0,"enemies":"Cultist","floor":3.0,"turns":3.0},{"damage":0.0,"enemies":"Large Slime","floor":5.0,"turns":6.0},{"damage":0.0,"enemies":"Exordium Wildlife","floor":10.0,"turns":2.0},{"damage":9.0,"enemies":"Red Slaver","floor":11.0,"turns":3.0},{"damage":15.0,"enemies":"3 Sentries","floor":12.0,"turns":5.0},{"damage":0.0,"enemies":"Large Slime","floor":14.0,"turns":4.0},{"damage":19.0,"enemies":"Hexaghost","floor":16.0,"turns":8.0},{"damage":0,"enemies":"Spheric Guardian","floor":18,"turns":4},{"damage":25,"enemies":"2 Thieves","floor":19,"turns":4},{"damage":68,"enemies":"3 Cultists","floor":22,"turns":6}],"seed_played":"1622910638600149432","potions_obtained":[{"floor":3.0,"key":"Fruit Juice"},{"floor":5.0,"key":"SpeedPotion"},{"floor":10.0,"key":"GamblersBrew"},{"floor":16.0,"key":"Strength Potion"}],"is_trial":false,"path_per_floor":["M","M","M","?","M","R","?","R","T","M","M","E","R","M","R","B",null,"M","M","$","?","M"],"character_chosen":"DEFECT","items_purchased":["Runic Capacitor","Coolheaded","Go for the Eyes"],"campfire_rested":0,"item_purchase_floors":[20,20,20],"current_hp_per_floor":[68,68,68,68,68,68,68,68,68,68,59,44,44,44,44,25,63,63,38,38,43,0,0],"gold":69,"neow_bonus":"BOSS_RELIC","is_daily":false,"chose_seed":false,"campfire_upgraded":4,"win_rate":0.0,"timestamp":1608201942,"path_taken":["M","M","M","?","M","R","?","R","T","M","?","E","R","M","R","BOSS","M","M","$","?","M"],"items_purchased_type":["Relic","Card","Card"],"build_version":"2020-12-13","purchased_purges":1,"victory":false,"max_hp_per_floor":[75,75,75,75,75,75,75,75,75,75,75,75,75,75,75,75,75,75,75,75,57,57,57],"relic_stats":{"Inserter":[7],"counters":[12,50],"CeramicFish":108,"Cursed Key":0,"obtain_stats":[{"Inserter":17,"CeramicFish":12,"Runic Capacitor":20,"Cracked Core":0,"Cursed Key":0},{"Inserter":9,"CeramicFish":7,"Runic Capacitor":11,"Cracked Core":0,"Cursed Key":0},{"Inserter":36,"CeramicFish":24,"Runic Capacitor":44,"Cracked Core":0,"Cursed Key":0}]},"card_choices":[{"not_picked":["Turbo","Stack"],"picked":"Cold Snap","floor":1.0},{"not_picked":["Rebound","Coolheaded"],"picked":"Defragment","floor":2.0},{"not_picked":["Loop","Hologram"],"picked":"Sweeping Beam","floor":3.0},{"not_picked":["Compile Driver","Reprogram"],"picked":"Streamline","floor":5.0},{"not_picked":["Redo","Stack"],"picked":"Rebound","floor":10.0},{"not_picked":["Compile Driver","Rebound"],"picked":"Chaos","floor":11.0},{"not_picked":["Recycle","Rebound"],"picked":"Seek","floor":12.0},{"not_picked":["Reprogram","Redo"],"picked":"Leap","floor":14.0},{"not_picked":["Reboot","All For One"],"picked":"Biased Cognition","floor":16.0},{"not_picked":["Leap","Storm"],"picked":"Coolheaded","floor":18},{"not_picked":["Coolheaded","Ball Lightning+1"],"picked":"Consume","floor":19}],"player_experience":613404,"relics_obtained":[{"floor":12.0,"key":"CeramicFish"}],"event_choices":[{"cards_removed":["Strike_B"],"damage_healed":0.0,"max_hp_gain":0.0,"max_hp_loss":0.0,"gold_gain":0.0,"event_name":"The Cleric","player_choice":"Card Removal","floor":4.0,"gold_loss":50.0,"damage_taken":0.0},{"damage_healed":0.0,"max_hp_gain":0.0,"max_hp_loss":0.0,"gold_gain":0.0,"event_name":"Upgrade Shrine","player_choice":"Upgraded","floor":7.0,"gold_loss":0.0,"damage_taken":0.0,"cards_upgraded":["Streamline"]},{"damage_healed":0,"gold_gain":0,"player_choice":"Became a vampire","damage_taken":0,"max_hp_gain":0,"max_hp_loss":23,"event_name":"Vampires","floor":21,"gold_loss":0,"cards_obtained":["Bite","Bite","Bite","Bite","Bite"]}],"is_beta":false,"boss_relics":[{"not_picked":["Sozu","Velvet Choker"],"picked":"Inserter"}],"items_purged_floors":[20],"is_endless":false,"potions_floor_spawned":[3,5,10,12,16],"killed_by":"3 Cultists","ascension_level":7}}