{"host":"x1qj4d8ympd5jdqh","time":1608213521,"event":{"mods":["AchievementEnabler","AlwaysNeverKeys","BaseMod","Colored Map","Custom Start","DeckTracker","Highlight Path","Minty Spire (QoL Compilation)","StSLib","SuperFastMode"],"gold_per_floor":[117,117,133,151,2,2,17,47,47,47,47,47,47,47,47,124,124,142,67,67,55,67,67,99,99,99,112,123,123,123,142,142,219,219,234,49,62,87,0,0,34,50,50,50,50,62,90,106,106,106],"floor_reached":51,"playtime":1638,"items_purged":["Strike_B","Strike_B+1"],"score":1391,"play_id":"cee056ea-6a93-44e2-8d98-1658074e5cf0","local_time":"20201217225841","is_ascension_mode":true,"campfire_choices":[{"data":"Biased Cognition","floor":6.0,"key":"SMITH"},{"floor":10.0,"key":"REST"},{"data":"Coolheaded","floor":13.0,"key":"SMITH"},{"data":"Dualcast","floor":15.0,"key":"SMITH"},{"floor":23.0,"key":"REST"},{"data":"Blizzard","floor":25.0,"key":"SMITH"},{"data":"Glacier","floor":32.0,"key":"SMITH"},{"data":"Capacitor","floor":40.0,"key":"SMITH"},{"data":"Reboot","floor":44,"key":"SMITH"},{"data":"Double Energy","floor":49,"key":"SMITH"}],"circlet_count":0,"master_deck":["AscendersBane","Defend_B","Defend_B+1","Defend_B","Defend_B","Zap","Dualcast+1","Coolheaded+1","Sweeping Beam","Doom and Gloom","Biased Cognition+1","Blizzard+1","Hologram+1","Core Surge","Loop+1","BootSequence","Chill","Glacier+1","Reboot+1","Coolheaded+1","Capacitor+1","Defragment+1","Echo Form","Turbo","Reboot","Double Energy+1"],"relics":["FrozenCore","Bronze Scales","Eternal Feather","Bird Faced Urn","Pen Nib","Mango","Empty Cage","MealTicket","Red Mask","Mummified Hand","InkBottle","Question Card"],"acts_visited":["Exordium","TheCity","TheBeyond"],"potions_floor_usage":[50],"damage_taken":[{"damage":13.0,"enemies":"2 Louse","floor":1.0,"turns":3.0},{"damage":5.0,"enemies":"Small Slimes","floor":3.0,"turns":3.0},{"damage":0.0,"enemies":"Cultist","floor":4.0,"turns":4.0},{"damage":8.0,"enemies":"Gremlin Gang","floor":7.0,"turns":3.0},{"damage":17.0,"enemies":"Lagavulin","floor":8.0,"turns":5.0},{"damage":18.0,"enemies":"Hexaghost","floor":16.0,"turns":6.0},{"damage":27.0,"enemies":"Chosen","floor":18.0,"turns":5.0},{"damage":3.0,"enemies":"2 Thieves","floor":21.0,"turns":5.0},{"damage":28.0,"enemies":"Shelled Parasite and Fungi","floor":22.0,"turns":8.0},{"damage":35.0,"enemies":"Book of Stabbing","floor":24.0,"turns":7.0},{"damage":9.0,"enemies":"Snake Plant","floor":27.0,"turns":5.0},{"damage":0.0,"enemies":"Cultist and Chosen","floor":28.0,"turns":7.0},{"damage":19.0,"enemies":"Centurion and Healer","floor":31.0,"turns":7.0},{"damage":19.0,"enemies":"Collector","floor":33.0,"turns":14.0},{"damage":24.0,"enemies":"3 Darklings","floor":35.0,"turns":4.0},{"damage":16.0,"enemies":"Orb Walker","floor":37.0,"turns":6.0},{"damage":11,"enemies":"Giant Head","floor":41,"turns":13},{"damage":7,"enemies":"3 Darklings","floor":42,"turns":6},{"damage":9,"enemies":"Sphere and 2 Shapes","floor":46,"turns":5},{"damage":13,"enemies":"Nemesis","floor":47,"turns":11},{"damage":29,"enemies":"Writhing Mass","floor":48,"turns":7},{"damage":6,"enemies":"Donu and Deca","floor":50,"turns":7}],"seed_played":"7434528350589161231","potions_obtained":[{"floor":3.0,"key":"DistilledChaos"},{"floor":4.0,"key":"Ancient Potion"},{"floor":21.0,"key":"Explosive Potion"},{"floor":27.0,"key":"EssenceOfSteel"},{"floor":31.0,"key":"Dexterity Potion"},{"floor":33.0,"key":"DistilledChaos"},{"floor":46,"key":"Ancient Potion"}],"is_trial":false,"path_per_floor":["M","?","M","M","$","R","M","E","T","R","?","$","R","?","R","B",null,"M","$","?","M","M","R","E","R","T","M","M","?","?","M","R","B",null,"M","$","M","T","?","R","E","M","T","R","?","M","E","M","R","B",null],"character_chosen":"DEFECT","items_purchased":["Biased Cognition","Capacitor"],"campfire_rested":2,"item_purchase_floors":[5,36],"current_hp_per_floor":[58,35,30,30,30,30,22,5,5,37,37,37,46,46,55,39,68,41,41,41,42,18,50,19,31,45,40,44,44,44,29,41,26,76,56,56,46,46,46,58,55,58,58,73,73,78,73,58,73,77],"gold":106,"neow_bonus":"TEN_PERCENT_HP_BONUS","is_daily":false,"chose_seed":false,"campfire_upgraded":8,"win_rate":0.0,"timestamp":1608213521,"path_taken":["M","?","M","M","$","R","M","E","T","R","?","$","R","?","R","BOSS","M","$","?","M","M","R","E","R","T","?","M","?","?","?","R","BOSS","M","$","M","?","?","R","E","M","T","R","?","?","E","M","R","BOSS"],"items_purchased_type":["Card","Card"],"build_version":"2020-12-13","purchased_purges":2,"victory":true,"max_hp_per_floor":[78,78,78,78,78,78,78,78,78,78,78,78,78,78,78,78,78,78,78,78,78,78,78,78,78,92,92,92,92,92,92,92,92,92,92,92,92,92,92,92,92,92,92,92,92,92,92,92,92,92],"card_choices":[{"not_picked":["Leap","Consume"],"picked":"Coolheaded","floor":1.0},{"not_picked":["Rebound","BootSequence"],"picked":"Sweeping Beam","floor":3.0},{"not_picked":["Rebound","Melter"],"picked":"Doom and Gloom","floor":4.0},{"not_picked":["Leap","Go for the Eyes"],"picked":"Blizzard","floor":7.0},{"not_picked":["Go for the Eyes","Barrage"],"picked":"Hologram","floor":8.0},{"not_picked":["Amplify","Rainbow"],"picked":"Core Surge","floor":16.0},{"not_picked":["Go for the Eyes","Conserve Battery"],"picked":"Loop","floor":18.0},{"not_picked":["Beam Cell","Sweeping Beam"],"picked":"Cold Snap","floor":21.0},{"not_picked":["Steam Power","Lockon","Auto Shields"],"picked":"SKIP","floor":22.0},{"not_picked":["Gash","Redo"],"picked":"BootSequence","floor":24.0},{"not_picked":["Genetic Algorithm","Gash","Steam"],"picked":"SKIP","floor":27.0},{"not_picked":["Leap","Auto Shields"],"picked":"Chill","floor":28.0},{"not_picked":["Auto Shields","Sunder"],"picked":"Glacier","floor":31.0},{"not_picked":["Fission","Machine Learning"],"picked":"Reboot","floor":33.0},{"not_picked":["Defragment","Heatsinks"],"picked":"Coolheaded+1","floor":35.0},{"not_picked":["Ball Lightning","Skim"],"picked":"Defragment+1","floor":37.0},{"not_picked":["White Noise","Leap"],"picked":"Echo Form","floor":41},{"not_picked":["Turbo","Genetic Algorithm","Reprogram"],"picked":"SKIP","floor":42},{"not_picked":["Genetic Algorithm","Reprogram"],"picked":"Turbo","floor":42},{"not_picked":["Stack","Sweeping Beam","Conserve Battery"],"picked":"SKIP","floor":46},{"not_picked":["Compile Driver","Lockon+1"],"picked":"Reboot","floor":47},{"not_picked":["Chill","Reprogram","Rip and Tear+1"],"picked":"Double Energy","floor":48}],"player_experience":1236123,"relics_obtained":[{"floor":8.0,"key":"Bronze Scales"},{"floor":9.0,"key":"Eternal Feather"},{"floor":14.0,"key":"Bird Faced Urn"},{"floor":24.0,"key":"Pen Nib"},{"floor":26.0,"key":"Mango"},{"floor":38.0,"key":"MealTicket"},{"floor":41,"key":"Mummified Hand"},{"floor":43,"key":"InkBottle"},{"floor":47,"key":"Question Card"}],"event_choices":[{"damage_healed":0.0,"max_hp_gain":0.0,"max_hp_loss":0.0,"gold_gain":0.0,"event_name":"Shining Light","player_choice":"Entered Light","floor":2.0,"gold_loss":0.0,"damage_taken":23.0,"cards_upgraded":["Defend_B","Strike_B"]},{"damage_healed":0.0,"max_hp_gain":0.0,"max_hp_loss":0.0,"gold_gain":0.0,"event_name":"The Cleric","player_choice":"Leave","floor":11.0,"gold_loss":0.0,"damage_taken":0.0},{"damage_healed":0.0,"max_hp_gain":0.0,"max_hp_loss":0.0,"gold_gain":0.0,"event_name":"Wheel of Change","player_choice":"Relic","floor":14.0,"gold_loss":0.0,"damage_taken":0.0},{"damage_healed":0.0,"max_hp_gain":0.0,"max_hp_loss":0.0,"gold_gain":0.0,"event_name":"Accursed Blacksmith","player_choice":"Forge","floor":20.0,"gold_loss":0.0,"damage_taken":0.0,"cards_upgraded":["Hologram"]},{"damage_healed":0.0,"max_hp_gain":0.0,"max_hp_loss":0.0,"gold_gain":0.0,"event_name":"The Mausoleum","player_choice":"Ignored","floor":29.0,"gold_loss":0.0,"damage_taken":0.0},{"damage_healed":0.0,"max_hp_gain":0.0,"max_hp_loss":0.0,"gold_gain":0.0,"event_name":"Upgrade Shrine","player_choice":"Upgraded","floor":30.0,"gold_loss":0.0,"damage_taken":0.0,"cards_upgraded":["Loop"]},{"damage_healed":0.0,"max_hp_gain":0.0,"max_hp_loss":0.0,"gold_gain":0.0,"event_name":"Tomb of Lord Red Mask","player_choice":"Paid","floor":39.0,"gold_loss":87.0,"damage_taken":0.0,"relics_obtained":["Red Mask"]},{"cards_removed":["Cold Snap"],"damage_healed":0,"gold_gain":0,"player_choice":"Removed Attack","damage_taken":0,"max_hp_gain":0,"max_hp_loss":0,"event_name":"Falling","floor":45,"gold_loss":0}],"is_beta":false,"boss_relics":[{"not_picked":["Fusion Hammer","Runic Dome"],"picked":"FrozenCore"},{"not_picked":["Philosopher\u0027s Stone","Tiny House"],"picked":"Empty Cage"}],"items_purged_floors":[19,36],"is_endless":false,"potions_floor_spawned":[3,4,21,27,31,33,37,46,47,48],"ascension_level":19}}