{"host":"5ezk7t18wcb10u1o","time":1608163974,"event":{"mods":["BaseMod","Bestiary","Colored Powertips","Minty Spire (QoL Compilation)","Relic Sorter"],"gold_per_floor":[114,127,127,146,163,163,195,195,246,265,265,284,314,329,329,406,406,418,430,447,459,459,459],"floor_reached":22,"playtime":1439,"items_purged":[],"score":399,"play_id":"b81f73ea-5ade-4e37-9bdd-e725e9063ca4","local_time":"20201217001254","is_ascension_mode":true,"campfire_choices":[{"floor":6.0,"key":"REST"},{"data":"Sunder","floor":8.0,"key":"SMITH"},{"floor":15.0,"key":"REST"}],"circlet_count":0,"master_deck":["AscendersBane","Strike_B","Strike_B","Strike_B","Defend_B","Defend_B","Defend_B","Defend_B","Zap","Dualcast","Sunder+1","Streamline","Cold Snap","Echo Form","Ball Lightning","Static Discharge","Sweeping Beam","Beam Cell","Leap","All For One","Redo+1","Coolheaded+1","Rip and Tear+1","Hologram"],"relics":["Cracked Core","Meat on the Bone","Strawberry","Oddly Smooth Stone","SlaversCollar"],"acts_visited":["Exordium","TheCity"],"potions_floor_usage":[16,20],"damage_taken":[{"damage":1.0,"enemies":"2 Louse","floor":1.0,"turns":3.0},{"damage":0.0,"enemies":"Cultist","floor":2.0,"turns":3.0},{"damage":2.0,"enemies":"Jaw Worm","floor":4.0,"turns":3.0},{"damage":23.0,"enemies":"Exordium Thugs","floor":5.0,"turns":4.0},{"damage":6.0,"enemies":"Lagavulin","floor":7.0,"turns":6.0},{"damage":16.0,"enemies":"2 Fungi Beasts","floor":10.0,"turns":3.0},{"damage":5.0,"enemies":"Looter","floor":12.0,"turns":3.0},{"damage":13.0,"enemies":"Gremlin Nob","floor":13.0,"turns":3.0},{"damage":32.0,"enemies":"Exordium Thugs","floor":14.0,"turns":3.0},{"damage":53,"enemies":"Slime Boss","floor":16,"turns":7},{"damage":28,"enemies":"3 Byrds","floor":18,"turns":5},{"damage":18,"enemies":"Chosen","floor":19,"turns":4},{"damage":37,"enemies":"Centurion and Healer","floor":20,"turns":7},{"damage":21,"enemies":"Sentry and Sphere","floor":21,"turns":4},{"damage":19,"enemies":"Cultist and Chosen","floor":22,"turns":4}],"seed_played":"6885376445741340836","potions_obtained":[{"floor":1.0,"key":"Swift Potion"},{"floor":4.0,"key":"Weak Potion"},{"floor":10.0,"key":"SkillPotion"},{"floor":12.0,"key":"AttackPotion"},{"floor":13.0,"key":"FearPotion"},{"floor":19,"key":"Explosive Potion"},{"floor":21,"key":"PotionOfCapacity"}],"is_trial":false,"path_per_floor":["M","M","?","M","M","R","E","R","T","M","$","M","E","M","R","B",null,"M","M","M","M","M"],"character_chosen":"DEFECT","items_purchased":[],"campfire_rested":2,"item_purchase_floors":[],"current_hp_per_floor":[59,59,59,57,34,59,53,53,60,56,56,51,50,30,57,16,73,57,51,26,17,0,0],"gold":459,"neow_bonus":"TWENTY_PERCENT_HP_BONUS","is_daily":false,"chose_seed":false,"campfire_upgraded":1,"win_rate":0.0,"timestamp":1608163974,"path_taken":["M","M","?","?","M","R","E","R","T","M","?","M","E","M","R","BOSS","M","M","M","M","M"],"items_purchased_type":[],"build_version":"2020-12-13","purchased_purges":0,"victory":false,"max_hp_per_floor":[85,85,85,85,85,85,85,85,92,92,92,92,92,92,92,92,92,92,92,92,92,92,92],"card_choices":[{"not_picked":["Doom and Gloom","Sweeping Beam"],"picked":"Sunder","floor":1.0},{"not_picked":["Skim","Leap"],"picked":"Streamline","floor":2.0},{"not_picked":["Compile Driver","Darkness"],"picked":"Cold Snap","floor":4.0},{"not_picked":["Redo","Leap"],"picked":"Echo Form","floor":5.0},{"not_picked":["Barrage","Force Field"],"picked":"Ball Lightning","floor":7.0},{"not_picked":["Stack","Compile Driver"],"picked":"Static Discharge","floor":10.0},{"not_picked":["Streamline","All For One"],"picked":"Sweeping Beam","floor":12.0},{"not_picked":["Heatsinks","Compile Driver"],"picked":"Beam Cell","floor":13.0},{"not_picked":["Rip and Tear","Turbo"],"picked":"Leap","floor":14.0},{"not_picked":["Meteor Strike","Reboot"],"picked":"All For One","floor":16},{"not_picked":["FTL","Auto Shields"],"picked":"Redo+1","floor":18},{"not_picked":["Gash","Glacier"],"picked":"Coolheaded+1","floor":19},{"not_picked":["Rebound","BootSequence"],"picked":"Rip and Tear+1","floor":20},{"not_picked":["Beam Cell","Rainbow"],"picked":"Hologram","floor":21}],"player_experience":1037601,"relics_obtained":[{"floor":7.0,"key":"Meat on the Bone"},{"floor":9.0,"key":"Strawberry"},{"floor":13.0,"key":"Oddly Smooth Stone"}],"event_choices":[{"cards_removed":["Strike_B"],"damage_healed":0.0,"max_hp_gain":0.0,"max_hp_loss":0.0,"gold_gain":0.0,"event_name":"Purifier","player_choice":"Purged","floor":3.0,"gold_loss":0.0,"damage_taken":0.0}],"is_beta":false,"boss_relics":[{"not_picked":["Tiny House","Cursed Key"],"picked":"SlaversCollar"}],"items_purged_floors":[],"is_endless":false,"potions_floor_spawned":[1,4,10,12,13,19,21],"killed_by":"Cultist and Chosen","ascension_level":17}}