{"host":"mi0eibewekhugwl1","time":1608205059,"event":{"mods":["AchievementEnabler","BaseMod","Colored Map","Colored Powertips","DeckTracker","Keyboard Shortcuts","Minty Spire (QoL Compilation)","Quick Restart","Rare Cards Sparkle","Relic Stats","StSLib","SuperFastMode","everything is the same but u backflip on backflip"],"gold_per_floor":[113,124,124,44,44,44,76,89,89,89,102,116,76,2,2,76,76,0,0,17,17,17,17],"floor_reached":22,"playtime":388,"items_purged":[],"score":414,"play_id":"017740ed-21f3-49f4-8c7f-52bc905cc9ff","local_time":"20201217203739","is_ascension_mode":true,"campfire_choices":[{"data":"Dualcast","floor":6,"key":"SMITH"},{"data":"Loop","floor":10,"key":"SMITH"},{"data":"Chaos","floor":15,"key":"SMITH"}],"circlet_count":0,"master_deck":["AscendersBane","Strike_B","Strike_B","Strike_B","Strike_B","Defend_B","Defend_B","Defend_B","Defend_B","Zap+1","Dualcast+1","Compile Driver","Loop+1","Sweeping Beam","Conserve Battery","Glacier","Cold Snap","White Noise","Coolheaded","Self Repair+1","Chaos+1","Electrodynamics+1","Necronomicurse","Ball Lightning"],"relics":["Cracked Core","NeowsBlessing","Frozen Egg 2","InkBottle","SlaversCollar","Necronomicon"],"acts_visited":["Exordium","TheCity"],"potions_floor_usage":[12,22],"damage_taken":[{"damage":0,"enemies":"Small Slimes","floor":1,"turns":1},{"damage":0,"enemies":"Jaw Worm","floor":2,"turns":1},{"damage":0,"enemies":"Lagavulin","floor":7,"turns":1},{"damage":0,"enemies":"Cultist","floor":8,"turns":3},{"damage":13,"enemies":"Exordium Thugs","floor":11,"turns":4},{"damage":5,"enemies":"Lots of Slimes","floor":12,"turns":3},{"damage":0,"enemies":"Looter","floor":13,"turns":4},{"damage":34,"enemies":"The Guardian","floor":16,"turns":12},{"damage":22,"enemies":"2 Thieves","floor":18,"turns":5},{"damage":24,"enemies":"Chosen","floor":20,"turns":6},{"damage":32,"enemies":"Snecko","floor":22,"turns":4}],"seed_played":"-865673162116711255","potions_obtained":[{"floor":7,"key":"Dexterity Potion"},{"floor":11,"key":"GamblersBrew"},{"floor":12,"key":"Ancient Potion"}],"is_trial":false,"path_per_floor":["M","M","?","$","?","R","E","M","T","R","M","M","M","$","R","B",null,"M","?","M","?","M"],"character_chosen":"DEFECT","items_purchased":["Sweeping Beam","Conserve Battery","Chaos"],"campfire_rested":0,"item_purchase_floors":[4,4,14],"current_hp_per_floor":[64,64,64,64,64,64,64,64,64,64,51,46,46,46,46,22,59,47,26,12,26,0,0],"gold":17,"neow_bonus":"THREE_ENEMY_KILL","is_daily":false,"chose_seed":false,"campfire_upgraded":3,"win_rate":0.0,"timestamp":1608205059,"path_taken":["M","M","?","$","?","R","E","M","T","R","M","M","M","$","R","BOSS","M","?","M","?","M"],"items_purchased_type":["Card","Card","Card"],"build_version":"2020-12-13","purchased_purges":0,"victory":false,"max_hp_per_floor":[71,71,71,71,71,71,71,71,71,71,71,71,71,71,71,71,71,71,71,71,71,71,71],"relic_stats":{"counters":[11,44],"Necronomicon":[0],"obtain_stats":[{"SlaversCollar":17,"NeowsBlessing":0,"Necronomicon":19,"Frozen Egg 2":7,"Cracked Core":0,"InkBottle":9},{"SlaversCollar":8,"NeowsBlessing":0,"Necronomicon":9,"Frozen Egg 2":3,"Cracked Core":0,"InkBottle":4},{"SlaversCollar":29,"NeowsBlessing":0,"Necronomicon":34,"Frozen Egg 2":3,"Cracked Core":0,"InkBottle":6}],"InkBottle":[13]},"card_choices":[{"not_picked":["Steam","Blizzard"],"picked":"Compile Driver","floor":1},{"not_picked":["Reprogram","Auto Shields"],"picked":"Loop","floor":2},{"not_picked":["All For One","Chaos"],"picked":"Glacier","floor":7},{"not_picked":["Compile Driver","Leap"],"picked":"Cold Snap","floor":8},{"not_picked":["Streamline","Doom and Gloom"],"picked":"White Noise","floor":11},{"not_picked":["White Noise","Genetic Algorithm"],"picked":"Coolheaded","floor":12},{"not_picked":["Stack","Cold Snap"],"picked":"Self Repair+1","floor":13},{"not_picked":["Amplify","Biased Cognition+1"],"picked":"Electrodynamics+1","floor":16},{"not_picked":["Sweeping Beam","Barrage","Aggregate"],"picked":"SKIP","floor":18},{"not_picked":["Stack","FTL"],"picked":"Ball Lightning","floor":20}],"player_experience":1682704,"relics_obtained":[{"floor":7,"key":"Frozen Egg 2"},{"floor":9,"key":"InkBottle"},{"floor":19,"key":"Necronomicon"}],"event_choices":[{"damage_healed":0,"gold_gain":0,"player_choice":"Grow","damage_taken":0,"max_hp_gain":0,"max_hp_loss":0,"event_name":"Living Wall","floor":3,"gold_loss":0,"cards_upgraded":["Zap"]},{"damage_healed":0,"gold_gain":0,"player_choice":"Leave","damage_taken":0,"max_hp_gain":0,"max_hp_loss":0,"event_name":"The Cleric","floor":5,"gold_loss":0},{"damage_healed":0,"gold_gain":0,"player_choice":"Obtained Book","damage_taken":21,"max_hp_gain":0,"max_hp_loss":0,"event_name":"Cursed Tome","floor":19,"gold_loss":0},{"damage_healed":14,"gold_gain":0,"player_choice":"Heal","damage_taken":0,"max_hp_gain":0,"max_hp_loss":0,"event_name":"The Library","floor":21,"gold_loss":0}],"is_beta":false,"boss_relics":[{"not_picked":["SacredBark","Ectoplasm"],"picked":"SlaversCollar"}],"items_purged_floors":[],"is_endless":false,"potions_floor_spawned":[7,11,12,20],"killed_by":"Snecko","ascension_level":20}}