{"host":"2lo6hma6kymb0g9i","time":1608211964,"event":{"mods":["BaseMod","Colored Map","DeckTracker","Minty Spire (QoL Compilation)"],"gold_per_floor":[10,10,10,27,27,57,57,90,90,90,101,112,137,149,149,149,149],"floor_reached":16,"playtime":1065,"items_purged":[],"score":198,"play_id":"ceaf22ad-bb9e-4224-82b2-86faed0e8600","local_time":"20201217223244","is_ascension_mode":true,"campfire_choices":[{"data":"Neutralize","floor":7,"key":"SMITH"},{"floor":10,"key":"REST"},{"floor":15,"key":"REST"}],"circlet_count":0,"master_deck":["AscendersBane","Strike_G","Strike_G","Defend_G","Defend_G","Defend_G","Defend_G","Defend_G","Survivor","Neutralize+1","Predator","Predator","Dagger Throw","Escape Plan","Blade Dance","Terror","All Out Attack","Die Die Die"],"relics":["Ring of the Snake","Mummified Hand","Bronze Scales","Oddly Smooth Stone","Centennial Puzzle"],"acts_visited":["Exordium"],"potions_floor_usage":[6,16],"damage_taken":[{"damage":5,"enemies":"Cultist","floor":1,"turns":6},{"damage":2,"enemies":"Small Slimes","floor":4,"turns":3},{"damage":22,"enemies":"Lagavulin","floor":6,"turns":7},{"damage":17,"enemies":"3 Sentries","floor":8,"turns":9},{"damage":0,"enemies":"Jaw Worm","floor":11,"turns":3},{"damage":0,"enemies":"3 Louse","floor":12,"turns":3},{"damage":20,"enemies":"Lagavulin","floor":13,"turns":5},{"damage":0,"enemies":"Exordium Wildlife","floor":14,"turns":5},{"damage":31,"enemies":"Slime Boss","floor":16,"turns":11}],"seed_played":"2090740149413035038","potions_obtained":[{"floor":1,"key":"CultistPotion"},{"floor":12,"key":"Ancient Potion"},{"floor":14,"key":"Block Potion"}],"is_trial":false,"path_per_floor":["M","?","$","M","?","E","R","E","T","R","M","M","E","M","R","B"],"character_chosen":"THE_SILENT","items_purchased":[],"campfire_rested":2,"item_purchase_floors":[],"current_hp_per_floor":[58,51,51,49,42,20,20,3,3,24,24,24,4,4,25,0,0],"gold":149,"neow_bonus":"REMOVE_TWO","is_daily":false,"chose_seed":false,"campfire_upgraded":1,"win_rate":0.0,"timestamp":1608211964,"path_taken":["M","?","?","M","?","E","R","E","T","R","M","M","E","M","R","BOSS"],"items_purchased_type":[],"build_version":"2020-12-13","purchased_purges":0,"victory":false,"max_hp_per_floor":[70,70,70,70,70,70,70,70,70,70,70,70,70,70,70,70,70],"card_choices":[{"not_picked":["Footwork","Dodge and Roll"],"picked":"Predator","floor":1},{"not_picked":["Backflip","Acrobatics"],"picked":"Predator","floor":4},{"not_picked":["Underhanded Strike","Predator"],"picked":"Dagger Throw","floor":6},{"not_picked":["Concentrate","Blur"],"picked":"Escape Plan","floor":8},{"not_picked":["Dodge and Roll","Endless Agony"],"picked":"Blade Dance","floor":11},{"not_picked":["Slice","Escape Plan"],"picked":"Terror","floor":12},{"not_picked":["Dagger Spray","Dodge and Roll"],"picked":"All Out Attack","floor":13},{"not_picked":["Flying Knee","Acrobatics"],"picked":"Die Die Die","floor":14}],"player_experience":813825,"relics_obtained":[{"floor":6,"key":"Mummified Hand"},{"floor":8,"key":"Bronze Scales"},{"floor":9,"key":"Oddly Smooth Stone"},{"floor":13,"key":"Centennial Puzzle"}],"event_choices":[{"damage_healed":0,"gold_gain":0,"player_choice":"Damaged","damage_taken":7,"max_hp_gain":0,"max_hp_loss":0,"event_name":"Wheel of Change","floor":2,"gold_loss":0},{"cards_removed":["Strike_G"],"damage_healed":0,"gold_gain":0,"player_choice":"Card Removal","damage_taken":7,"max_hp_gain":0,"max_hp_loss":0,"event_name":"Golden Wing","floor":5,"gold_loss":0}],"is_beta":false,"boss_relics":[],"items_purged_floors":[],"is_endless":false,"potions_floor_spawned":[1,12,14],"killed_by":"Slime Boss","ascension_level":13}}