{"host":"33wh7cigx3w9wmym","time":1608169034,"event":{"mods":["AchievementEnabler","Act Like it!","BaseMod","Colored Map","Colored Powertips","Downfall","Friendly Minions","GifTheSpireLib","Minty Spire (QoL Compilation)","StSLib"],"gold_per_floor":[99,99,99,128,53,79,79,107,123,48,66,166,185,285,303,403,403,403,438,192,209,209,209,209,209,242,242,242,259,278,300,322,422,422,422,464,464,490,157,157,184,193,203,229,29,51,71,40,61,61],"floor_reached":51,"playtime":3581,"items_purged":["champ:Strike","champ:Strike"],"score":1005,"play_id":"3c177ad5-e06e-4871-abad-f19efc8659c8","local_time":"20201216233714","is_ascension_mode":true,"campfire_choices":[{"floor":1.0,"key":"RECALL"},{"data":"champ:Lariat","floor":5.0,"key":"SMITH"},{"data":"champ:GladiatorStyle","floor":10.0,"key":"SMITH"},{"data":"champ:CrownThrow","floor":18.0,"key":"SMITH"},{"data":"champ:StanceDance","floor":25.0,"key":"SMITH"},{"data":"champ:FanOfKnives","floor":27.0,"key":"SMITH"},{"data":"champ:PreciseThrust","floor":35.0,"key":"SMITH"},{"data":"champ:ArenaPreparation","floor":40.0,"key":"SMITH"}],"circlet_count":0,"master_deck":["champ:Strike","champ:Strike","champ:Defend","champ:Defend","champ:Defend","champ:Execute","champ:Taunt","champ:Haymaker","champ:Lariat+1","champ:BringItOn","champ:FanOfKnives+1","champ:GladiatorStyle+1","champ:GladiatorsShout","champ:StanceDance+1","champ:CrownThrow+1","champ:PreciseThrust+1","champ:FanOfKnives","champ:Balance","champ:ArenaPreparation+1","expansioncontent:DecasProtection","champ:StrikeOfGenius","champ:Shatter","champ:SwordSigil","champ:Circumvent+1","champ:Lariat","champ:AdrenalArmor","champ:Lariat+1"],"relics":["champ:ChampionCrown","Matryoshka","downfall:HeartBlessingRed","Potion Belt","Blue Candle","Incense Burner","Kunai","downfall:HeartBlessingGreen","CloakClasp","champ:ChampionCrownUpgraded","CeramicFish","Pen Nib","champ:GladiatorsBookOfMartialProwess","Meat on the Bone","Pear","The Courier","Nloth\u0027s Gift","Coffee Dripper","Blood Vial","champ:FightingForDummies","Happy Flower","Membership Card","Bronze Scales","Mercury Hourglass","Mummified Hand","Centennial Puzzle"],"acts_visited":["Exordium","TheCity","TheBeyond"],"potions_floor_usage":[50,50],"damage_taken":[{"damage":0.0,"enemies":"2 Louse","floor":2.0,"turns":1.0},{"damage":0.0,"enemies":"Lagavulin","floor":4.0,"turns":1.0},{"damage":0.0,"enemies":"Gremlin Nob","floor":6.0,"turns":1.0},{"damage":29.0,"enemies":"3 Sentries","floor":8.0,"turns":15.0},{"damage":1.0,"enemies":"Jaw Worm","floor":9.0,"turns":4.0},{"damage":5.0,"enemies":"Small Slimes","floor":11.0,"turns":2.0},{"damage":19.0,"enemies":"Small Slimes","floor":12.0,"turns":10.0},{"damage":0.0,"enemies":"Lots of Slimes","floor":13.0,"turns":2.0},{"damage":1.0,"enemies":"3 Louse","floor":15.0,"turns":3.0},{"damage":39.0,"enemies":"downfall:Defect","floor":16.0,"turns":8.0},{"damage":48.0,"enemies":"Slavers","floor":19.0,"turns":6.0},{"damage":9.0,"enemies":"downfall:FleeingMerchant","floor":20.0,"turns":4.0},{"damage":17.0,"enemies":"Shell Parasite","floor":21.0,"turns":4.0},{"damage":7.0,"enemies":"Gremlin Leader","floor":26.0,"turns":5.0},{"damage":10.0,"enemies":"Snecko","floor":29.0,"turns":7.0},{"damage":3.0,"enemies":"Snake Plant","floor":30.0,"turns":2.0},{"damage":6.0,"enemies":"3 Cultists","floor":31.0,"turns":4.0},{"damage":5.0,"enemies":"Sentry and Sphere","floor":32.0,"turns":4.0},{"damage":57.0,"enemies":"downfall:Watcher","floor":33.0,"turns":13.0},{"damage":71.0,"enemies":"Giant Head","floor":36.0,"turns":10.0},{"damage":16.0,"enemies":"3 Shapes","floor":38.0,"turns":4.0},{"damage":10.0,"enemies":"3 Darklings","floor":43.0,"turns":3.0},{"damage":29.0,"enemies":"Nemesis","floor":44.0,"turns":5.0},{"damage":43.0,"enemies":"downfall:FleeingMerchant","floor":45.0,"turns":3.0},{"damage":20.0,"enemies":"Writhing Mass","floor":46.0,"turns":2.0},{"damage":20.0,"enemies":"Spire Growth","floor":47.0,"turns":3.0},{"damage":22.0,"enemies":"4 Shapes","floor":49.0,"turns":2.0},{"damage":50,"enemies":"downfall:Silent","floor":50,"turns":5}],"seed_played":"5458859874301492386","potions_obtained":[{"floor":6.0,"key":"CultistPotion"},{"floor":9.0,"key":"FearPotion"},{"floor":11.0,"key":"SpeedPotion"},{"floor":13.0,"key":"Explosive Potion"},{"floor":16.0,"key":"Weak Potion"},{"floor":21.0,"key":"Strength Potion"},{"floor":31.0,"key":"Fruit Juice"},{"floor":33.0,"key":"Weak Potion"},{"floor":43.0,"key":"SpeedPotion"}],"is_trial":false,"path_per_floor":["R","M","?","E","R","E","T","E","M","R","M","?","M","?","M","B",null,"R","E","$","M","?","?","T","R","E","R","?","M","M","M","M","B",null,"R","E","?","M","?","R","T","?","M","E","$","M","M","$","M","B",null],"character_chosen":"THE_CHAMP","items_purchased":["Pen Nib","Membership Card","Bronze Scales","Mercury Hourglass","Mummified Hand","Centennial Puzzle","champ:Shatter","champ:Lariat","champ:AdrenalArmor"],"campfire_rested":0,"item_purchase_floors":[20,45,45,45,45,45,45,48,48],"current_hp_per_floor":[90,90,90,90,90,90,90,66,65,65,65,62,62,62,64,34,90,90,60,62,57,57,57,67,67,69,69,69,64,64,64,62,55,105,105,58,58,62,118,118,118,118,118,114,116,118,118,118,118,91],"gold":61,"neow_bonus":"THREE_ENEMY_KILL","is_daily":false,"chose_seed":false,"campfire_upgraded":7,"win_rate":0.0,"timestamp":1608169034,"path_taken":["R","M","?","E","R","E","T","E","M","R","M","?","M","?","M","BOSS","R","E","$","M","?","?","T","R","E","R","?","M","M","?","M","BOSS","R","E","?","M","?","R","T","?","M","E","$","M","M","$","M","BOSS"],"items_purchased_type":["Relic","Relic","Relic","Relic","Relic","Relic","Card","Card","Card"],"build_version":"2020-12-13","purchased_purges":2,"victory":true,"max_hp_per_floor":[90,90,90,90,90,90,90,90,90,90,90,90,90,90,90,90,90,90,90,90,90,90,90,100,100,100,100,100,100,100,100,100,105,105,105,105,105,105,118,118,118,118,118,118,118,118,118,118,118,118],"card_choices":[{"not_picked":["champ:PerfectedStrike","champ:FightOn"],"picked":"champ:Haymaker","floor":2.0},{"not_picked":["champ:FocusedDefense","champ:BerserkersShout"],"picked":"champ:Lariat","floor":4.0},{"not_picked":["champ:FightOn","champ:TornadoPunch"],"picked":"champ:BringItOn","floor":6.0},{"not_picked":["champ:ShieldSigil","champ:GutPunch"],"picked":"champ:FanOfKnives","floor":8.0},{"not_picked":["champ:FocusedGladiator","champ:StanceDance"],"picked":"champ:GladiatorStyle","floor":9.0},{"not_picked":["champ:BringItOn","champ:PerfectForm"],"picked":"champ:GladiatorsShout","floor":11.0},{"not_picked":["champ:EnGarde","champ:Encircle"],"picked":"champ:StanceDance","floor":13.0},{"not_picked":["champ:CrookedStrike","champ:RecklessLeap","champ:BerserkersShout"],"picked":"SKIP","floor":15.0},{"not_picked":["champ:CheapShot","champ:ShieldThrow"],"picked":"champ:CrownThrow","floor":16.0},{"not_picked":["champ:BladeFlurry","champ:RecklessLeap","champ:GutPunch"],"picked":"SKIP","floor":19.0},{"not_picked":["champ:RisingSlash","champ:DeathBlow+1","champ:EnGarde"],"picked":"SKIP","floor":20.0},{"not_picked":["champ:FaceSlap","champ:GladiatorsShout","champ:Encircle"],"picked":"SKIP","floor":21.0},{"not_picked":["champ:GladiatorStyle","champ:ShieldSigil+1","champ:GladiatorsShout+1"],"picked":"SKIP","floor":26.0},{"not_picked":["champ:BringItOn","champ:GladiatorsShout+1","champ:HeavySlash"],"picked":"SKIP","floor":29.0},{"not_picked":["champ:Encircle","champ:BringItOn","champ:BerserkerStyle"],"picked":"SKIP","floor":30.0},{"not_picked":["champ:Lariat+1","champ:Backstep"],"picked":"champ:PreciseThrust","floor":31.0},{"not_picked":["champ:RecklessLeap","champ:Circumvent"],"picked":"champ:FanOfKnives","floor":32.0},{"not_picked":["champ:BerserkersShout","champ:AdrenalArmor"],"picked":"champ:Balance","floor":36.0},{"not_picked":["champ:FalseCounter","champ:ViciousMockery"],"picked":"champ:ArenaPreparation","floor":38.0},{"not_picked":["expansioncontent:LastStand","expansioncontent:DefensiveStance"],"picked":"expansioncontent:DecasProtection","floor":42.0},{"not_picked":["champ:ShieldWall+1","champ:BringItOn","champ:DefensiveShout+1"],"picked":"SKIP","floor":43.0},{"not_picked":["champ:ShieldThrow","champ:Shatter+1","champ:GutPunch"],"picked":"SKIP","floor":44.0},{"not_picked":["champ:PerfectedStrike","champ:HoldFirm"],"picked":"champ:StrikeOfGenius","floor":45.0},{"not_picked":["champ:FightOn","champ:EnragedBash"],"picked":"champ:SwordSigil","floor":46.0},{"not_picked":["champ:FlashCut","champ:TornadoPunch"],"picked":"champ:Circumvent+1","floor":47.0},{"not_picked":["champ:AdrenalArmor+1","champ:CrookedStrike+1"],"picked":"champ:Lariat+1","floor":49.0}],"player_experience":397588,"relics_obtained":[{"floor":4.0,"key":"Matryoshka"},{"floor":6.0,"key":"Potion Belt"},{"floor":7.0,"key":"Blue Candle"},{"floor":7.0,"key":"Incense Burner"},{"floor":8.0,"key":"Kunai"},{"floor":12.0,"key":"CloakClasp"},{"floor":19.0,"key":"CeramicFish"},{"floor":24.0,"key":"Meat on the Bone"},{"floor":24.0,"key":"Pear"},{"floor":26.0,"key":"The Courier"},{"floor":36.0,"key":"Blood Vial"},{"floor":41.0,"key":"champ:FightingForDummies"},{"floor":44.0,"key":"Happy Flower"}],"event_choices":[{"cards_removed":["champ:Defend"],"damage_healed":0.0,"max_hp_gain":0.0,"max_hp_loss":0.0,"gold_gain":0.0,"event_name":"Falling","player_choice":"Removed Skill","floor":37.0,"gold_loss":0.0,"damage_taken":0.0}],"is_beta":false,"boss_relics":[{"not_picked":["Black Star","Snecko Eye"],"picked":"champ:ChampionCrownUpgraded"},{"not_picked":["SacredBark","Calling Bell"],"picked":"Coffee Dripper"}],"items_purged_floors":[20,45],"is_endless":false,"potions_floor_spawned":[6,9,11,13,16,21,29,31,33,43],"ascension_level":1}}