{"host":"bbjnqymry46jz0fa","time":1608213853,"event":{"mods":["BaseMod","DeckTracker","Minty Spire (QoL Compilation)","Quick Restart","StSLib","SuperFastMode"],"gold_per_floor":[113,113,127,52,67,102,102,118,118,118,18,18,18,38,38,38,38],"floor_reached":16,"playtime":309,"items_purged":["Defend_G","Strike_G"],"score":200,"play_id":"4948c724-1071-43b3-b1a0-fc58888745fa","local_time":"20201217230413","is_ascension_mode":true,"campfire_choices":[{"data":"Noxious Fumes","floor":7,"key":"SMITH"},{"data":"Dagger Throw","floor":10,"key":"SMITH"},{"floor":13,"key":"REST"},{"data":"Neutralize","floor":15,"key":"SMITH"}],"circlet_count":0,"master_deck":["AscendersBane","Strike_G","Strike_G","Strike_G","Defend_G+1","Defend_G+1","Defend_G","Survivor","Neutralize+1","Dagger Throw+1","Slice","Noxious Fumes+1","Dagger Spray","Deflect","Blade Dance"],"relics":["Ring of the Snake","Boot"],"acts_visited":["Exordium"],"potions_floor_usage":[8,16],"damage_taken":[{"damage":7.0,"enemies":"Small Slimes","floor":1.0,"turns":4.0},{"damage":0,"enemies":"Cultist","floor":3,"turns":4},{"damage":2,"enemies":"2 Louse","floor":5,"turns":3},{"damage":21,"enemies":"Gremlin Nob","floor":6,"turns":4},{"damage":0,"enemies":"Exordium Thugs","floor":8,"turns":4},{"damage":0,"enemies":"3 Louse","floor":14,"turns":2},{"damage":39,"enemies":"Slime Boss","floor":16,"turns":7}],"seed_played":"-5145925406280824519","potions_obtained":[{"floor":3,"key":"Fruit Juice"},{"floor":6,"key":"GamblersBrew"},{"floor":8,"key":"Energy Potion"}],"is_trial":false,"path_per_floor":["M","?","M","$","M","E","R","M","T","R","$","?","R","M","R","B"],"character_chosen":"THE_SILENT","items_purchased":[],"campfire_rested":1,"item_purchase_floors":[],"current_hp_per_floor":[52,52,52,52,50,29,29,34,34,34,34,13,34,34,34,0,0],"gold":38,"neow_bonus":"REMOVE_CARD","is_daily":false,"chose_seed":false,"campfire_upgraded":3,"win_rate":0.0,"timestamp":1608213853,"path_taken":["M","?","?","?","M","E","R","M","T","R","$","?","R","M","R","BOSS"],"items_purchased_type":[],"build_version":"2020-12-13","purchased_purges":2,"victory":false,"max_hp_per_floor":[66,66,66,66,66,66,66,71,71,71,71,71,71,71,71,71,71],"card_choices":[{"not_picked":["Dagger Spray","Slice"],"picked":"Dagger Throw","floor":1},{"not_picked":["Riddle With Holes","Dagger Throw"],"picked":"Noxious Fumes","floor":3},{"not_picked":["Escape Plan","Dash"],"picked":"Dagger Spray","floor":5},{"not_picked":["Wraith Form v2","Dodge and Roll"],"picked":"Deflect","floor":6},{"not_picked":["Flying Knee","Dodge and Roll"],"picked":"Blade Dance","floor":8},{"not_picked":["Dash","PiercingWail","Underhanded Strike"],"picked":"SKIP","floor":14}],"player_experience":713483,"relics_obtained":[{"floor":6,"key":"Boot"}],"event_choices":[{"damage_healed":0,"gold_gain":0,"cards_transformed":["Strike_G"],"player_choice":"Transformed","damage_taken":0,"max_hp_gain":0,"max_hp_loss":0,"event_name":"Transmorgrifier","floor":2,"gold_loss":0,"cards_obtained":["Slice"]},{"damage_healed":0,"gold_gain":0,"player_choice":"Entered Light","damage_taken":21,"max_hp_gain":0,"max_hp_loss":0,"event_name":"Shining Light","floor":12,"gold_loss":0,"cards_upgraded":["Defend_G","Defend_G"]}],"is_beta":false,"boss_relics":[],"items_purged_floors":[4,11],"is_endless":false,"potions_floor_spawned":[3,6,8,14],"killed_by":"Slime Boss","ascension_level":20}}