{"host":"7vbqmauhyfxrzjp5","time":1608233266,"event":{"mods":["Aspiration","BaseMod","Bestiary","Better Note","Conspire","Hubris","Infinite Spire","Minty Spire (QoL Compilation)","Replay The Spire","StSLib","Unceasing Turn Reminder","vexMod"],"gold_per_floor":[144,207,207,207,243,243,330,5,5,95,185,185,239,284,284,575,575,575],"floor_reached":17,"playtime":809,"items_purged":[],"score":348,"play_id":"3dc2ba89-f630-43ca-b352-2c2aac745935","local_time":"20201217132746","daily_mods":["Hoarder","Insanity","Diverse","DeadlyEvents","Midas","Binary"],"is_ascension_mode":false,"campfire_choices":[{"floor":6,"key":"REST"},{"floor":12,"key":"REST"},{"floor":15,"key":"REST"}],"circlet_count":0,"master_deck":["Demon Form","Wraith Form v2","Echo Form","DevaForm","Well Laid Plans","Aggregate","Flame Barrier","Prostrate","Coolheaded","FlurryOfBlows","Redo","Cleave","WreathOfFlame","Iron Wave","Turbo","FlurryOfBlows","Compile Driver","CutThroughFate","Flex","Shrug It Off","FollowUp","Clothesline","Cloak And Dagger","hubris:Ukulele","Twin Strike","Heavy Blade","Sword Boomerang","BattleHymn","Headbutt","Run Through","Swivel","Consecrate","Thunderclap","Uppercut","ReplayTheSpireMod:Reroute Power","WheelKick","Slice","Slice","FlyingSleeves","PiercingWail","Replay:BluntJabs","Meditate","Undo","InnerPeace","Ball Lightning","Twin Strike","Compile Driver","Warcry","Replay:ManipulateFuture","Backstab","Cleave","Swivel","hubris:ReadiedAction","Halt","Regret","Regret","Regret","Sadistic Nature","Sadistic Nature","Sadistic Nature","Overencumbered","Overencumbered","Overencumbered"],"relics":["Snecko Eye","Unceasing Top","Busted Crown","Ring of Chaos","aspiration:TomeofQuesting","Garlic","PreservedInsect","aspiration:HummingbirdHeart","Nunchaku","infinitespire:FocusingShard","ReplayTheSpireMod:SealedPack"],"acts_visited":["Exordium","TheCity"],"potions_floor_usage":[7],"damage_taken":[{"damage":0,"enemies":"Small Slimes","floor":1,"turns":2},{"damage":4,"enemies":"conspire:RoseBush","floor":5,"turns":2},{"damage":11,"enemies":"3 Sentries","floor":7,"turns":4},{"damage":0,"enemies":"Gremlin Nob","floor":10,"turns":2},{"damage":7,"enemies":"Lagavulin","floor":11,"turns":3},{"damage":4,"enemies":"Jaw Worm","floor":13,"turns":2},{"damage":8,"enemies":"Exordium Wildlife","floor":14,"turns":4},{"damage":21,"enemies":"Hexaghost","floor":16,"turns":7}],"seed_played":"-3785255681783421028","potions_obtained":[{"floor":1,"key":"Block Potion"},{"floor":10,"key":"LifebloodPotion"},{"floor":13,"key":"DistilledChaos"},{"floor":14,"key":"Reflective Coating"}],"is_trial":true,"path_per_floor":["M","?","?","?","M","R","E","$","T","E","E","R","M","M","R","B",null],"character_chosen":"IRONCLAD","items_purchased":["Sadistic Nature","PreservedInsect"],"campfire_rested":3,"item_purchase_floors":[8,8],"current_hp_per_floor":[80,80,80,80,76,80,69,69,69,69,62,80,76,68,80,59,80,80],"gold":575,"neow_bonus":"","is_daily":false,"chose_seed":false,"campfire_upgraded":0,"win_rate":0.0,"timestamp":1608233266,"path_taken":["M","?","?","?","?","R","E","$","T","?","E","R","?","M","R","BOSS"],"items_purchased_type":["Card","Relic"],"build_version":"2020-12-13","purchased_purges":0,"victory":false,"max_hp_per_floor":[80,80,80,80,80,80,80,80,80,80,80,80,80,80,80,80,80,80],"card_choices":[],"player_experience":238951,"relics_obtained":[{"floor":7,"key":"Garlic"},{"floor":9,"key":"aspiration:HummingbirdHeart"},{"floor":10,"key":"Nunchaku"},{"floor":11,"key":"infinitespire:FocusingShard"}],"event_choices":[{"damage_healed":0,"gold_gain":63,"player_choice":"Gained Gold","damage_taken":0,"max_hp_gain":0,"max_hp_loss":0,"event_name":"Golden Wing","floor":2,"gold_loss":0},{"damage_healed":0,"gold_gain":0,"player_choice":"Box","damage_taken":0,"relics_obtained":["aspiration:TomeofQuesting"],"max_hp_gain":0,"max_hp_loss":0,"event_name":"Big Fish","floor":3,"gold_loss":0,"cards_obtained":["Regret"]},{"damage_healed":0,"gold_gain":0,"player_choice":"Agree","damage_taken":0,"max_hp_gain":0,"max_hp_loss":0,"event_name":"conspire:LoneGhost","floor":4,"gold_loss":0}],"is_beta":false,"boss_relics":[{"not_picked":["Mark of Pain","Replay:Ancient Bell"],"picked":"ReplayTheSpireMod:SealedPack"}],"items_purged_floors":[],"is_endless":false,"potions_floor_spawned":[1,10,13,14,16],"ascension_level":0}}