{"host":"19tvufa8xx4wr4o1","time":1608174941,"event":{"mods":["AchievementEnabler","BaseMod","Better Sensory Stone","Better Third Choice","Highlight Path","Minty Spire (QoL Compilation)","Relic Stats","StSLib"],"gold_per_floor":[110,110,129,144,155,188,188,216,271,286,286,286,297,0,0,72,72,91,102,102,102,152,167,82,82,82,93,93,93,119,136,136,212,212,225,250,250,266,191,191,211,211,211,221,234,46,62,62,62,62],"floor_reached":51,"playtime":2046,"items_purged":["Writhe","Injury"],"score":1116,"play_id":"c6c69d6c-626e-4006-87d5-a27e70704754","local_time":"20201216211541","is_ascension_mode":true,"campfire_choices":[{"floor":7.0,"key":"REST"},{"data":"Cloak And Dagger","floor":11.0,"key":"SMITH"},{"data":"Noxious Fumes","floor":15.0,"key":"SMITH"},{"floor":29.0,"key":"REST"},{"data":"Accuracy","floor":32.0,"key":"SMITH"},{"data":"Cloak And Dagger","floor":40.0,"key":"SMITH"},{"floor":42.0,"key":"REST"},{"floor":49,"key":"REST"}],"circlet_count":0,"master_deck":["AscendersBane","Strike_G","Strike_G","Strike_G","Strike_G","Strike_G","Defend_G","Defend_G","Defend_G","Defend_G","Survivor","Neutralize","Dagger Spray","Blade Dance","Accuracy+1","Noxious Fumes+1","Cloak And Dagger+1","PiercingWail","Burst","Finisher","Backflip+1","Dark Shackles","Infinite Blades","Accuracy","Adrenaline","CurseOfTheBell","Cloak And Dagger+1","Blade Dance","Dodge and Roll+1","Parasite","Well Laid Plans"],"relics":["Ring of the Snake","TungstenRod","Blood Vial","Meat on the Bone","Oddly Smooth Stone","Bag of Marbles","Question Card","Cursed Key","Anchor","Toy Ornithopter","Tiny Chest","Calling Bell","Potion Belt","Singing Bowl","CaptainsWheel","Turnip"],"acts_visited":["Exordium","TheCity","TheBeyond"],"potions_floor_usage":[50,50,50,50],"damage_taken":[{"damage":0.0,"enemies":"Small Slimes","floor":1.0,"turns":4.0},{"damage":0.0,"enemies":"Cultist","floor":3.0,"turns":4.0},{"damage":0.0,"enemies":"2 Louse","floor":4.0,"turns":2.0},{"damage":7.0,"enemies":"Blue Slaver","floor":5.0,"turns":4.0},{"damage":20.0,"enemies":"Lagavulin","floor":6.0,"turns":8.0},{"damage":6.0,"enemies":"Gremlin Nob","floor":8.0,"turns":3.0},{"damage":0.0,"enemies":"Exordium Wildlife","floor":10.0,"turns":2.0},{"damage":1.0,"enemies":"Looter","floor":13.0,"turns":3.0},{"damage":14.0,"enemies":"The Guardian","floor":16.0,"turns":11.0},{"damage":8.0,"enemies":"Spheric Guardian","floor":18.0,"turns":4.0},{"damage":13.0,"enemies":"Shell Parasite","floor":19.0,"turns":4.0},{"damage":1.0,"enemies":"Snake Plant","floor":23.0,"turns":5.0},{"damage":22.0,"enemies":"3 Cultists","floor":27.0,"turns":6.0},{"damage":0.0,"enemies":"Chosen and Byrds","floor":31.0,"turns":4.0},{"damage":39.0,"enemies":"Collector","floor":33.0,"turns":10.0},{"damage":35.0,"enemies":"3 Darklings","floor":35.0,"turns":6.0},{"damage":7.0,"enemies":"Mind Bloom Boss Battle","floor":36.0,"turns":7.0},{"damage":0.0,"enemies":"Orb Walker","floor":38.0,"turns":2.0},{"damage":14.0,"enemies":"Sphere and 2 Shapes","floor":41.0,"turns":5.0},{"damage":2.0,"enemies":"Writhing Mass","floor":44.0,"turns":8.0},{"damage":25.0,"enemies":"Maw","floor":45.0,"turns":6.0},{"damage":22.0,"enemies":"3 Darklings","floor":47.0,"turns":4.0},{"damage":74,"enemies":"Donu and Deca","floor":50,"turns":10}],"seed_played":"-319822937185840250","potions_obtained":[{"floor":3.0,"key":"AttackPotion"},{"floor":5.0,"key":"Strength Potion"},{"floor":6.0,"key":"AttackPotion"},{"floor":16.0,"key":"Explosive Potion"},{"floor":19.0,"key":"Weak Potion"},{"floor":36.0,"key":"BlessingOfTheForge"},{"floor":45.0,"key":"EssenceOfSteel"},{"floor":47.0,"key":"Dexterity Potion"}],"is_trial":false,"path_per_floor":["M","?","M","M","M","E","R","E","T","M","R","?","M","$","R","B",null,"M","M","?","?","?","M","?","?","T","M","?","R","T","M","R","B",null,"M","?","?","M","$","R","M","R","T","M","M","$","M","T","R","B",null],"character_chosen":"THE_SILENT","items_purchased":["Question Card","Strength Potion","Well Laid Plans","PowerPotion"],"campfire_rested":4,"item_purchase_floors":[14,14,46,46],"current_hp_per_floor":[44,44,44,44,37,17,36,32,32,34,34,34,35,35,35,35,58,52,41,41,41,41,42,42,42,42,34,34,53,53,55,55,35,58,37,46,46,50,50,50,38,59,59,61,40,40,34,34,56,16],"gold":62,"neow_bonus":"ONE_RARE_RELIC","is_daily":false,"chose_seed":false,"campfire_upgraded":4,"win_rate":0.0,"timestamp":1608174941,"path_taken":["M","?","M","?","M","E","R","E","T","M","R","?","M","$","R","BOSS","M","M","?","?","?","M","?","?","T","M","?","R","?","M","R","BOSS","M","?","?","M","$","R","M","R","T","M","?","$","M","?","R","BOSS"],"items_purchased_type":["Relic","Potion","Card","Potion"],"build_version":"2020-12-13","purchased_purges":2,"victory":true,"max_hp_per_floor":[66,66,66,66,66,66,66,66,66,66,66,66,66,66,66,66,66,66,66,66,66,66,66,66,66,66,66,66,66,66,66,66,66,66,66,68,68,70,70,70,70,70,70,72,74,74,76,76,76,76],"relic_stats":{"Blood Vial":36,"Singing Bowl":10,"counters":[23,122],"Tiny Chest":1,"Turnip":[8],"Question Card":17,"Cursed Key":1,"obtain_stats":[{"Potion Belt":34,"Singing Bowl":34,"Oddly Smooth Stone":9,"Question Card":14,"Cursed Key":17,"Blood Vial":6,"Calling Bell":34,"Anchor":21,"CaptainsWheel":34,"Tiny Chest":30,"Turnip":36,"Bag of Marbles":12,"TungstenRod":0,"Toy Ornithopter":24,"Ring of the Snake":0,"Meat on the Bone":8},{"Potion Belt":15,"Singing Bowl":15,"Oddly Smooth Stone":6,"Question Card":8,"Cursed Key":9,"Blood Vial":5,"Calling Bell":15,"Anchor":11,"CaptainsWheel":15,"Tiny Chest":13,"Turnip":17,"Bag of Marbles":7,"TungstenRod":0,"Toy Ornithopter":12,"Ring of the Snake":0,"Meat on the Bone":6},{"Potion Belt":74,"Singing Bowl":74,"Oddly Smooth Stone":25,"Question Card":30,"Cursed Key":41,"Blood Vial":22,"Calling Bell":74,"Anchor":49,"CaptainsWheel":74,"Tiny Chest":60,"Turnip":87,"Bag of Marbles":27,"TungstenRod":0,"Toy Ornithopter":54,"Ring of the Snake":0,"Meat on the Bone":25}],"TungstenRod":50,"Toy Ornithopter":25,"Ring of the Snake":[46],"Meat on the Bone":84},"card_choices":[{"not_picked":["Bane","Sucker Punch"],"picked":"Dagger Spray","floor":1.0},{"not_picked":["Calculated Gamble","Backflip","Outmaneuver"],"picked":"SKIP","floor":3.0},{"not_picked":["Masterful Stab","Finisher"],"picked":"Blade Dance","floor":4.0},{"not_picked":["Sucker Punch","Dagger Throw"],"picked":"Accuracy","floor":5.0},{"not_picked":["Deflect","Blur"],"picked":"Noxious Fumes","floor":6.0},{"not_picked":["Bane","Backflip","Outmaneuver"],"picked":"SKIP","floor":8.0},{"not_picked":["Distraction","Acrobatics"],"picked":"Cloak And Dagger","floor":10.0},{"not_picked":["Quick Slash","Deadly Poison"],"picked":"PiercingWail","floor":13.0},{"not_picked":["Grand Finale","Tools of the Trade","Doppelganger"],"picked":"Burst","floor":16.0},{"not_picked":["Deadly Poison","Slice","Poisoned Stab"],"picked":"Finisher","floor":18.0},{"not_picked":["Sucker Punch","Poisoned Stab+1","Concentrate"],"picked":"Backflip+1","floor":19.0},{"not_picked":["Mayhem","Blind","Violence"],"picked":"Dark Shackles","floor":20.0},{"not_picked":["Bouncing Flask","Quick Slash+1","Dagger Throw","Reflex"],"picked":"SKIP","floor":23.0},{"not_picked":["Deadly Poison","Quick Slash+1","Flying Knee","Poisoned Stab"],"picked":"SKIP","floor":27.0},{"not_picked":["Dagger Throw","PiercingWail","Poisoned Stab+1"],"picked":"Accuracy","floor":31.0},{"not_picked":["Malaise","Venomology","Night Terror"],"picked":"Adrenaline","floor":33.0},{"not_picked":["Quick Slash","Dodge and Roll","Choke"],"picked":"Cloak And Dagger","floor":35.0},{"not_picked":["Quick Slash","Dodge and Roll","Calculated Gamble+1","Accuracy"],"picked":"Singing Bowl","floor":36.0},{"not_picked":["Dash+1","Sucker Punch+1","Dodge and Roll","Eviscerate"],"picked":"Singing Bowl","floor":38.0},{"not_picked":["Dagger Spray","Storm of Steel","Distraction"],"picked":"Dodge and Roll+1","floor":41.0},{"not_picked":["Outmaneuver","Acrobatics","Underhanded Strike+1","Tactician+1"],"picked":"Singing Bowl","floor":44.0},{"not_picked":["Backflip","Escape Plan","Dagger Spray","Wraith Form v2"],"picked":"Singing Bowl","floor":45.0},{"not_picked":["Dagger Spray","Underhanded Strike","Deflect","Sucker Punch+1"],"picked":"Singing Bowl","floor":47.0}],"player_experience":501875,"relics_obtained":[{"floor":6.0,"key":"Blood Vial"},{"floor":8.0,"key":"Meat on the Bone"},{"floor":9.0,"key":"Oddly Smooth Stone"},{"floor":30.0,"key":"Tiny Chest"},{"floor":34.0,"key":"Potion Belt"},{"floor":34.0,"key":"Singing Bowl"},{"floor":34.0,"key":"CaptainsWheel"},{"floor":36.0,"key":"Turnip"}],"event_choices":[{"cards_removed":["Defend_G"],"damage_healed":0.0,"max_hp_gain":0.0,"max_hp_loss":0.0,"gold_gain":0.0,"event_name":"Purifier","player_choice":"Purged","floor":2.0,"gold_loss":0.0,"damage_taken":0.0},{"damage_healed":0.0,"max_hp_gain":0.0,"max_hp_loss":0.0,"gold_gain":0.0,"event_name":"Dead Adventurer","player_choice":"Searched \u00271\u0027 times","floor":12.0,"gold_loss":0.0,"damage_taken":0.0,"relics_obtained":["Bag of Marbles"]},{"damage_healed":0.0,"max_hp_gain":0.0,"max_hp_loss":0.0,"gold_gain":2.0,"event_name":"betterStone:BetterStone","player_choice":"1","floor":20.0,"gold_loss":0.0,"damage_taken":0.0},{"damage_healed":0.0,"max_hp_gain":0.0,"max_hp_loss":0.0,"gold_gain":0.0,"event_name":"The Mausoleum","player_choice":"Opened","floor":21.0,"gold_loss":0.0,"damage_taken":0.0,"relics_obtained":["Anchor"],"cards_obtained":["Writhe"]},{"damage_healed":0.0,"max_hp_gain":0.0,"max_hp_loss":0.0,"gold_gain":50.0,"event_name":"betterThird:BetterNest","player_choice":"Steal","floor":22.0,"gold_loss":0.0,"damage_taken":0.0},{"damage_healed":0.0,"max_hp_gain":0.0,"max_hp_loss":0.0,"gold_gain":0.0,"event_name":"Addict","player_choice":"Obtained Relic","floor":24.0,"gold_loss":85.0,"damage_taken":0.0,"relics_obtained":["Toy Ornithopter"]},{"damage_healed":0.0,"max_hp_gain":0.0,"max_hp_loss":0.0,"gold_gain":0.0,"event_name":"The Library","player_choice":"Read","floor":25.0,"gold_loss":0.0,"damage_taken":0.0,"cards_obtained":["Infinite Blades"]},{"damage_healed":0.0,"max_hp_gain":0.0,"max_hp_loss":0.0,"gold_gain":0.0,"event_name":"Ghosts","player_choice":"Ignored","floor":28.0,"gold_loss":0.0,"damage_taken":0.0},{"damage_healed":0.0,"max_hp_gain":0.0,"max_hp_loss":0.0,"gold_gain":0.0,"event_name":"MindBloom","player_choice":"Fight","floor":36.0,"gold_loss":0.0,"damage_taken":0.0},{"damage_healed":0.0,"max_hp_gain":0.0,"max_hp_loss":0.0,"gold_gain":0.0,"event_name":"Match and Keep!","player_choice":"1 cards matched","floor":37.0,"gold_loss":0.0,"damage_taken":0.0,"cards_obtained":["Blade Dance"]}],"is_beta":false,"boss_relics":[{"not_picked":["Ectoplasm","Coffee Dripper"],"picked":"Cursed Key"},{"not_picked":["Philosopher\u0027s Stone","Busted Crown"],"picked":"Calling Bell"}],"items_purged_floors":[39,46],"is_endless":false,"potions_floor_spawned":[3,5,6,16,19,31,36,45,47],"ascension_level":15}}