{"host":"ufl0k2so27eic2iy","time":1608211207,"event":{"mods":["BaseMod","Minty Spire (QoL Compilation)","StSLib","The Animator"],"gold_per_floor":[118,118,139,189,212,212,247,265,265,265,116,155,155,188,188,277,277,295,313,363,413,445,478,478,55,55,99,99,99,99,118,118,224,224,238,238,256,287,154,154,154],"floor_reached":40,"playtime":1897,"items_purged":["animator:Strike","animator:Strike_TouhouProject"],"score":800,"play_id":"35a4b3ce-5bd3-47e0-b39c-d4ceeebbded2","local_time":"20201217132007","is_ascension_mode":true,"campfire_choices":[{"data":"animator:YunYun","floor":6.0,"key":"SMITH"},{"data":"animator:Clownpiece","floor":10.0,"key":"SMITH"},{"data":"animator:KyokoSakura","floor":13.0,"key":"SMITH"},{"data":"animator:Arpeggio","floor":15.0,"key":"SMITH"},{"floor":24.0,"key":"REST"},{"floor":28,"key":"REST"},{"data":"animator:PinaCoLada","floor":30,"key":"SMITH"},{"floor":32,"key":"REST"}],"circlet_count":0,"master_deck":["AscendersBane","animator:Defend_TouhouProject+1","animator:Defend+1","animator:Defend+1","animator:Defend+1","animator:MarisaKirisame","animator:Megumin+14","animator:MarisaKirisame","animator:YunYun+1","animator:Clownpiece+1","animator:KyokoSakura+1","animator:OrikoMikuni","animator:Arpeggio+1","animator:PinaCoLada+1","animator:YuukaKazami+1","animator:YachiyoNanami","animator:Jibril+1","animator:DolaCouronne","animator:TukaLunaMarceau","animator:HiedaNoAkyuu","animator:DolaSchwi","animator:Arpeggio+1","animator:Aqua","animator:FielNirvalen","animator:MisaKurobane"],"relics":["animator:VividPicture","animator:TheMissingPiece","Golden Idol","Mercury Hourglass","Sundial","Centennial Puzzle","Empty Cage","Whetstone","Bronze Scales","Toolbox","Juzu Bracelet","Ginger"],"acts_visited":["Exordium","TheCity","TheBeyond"],"potions_floor_usage":[],"damage_taken":[{"damage":0.0,"enemies":"Small Slimes","floor":1.0,"turns":3.0},{"damage":1.0,"enemies":"Cultist","floor":3.0,"turns":3.0},{"damage":10.0,"enemies":"Jaw Worm","floor":5.0,"turns":4.0},{"damage":11.0,"enemies":"Blue Slaver","floor":7.0,"turns":5.0},{"damage":3.0,"enemies":"Lots of Slimes","floor":8.0,"turns":3.0},{"damage":0.0,"enemies":"Gremlin Nob","floor":12.0,"turns":3.0},{"damage":11.0,"enemies":"Lagavulin","floor":14.0,"turns":4.0},{"damage":11.0,"enemies":"The Guardian","floor":16.0,"turns":9.0},{"damage":29.0,"enemies":"3 Byrds","floor":18.0,"turns":3.0},{"damage":2.0,"enemies":"Chosen","floor":19.0,"turns":4.0},{"damage":6.0,"enemies":"Sentry and Sphere","floor":22.0,"turns":3.0},{"damage":10.0,"enemies":"Gremlin Leader","floor":23.0,"turns":5.0},{"damage":29.0,"enemies":"Slavers","floor":27.0,"turns":3.0},{"damage":13,"enemies":"Shelled Parasite and Fungi","floor":31,"turns":5},{"damage":28,"enemies":"Champ","floor":33,"turns":11},{"damage":7,"enemies":"Orb Walker","floor":35,"turns":2},{"damage":36,"enemies":"3 Darklings","floor":37,"turns":4},{"damage":0,"enemies":"Mind Bloom Boss Battle","floor":38,"turns":5},{"damage":9,"enemies":"Reptomancer","floor":40,"turns":1}],"seed_played":"1227766199827791928","potions_obtained":[{"floor":7.0,"key":"ColorlessPotion"},{"floor":12.0,"key":"Weak Potion"},{"floor":19.0,"key":"FairyPotion"},{"floor":22.0,"key":"PowerPotion"},{"floor":33,"key":"Block Potion"},{"floor":35,"key":"LiquidMemories"}],"is_trial":false,"path_per_floor":["M","?","M","?","M","R","M","M","T","R","$","E","R","E","R","B",null,"M","M","?","?","M","E","R","$","T","E","R","?","R","M","R","B",null,"M","?","M","?","$","E"],"character_chosen":"THE_ANIMATOR","items_purchased":["animator:FalseLifePotion","animator:DolaCouronne","Bronze Scales","Toolbox","animator:FielNirvalen","animator:MisaKurobane"],"campfire_rested":3,"item_purchase_floors":[11,25,25,25,39,39],"current_hp_per_floor":[60,60,59,59,49,49,38,35,35,35,35,35,35,24,24,13,48,20,18,18,18,12,2,20,20,20,9,27,27,27,14,32,4,47,41,41,5,5,5,0,0],"gold":154,"neow_bonus":"TEN_PERCENT_HP_BONUS","is_daily":false,"chose_seed":true,"campfire_upgraded":5,"win_rate":0.0,"timestamp":1608211207,"path_taken":["M","?","M","?","?","R","M","M","T","R","$","E","R","E","R","BOSS","M","?","?","?","M","E","R","$","T","E","R","?","R","M","R","BOSS","M","?","M","?","$","E"],"items_purchased_type":["Potion","Card","Relic","Relic","Card","Card"],"build_version":"2020-12-13","purchased_purges":2,"victory":false,"max_hp_per_floor":[66,60,60,60,60,60,60,60,60,60,60,60,60,60,60,60,60,61,61,61,61,61,61,61,61,61,61,61,61,61,61,61,61,61,62,62,62,62,62,62,62],"card_choices":[{"not_picked":["animator:Tyuule","animator:Vanir"],"picked":"animator:Megumin","floor":1.0},{"not_picked":["animator:DolaCouronne","animator:GuildGirl"],"picked":"animator:MarisaKirisame","floor":3.0},{"not_picked":["animator:RoyMustang","animator:Sloth"],"picked":"animator:YunYun","floor":5.0},{"not_picked":["animator:SuikaIbuki","animator:AliceMargatroid"],"picked":"animator:Clownpiece","floor":7.0},{"not_picked":["animator:Kuribayashi","animator:Tyuule"],"picked":"animator:KyokoSakura","floor":8.0},{"not_picked":["animator:Kazuma","animator:SuzuneAmano"],"picked":"animator:OrikoMikuni","floor":12.0},{"not_picked":["animator:RoryMercury","animator:RoyMustang"],"picked":"animator:Arpeggio","floor":14.0},{"not_picked":["animator:Envy","animator:Wiz"],"picked":"animator:PinaCoLada","floor":16.0},{"not_picked":["animator:ReimuHakurei","animator:MarisaKirisame"],"picked":"animator:YuukaKazami","floor":18.0},{"not_picked":["animator:SwordMaiden","animator:ReimuHakurei"],"picked":"animator:YachiyoNanami","floor":19.0},{"not_picked":["animator:KomachiOnozuka+1","animator:DolaRiku"],"picked":"animator:Jibril","floor":22.0},{"not_picked":["animator:Greed","animator:Clownpiece+1","animator:Witch"],"picked":"SKIP","floor":23.0},{"not_picked":["animator:RoryMercury","animator:Kuribayashi"],"picked":"animator:TukaLunaMarceau","floor":27},{"not_picked":["animator:Witch","animator:KyokoSakura","animator:Jibril+1"],"picked":"SKIP","floor":31},{"not_picked":["animator:GoblinSlayer","animator:SwordMaiden"],"picked":"animator:HiedaNoAkyuu","floor":33},{"not_picked":["animator:Verdia+1","animator:Sloth"],"picked":"animator:DolaSchwi","floor":35},{"not_picked":["animator:DolaCouronne","animator:ReimuHakurei"],"picked":"animator:Arpeggio+1","floor":37},{"not_picked":["animator:Megumin","animator:Priestess"],"picked":"animator:Aqua","floor":38}],"player_experience":2309031,"relics_obtained":[{"floor":9.0,"key":"Mercury Hourglass"},{"floor":12.0,"key":"Sundial"},{"floor":14.0,"key":"Centennial Puzzle"},{"floor":23.0,"key":"Whetstone"},{"floor":27,"key":"Juzu Bracelet"},{"floor":38,"key":"Ginger"}],"event_choices":[{"damage_healed":0.0,"max_hp_gain":0.0,"max_hp_loss":6.0,"gold_gain":0.0,"event_name":"Golden Idol","player_choice":"Lose Max HP","floor":2.0,"gold_loss":0.0,"damage_taken":0.0,"relics_obtained":["Golden Idol"]},{"damage_healed":0.0,"max_hp_gain":0.0,"max_hp_loss":0.0,"gold_gain":50.0,"event_name":"Golden Shrine","player_choice":"Pray","floor":4.0,"gold_loss":0.0,"damage_taken":0.0},{"damage_healed":0.0,"max_hp_gain":0.0,"max_hp_loss":0.0,"gold_gain":50.0,"event_name":"Nest","player_choice":"Stole From Cult","floor":20.0,"gold_loss":0.0,"damage_taken":0.0},{"damage_healed":0.0,"max_hp_gain":0.0,"max_hp_loss":0.0,"gold_gain":50.0,"event_name":"Golden Shrine","player_choice":"Pray","floor":21.0,"gold_loss":0.0,"damage_taken":0.0},{"damage_healed":0,"gold_gain":0,"player_choice":"Simplicity","damage_taken":0,"max_hp_gain":0,"max_hp_loss":0,"event_name":"Back to Basics","floor":29,"gold_loss":0,"cards_upgraded":["animator:Defend_TouhouProject","animator:Defend","animator:Defend","animator:Defend"]},{"cards_removed":["animator:ReimuHakurei"],"damage_healed":0,"gold_gain":0,"player_choice":"Removed Attack","damage_taken":0,"max_hp_gain":0,"max_hp_loss":0,"event_name":"Falling","floor":36,"gold_loss":0},{"damage_healed":0,"gold_gain":0,"player_choice":"Fight","damage_taken":0,"max_hp_gain":0,"max_hp_loss":0,"event_name":"MindBloom","floor":38,"gold_loss":0}],"is_beta":false,"boss_relics":[{"not_picked":["Calling Bell","Fusion Hammer"],"picked":"Empty Cage"},{"not_picked":["Coffee Dripper","Busted Crown"],"picked":"animator:VividPicture"}],"items_purged_floors":[11,25],"is_endless":false,"potions_floor_spawned":[7,12,19,22,23,33,35],"killed_by":"Reptomancer","ascension_level":15}}