{"host":"rob","time":1608169454,"event":{"mods":["2.2 Compatiblity","BaseMod","Minty Spire (QoL Compilation)","StSLib"],"gold_per_floor":[12,24,24,24,37,69,69,99,99,99,24,42,372,372,372,372,372],"floor_reached":16,"playtime":811,"items_purged":["Strike_B"],"score":336,"play_id":"6a766bbf-5ef1-4101-b959-9f9890730050","local_time":"20201216204414","is_ascension_mode":true,"campfire_choices":[{"data":"Buffer","floor":7,"key":"SMITH"},{"data":"Zap","floor":10,"key":"SMITH"},{"data":"Defend_B","floor":15,"key":"SMITH"}],"circlet_count":0,"master_deck":["AscendersBane","Strike_B","Defend_B+1","Defend_B","Defend_B","Defend_B","Zap+1","Dualcast","Core Surge+1","Amplify","Cold Snap+1","Rebound","Ball Lightning","Buffer+1","BootSequence","Rip and Tear","Genetic Algorithm"],"relics":["Cracked Core","Whetstone","Incense Burner","Lantern","Ornamental Fan","Old Coin","Golden Idol"],"acts_visited":["Exordium"],"potions_floor_usage":[16,16],"damage_taken":[{"damage":1,"enemies":"Cultist","floor":1,"turns":3},{"damage":1,"enemies":"2 Louse","floor":2,"turns":2},{"damage":7,"enemies":"Jaw Worm","floor":5,"turns":2},{"damage":27,"enemies":"3 Sentries","floor":6,"turns":9},{"damage":0,"enemies":"Lagavulin","floor":8,"turns":7},{"damage":0,"enemies":"2 Fungi Beasts","floor":12,"turns":2},{"damage":0,"enemies":"Gremlin Nob","floor":13,"turns":7},{"damage":12,"enemies":"Hexaghost","floor":16,"turns":9}],"seed_played":"7342856070586578334","potions_obtained":[{"floor":1,"key":"Fire Potion"},{"floor":8,"key":"DistilledChaos"}],"is_trial":false,"path_per_floor":["M","M","T","?","M","E","R","E","T","R","$","M","E","?","R","B"],"character_chosen":"DEFECT","items_purchased":[],"campfire_rested":0,"item_purchase_floors":[],"current_hp_per_floor":[63,62,62,67,60,33,33,33,33,33,33,33,33,7,7,0,0],"gold":372,"neow_bonus":"TRANSFORM_TWO_CARDS","is_daily":false,"chose_seed":false,"campfire_upgraded":3,"win_rate":0.0,"timestamp":1608169454,"path_taken":["M","M","?","?","M","E","R","E","T","R","?","M","E","?","R","BOSS"],"items_purchased_type":[],"build_version":"2020-12-07","purchased_purges":1,"victory":false,"max_hp_per_floor":[71,71,71,76,76,76,76,76,76,76,76,76,76,76,76,76,76],"card_choices":[{"not_picked":["Force Field","Turbo"],"picked":"Cold Snap","floor":1},{"not_picked":["Reinforced Body","Go for the Eyes"],"picked":"Rebound","floor":2},{"not_picked":["Go for the Eyes","Sweeping Beam"],"picked":"Ball Lightning","floor":5},{"not_picked":["Compile Driver","Rebound"],"picked":"Buffer","floor":6},{"not_picked":["Steam","Gash"],"picked":"BootSequence","floor":8},{"not_picked":["Darkness","BootSequence"],"picked":"Rip and Tear","floor":12},{"not_picked":["Hologram","Storm"],"picked":"Genetic Algorithm","floor":13}],"player_experience":1029005,"relics_obtained":[{"floor":3,"key":"Whetstone"},{"floor":6,"key":"Incense Burner"},{"floor":8,"key":"Lantern"},{"floor":9,"key":"Ornamental Fan"},{"floor":13,"key":"Old Coin"}],"event_choices":[{"damage_healed":0,"gold_gain":0,"player_choice":"Donut","damage_taken":0,"max_hp_gain":5,"max_hp_loss":0,"event_name":"Big Fish","floor":4,"gold_loss":0},{"damage_healed":0,"gold_gain":0,"player_choice":"Take Damage","damage_taken":26,"relics_obtained":["Golden Idol"],"max_hp_gain":0,"max_hp_loss":0,"event_name":"Golden Idol","floor":14,"gold_loss":0}],"is_beta":true,"boss_relics":[],"items_purged_floors":[11],"is_endless":false,"potions_floor_spawned":[1,8],"killed_by":"Hexaghost","ascension_level":20}}