{"host":"u4tznopnj1dsdkte","time":1608239216,"event":{"mods":["AchievementEnabler","BaseMod","Colored Map","Colored Powertips","DeckTracker","Highlight Path","Minty Spire (QoL Compilation)","Relic Stats"],"gold_per_floor":[110,110,126,143,143,143,154,187,187,187,197,197,197],"floor_reached":12,"playtime":446,"items_purged":[],"score":160,"play_id":"e2953a51-64f3-4394-8f32-36fc9a6619a2","local_time":"20201217220656","is_ascension_mode":true,"campfire_choices":[{"data":"Zap","floor":6,"key":"SMITH"},{"data":"Loop","floor":10,"key":"SMITH"}],"circlet_count":0,"master_deck":["AscendersBane","Strike_B","Strike_B","Strike_B","Strike_B","Defend_B","Defend_B","Defend_B","Defend_B","Zap+1","Dualcast","Loop+1","Conserve Battery","Reboot"],"relics":["Cracked Core","Ornamental Fan","StoneCalendar"],"acts_visited":["Exordium"],"potions_floor_usage":[7,8,12],"damage_taken":[{"damage":0,"enemies":"2 Louse","floor":1,"turns":1},{"damage":1,"enemies":"Small Slimes","floor":3,"turns":3},{"damage":1,"enemies":"Cultist","floor":4,"turns":4},{"damage":0,"enemies":"Red Slaver","floor":7,"turns":3},{"damage":17,"enemies":"Lagavulin","floor":8,"turns":6},{"damage":6,"enemies":"2 Fungi Beasts","floor":11,"turns":3},{"damage":38,"enemies":"3 Sentries","floor":12,"turns":6}],"seed_played":"4265977839077093886","potions_obtained":[{"floor":4,"key":"DistilledChaos"},{"floor":5,"key":"Block Potion"},{"floor":5,"key":"Fire Potion"},{"floor":7,"key":"EssenceOfSteel"}],"is_trial":false,"path_per_floor":["M","?","M","M","?","R","M","E","T","R","M","E"],"character_chosen":"DEFECT","items_purchased":[],"campfire_rested":0,"item_purchase_floors":[],"current_hp_per_floor":[71,60,59,58,58,58,58,41,41,41,35,0,0],"gold":197,"neow_bonus":"TEN_PERCENT_HP_BONUS","is_daily":false,"chose_seed":false,"campfire_upgraded":2,"win_rate":0.0,"timestamp":1608239216,"path_taken":["M","?","M","M","?","R","M","E","T","R","M","E"],"items_purchased_type":[],"build_version":"2020-12-13","purchased_purges":0,"victory":false,"max_hp_per_floor":[78,78,78,78,78,78,78,78,78,78,78,78,78],"relic_stats":{"counters":[7,26],"Ornamental Fan":[4],"StoneCalendar":[0],"obtain_stats":[{"Ornamental Fan":2,"StoneCalendar":9,"Cracked Core":0},{"Ornamental Fan":1,"StoneCalendar":5,"Cracked Core":0},{"Ornamental Fan":1,"StoneCalendar":17,"Cracked Core":0}]},"card_choices":[{"not_picked":["Compile Driver","FTL"],"picked":"Loop","floor":1},{"not_picked":["Cold Snap","Sweeping Beam"],"picked":"Conserve Battery","floor":3},{"not_picked":["Sweeping Beam","Go for the Eyes","Stack"],"picked":"SKIP","floor":4},{"not_picked":["Ball Lightning","Streamline"],"picked":"Reboot","floor":7},{"not_picked":["Streamline","Sweeping Beam","Skim"],"picked":"SKIP","floor":8},{"not_picked":["Rebound","Beam Cell","Stack"],"picked":"SKIP","floor":11}],"player_experience":1241682,"relics_obtained":[{"floor":9,"key":"StoneCalendar"}],"event_choices":[{"damage_healed":0,"gold_gain":0,"player_choice":"Success","damage_taken":11,"relics_obtained":["Ornamental Fan"],"max_hp_gain":0,"max_hp_loss":0,"event_name":"Scrap Ooze","floor":2,"gold_loss":0},{"damage_healed":0,"gold_gain":0,"player_choice":"Got Potions","damage_taken":0,"max_hp_gain":0,"max_hp_loss":0,"event_name":"Lab","floor":5,"gold_loss":0}],"is_beta":false,"boss_relics":[],"items_purged_floors":[],"is_endless":false,"potions_floor_spawned":[4,7],"killed_by":"3 Sentries","ascension_level":20}}