{"host":"j49z5jz0n7e8vjox","time":1608249548,"event":{"mods":["AchievementEnabler","BaseMod","Bestiary","Colored Map","Colored Powertips","DeckTracker","Minty Spire (QoL Compilation)"],"gold_per_floor":[113,130,130,145,165,165,199,199,199,216,216,234,250,280,280,375,375,393,405,424,349,264,299,299,316,316,316,349,364,399,411,411,512,512,532,134,134,4,4,34,34,69,96,127,146,165,180,196,196,196,196,196,50,84,84,84],"floor_reached":55,"playtime":12055,"items_purged":[],"score":1058,"play_id":"221a45a8-b0b7-409d-9cb9-ee9bcc701d1f","local_time":"20201217175908","is_ascension_mode":true,"campfire_choices":[{"data":"Caltrops","floor":6,"key":"SMITH"},{"floor":8,"key":"REST"},{"floor":11,"key":"REST"},{"floor":15,"key":"REST"},{"floor":24,"key":"REST"},{"floor":27,"key":"REST"},{"floor":32,"key":"REST"},{"floor":41,"key":"REST"},{"floor":49,"key":"RECALL"},{"floor":52,"key":"REST"}],"circlet_count":0,"master_deck":["Strike_G","Strike_G","Strike_G","Defend_G","Defend_G","Defend_G","Defend_G","Defend_G","Survivor+1","Neutralize+1","Crippling Poison","Catalyst","Terror","Caltrops+1","Noxious Fumes","Crippling Poison","Sucker Punch","Wraith Form v2","Bullet Time","Catalyst","Dodge and Roll+1","Poisoned Stab+1","PiercingWail","Footwork+1","Prepared","Footwork","Night Terror","Leg Sweep","Dash","Apotheosis","Wraith Form v2","PiercingWail","Footwork","Footwork","Bane+1","Blur+1","PiercingWail"],"relics":["Ring of the Snake","Anchor","Potion Belt","HornCleat","SacredBark","Happy Flower","War Paint","Question Card","Ancient Tea Set","Mummified Hand","SlaversCollar","Toolbox","PreservedInsect","Omamori","Kunai","StrikeDummy"],"acts_visited":["Exordium","TheCity","TheBeyond","TheEnding"],"potions_floor_usage":[10,23,28,28,29,30,30,31,31,33,42,46,47,50,50,54,55],"damage_taken":[{"damage":9,"enemies":"Small Slimes","floor":1,"turns":4},{"damage":2,"enemies":"Cultist","floor":2,"turns":5},{"damage":3,"enemies":"Jaw Worm","floor":4,"turns":6},{"damage":18,"enemies":"Large Slime","floor":5,"turns":11},{"damage":29,"enemies":"Lagavulin","floor":7,"turns":9},{"damage":0,"enemies":"3 Louse","floor":10,"turns":2},{"damage":6,"enemies":"Red Slaver","floor":12,"turns":4},{"damage":12,"enemies":"Gremlin Gang","floor":13,"turns":3},{"damage":19,"enemies":"3 Sentries","floor":14,"turns":6},{"damage":17,"enemies":"The Guardian","floor":16,"turns":11},{"damage":14,"enemies":"Spheric Guardian","floor":18,"turns":6},{"damage":6,"enemies":"3 Byrds","floor":19,"turns":5},{"damage":11,"enemies":"Snecko","floor":20,"turns":5},{"damage":13,"enemies":"Book of Stabbing","floor":23,"turns":5},{"damage":8,"enemies":"Chosen and Byrds","floor":25,"turns":6},{"damage":22,"enemies":"Gremlin Leader","floor":28,"turns":8},{"damage":12,"enemies":"Snake Plant","floor":29,"turns":5},{"damage":7,"enemies":"Slavers","floor":30,"turns":7},{"damage":3,"enemies":"Centurion and Healer","floor":31,"turns":5},{"damage":8,"enemies":"Automaton","floor":33,"turns":6},{"damage":13,"enemies":"3 Darklings","floor":35,"turns":6},{"damage":9,"enemies":"Nemesis","floor":40,"turns":9},{"damage":2,"enemies":"Giant Head","floor":42,"turns":11},{"damage":10,"enemies":"Reptomancer","floor":44,"turns":7},{"damage":0,"enemies":"Orb Walker","floor":45,"turns":4},{"damage":19,"enemies":"Jaw Worm Horde","floor":46,"turns":9},{"damage":10,"enemies":"4 Shapes","floor":47,"turns":11},{"damage":16,"enemies":"Sphere and 2 Shapes","floor":48,"turns":5},{"damage":15,"enemies":"Awakened One","floor":50,"turns":18},{"damage":20,"enemies":"Shield and Spear","floor":54,"turns":8},{"damage":52,"enemies":"The Heart","floor":55,"turns":6}],"seed_played":"7153366311621471551","potions_obtained":[{"floor":7,"key":"Explosive Potion"},{"floor":10,"key":"Weak Potion"},{"floor":14,"key":"SteroidPotion"},{"floor":16,"key":"LiquidBronze"},{"floor":19,"key":"Swift Potion"},{"floor":20,"key":"SteroidPotion"},{"floor":28,"key":"BlessingOfTheForge"},{"floor":29,"key":"EssenceOfSteel"},{"floor":30,"key":"SkillPotion"},{"floor":31,"key":"SkillPotion"},{"floor":40,"key":"FairyPotion"},{"floor":46,"key":"GhostInAJar"},{"floor":47,"key":"Energy Potion"},{"floor":48,"key":"SteroidPotion"}],"is_trial":false,"path_per_floor":["M","M","?","M","M","R","E","R","T","M","R","M","M","E","R","B",null,"M","M","M","?","?","E","R","M","T","R","E","M","E","M","R","B",null,"M","$","?","$","?","E","R","E","T","E","M","M","M","M","R","B",null,"R","$","E","B"],"character_chosen":"THE_SILENT","items_purchased":["Dash","GhostInAJar","GhostInAJar","Toolbox","Ancient Potion","Swift Potion","SpeedPotion","PowerPotion","PiercingWail"],"campfire_rested":8,"item_purchase_floors":[36,36,36,36,38,38,53,53,53],"current_hp_per_floor":[61,59,59,56,38,38,9,30,30,30,51,45,33,14,35,18,57,43,37,26,26,26,13,34,26,26,47,25,13,6,3,24,16,57,44,44,44,44,44,35,56,54,54,44,44,25,15,42,42,27,59,70,70,50,0,0],"gold":84,"neow_bonus":"UPGRADE_CARD","is_daily":false,"chose_seed":false,"campfire_upgraded":1,"win_rate":0.0,"timestamp":1608249548,"path_taken":["M","M","?","M","M","R","E","R","T","M","R","M","M","E","R","BOSS","M","?","M","?","?","E","R","M","T","R","E","M","E","M","R","BOSS","M","$","?","$","?","E","R","E","T","E","M","M","?","M","R","BOSS","R","$","E","BOSS"],"items_purchased_type":["Card","Potion","Potion","Relic","Potion","Potion","Potion","Potion","Card"],"build_version":"2020-12-13","purchased_purges":0,"victory":false,"max_hp_per_floor":[70,70,70,70,70,70,70,70,70,70,70,70,70,70,70,70,70,70,70,70,70,70,70,70,70,70,70,70,70,70,70,70,70,70,70,70,70,70,70,70,70,70,70,70,70,70,70,70,70,70,70,70,70,70,70,70],"card_choices":[{"not_picked":["Backflip","Blade Dance"],"picked":"Crippling Poison","floor":1},{"not_picked":["Dagger Throw","Deadly Poison"],"picked":"Catalyst","floor":2},{"not_picked":["Acrobatics","Dodge and Roll"],"picked":"Terror","floor":4},{"not_picked":["Accuracy","Reflex"],"picked":"Caltrops","floor":5},{"not_picked":["Corpse Explosion","Quick Slash"],"picked":"Noxious Fumes","floor":7},{"not_picked":["Dagger Spray","Underhanded Strike"],"picked":"Crippling Poison","floor":10},{"not_picked":["Tactician","Dodge and Roll"],"picked":"Sucker Punch","floor":12},{"not_picked":["Flying Knee","Dodge and Roll","Slice"],"picked":"SKIP","floor":13},{"not_picked":["Dagger Spray","Underhanded Strike"],"picked":"Wraith Form v2","floor":14},{"not_picked":["Night Terror","Unload"],"picked":"Bullet Time","floor":16},{"not_picked":["Flechettes+1","Riddle With Holes"],"picked":"Catalyst","floor":18},{"not_picked":["Blade Dance","Cloak And Dagger"],"picked":"Dodge and Roll","floor":19},{"not_picked":["Setup","Blade Dance"],"picked":"Poisoned Stab+1","floor":20},{"not_picked":["Poisoned Stab+1","Concentrate"],"picked":"PiercingWail","floor":23},{"not_picked":["Outmaneuver+1","Deflect","Expertise"],"picked":"SKIP","floor":25},{"not_picked":["Heel Hook+1","Acrobatics","Concentrate","Flechettes"],"picked":"SKIP","floor":28},{"not_picked":["Terror","Backstab","Deadly Poison+1"],"picked":"Footwork+1","floor":29},{"not_picked":["Glass Knife","Flying Knee","All Out Attack+1"],"picked":"Prepared","floor":30},{"not_picked":["Dagger Throw","Outmaneuver","Noxious Fumes"],"picked":"Footwork","floor":31},{"not_picked":["Malaise","Glass Knife","Grand Finale"],"picked":"Night Terror","floor":33},{"not_picked":["Dagger Spray+1","Finisher+1","Heel Hook+1"],"picked":"Leg Sweep","floor":35},{"not_picked":["Madness","Master of Strategy","Thinking Ahead"],"picked":"Apotheosis","floor":37},{"not_picked":["Riddle With Holes","Setup","Quick Slash","Noxious Fumes+1"],"picked":"SKIP","floor":40},{"not_picked":["Dagger Throw+1","Phantasmal Killer","Bouncing Flask"],"picked":"PiercingWail","floor":42},{"not_picked":["Deadly Poison+1","Heel Hook","Finisher"],"picked":"Footwork","floor":44},{"not_picked":["Finisher","Terror","Deadly Poison+1"],"picked":"Footwork","floor":45},{"not_picked":["Underhanded Strike","Flying Knee+1","Dagger Spray+1"],"picked":"Bane+1","floor":46},{"not_picked":["Underhanded Strike","Skewer+1","Expertise+1"],"picked":"Blur+1","floor":47},{"not_picked":["Reflex+1","Accuracy","Prepared","Choke+1"],"picked":"SKIP","floor":48},{"not_picked":["Infinite Blades","All Out Attack+1","Deadly Poison","Envenom"],"picked":"SKIP","floor":54}],"player_experience":690576,"relics_obtained":[{"floor":7,"key":"Anchor"},{"floor":9,"key":"Potion Belt"},{"floor":14,"key":"HornCleat"},{"floor":23,"key":"War Paint"},{"floor":26,"key":"Question Card"},{"floor":28,"key":"Ancient Tea Set"},{"floor":30,"key":"Mummified Hand"},{"floor":40,"key":"PreservedInsect"},{"floor":42,"key":"Omamori"},{"floor":44,"key":"Kunai"},{"floor":54,"key":"StrikeDummy"}],"event_choices":[{"cards_removed":["Strike_G"],"damage_healed":0,"gold_gain":0,"player_choice":"Offered Basic","damage_taken":0,"max_hp_gain":0,"max_hp_loss":0,"event_name":"Bonfire Elementals","floor":3,"gold_loss":0},{"cards_removed":["Strike_G"],"damage_healed":0,"gold_gain":0,"player_choice":"Gave Gold","damage_taken":0,"max_hp_gain":0,"max_hp_loss":0,"event_name":"Beggar","floor":21,"gold_loss":75},{"damage_healed":0,"gold_gain":0,"player_choice":"Obtained Relic","damage_taken":0,"relics_obtained":["Happy Flower"],"max_hp_gain":0,"max_hp_loss":0,"event_name":"Addict","floor":22,"gold_loss":85},{"damage_healed":0,"gold_gain":0,"player_choice":"Memory 1","damage_taken":0,"max_hp_gain":0,"max_hp_loss":0,"event_name":"SensoryStone","floor":37,"gold_loss":0},{"damage_healed":0,"gold_gain":0,"player_choice":"Copied","damage_taken":0,"max_hp_gain":0,"max_hp_loss":0,"event_name":"Duplicator","floor":39,"gold_loss":0,"cards_obtained":["Wraith Form v2"]}],"is_beta":false,"boss_relics":[{"not_picked":["Fusion Hammer","Calling Bell"],"picked":"SacredBark"},{"not_picked":["Busted Crown","Tiny House"],"picked":"SlaversCollar"}],"items_purged_floors":[],"is_endless":false,"potions_floor_spawned":[7,10,14,16,19,20,28,29,30,31,40,46,47,48],"killed_by":"The Heart","ascension_level":5}}