{"host":"aljlpqwbzkm6w4ix","time":1608240037,"event":{"mods":["AchievementEnabler","BaseMod","Colored Map","Colored Powertips","Curses Come First","Friendly Minions","Infinite Spire","Mimic Mod","Minty Spire (QoL Compilation)","Relic Sorter","Shop Mod","StSLib","SuperFastMode"],"gold_per_floor":[10117,10135,10310,9520,9520,9550,9560,9586,9621,9621,9639,9639,9649,9649,9649,9749,9749,9762,8865,8878,8878,8892,8211,8249,8264,8264,8264,8293,8320,8320,8364,8364,8460,8460,8471,7807,7807,7177,7193,7193,7206,7226,7250,7250,7261,7295,7295,7295,7295,7295,7295,7295,6568,6605,6605],"floor_reached":56,"playtime":3648,"items_purged":["Doubt","Defend_P","Strike_P","Defend_P","Prostrate","Strike_P"],"score":1600,"play_id":"675d76ad-7308-4497-9512-5c403be57d43","local_time":"20201217222037","is_ascension_mode":true,"campfire_choices":[{"data":"Eruption","floor":10,"key":"SMITH"},{"data":"LikeWater","floor":12,"key":"SMITH"},{"floor":15,"key":"REST"},{"data":"ForeignInfluence","floor":27,"key":"SMITH"},{"data":"Consecrate","floor":30,"key":"SMITH"},{"data":"CrushJoints","floor":32,"key":"SMITH"},{"data":"Conclude","floor":40,"key":"SMITH"},{"data":"FollowUp","floor":44,"key":"SMITH"},{"data":"FollowUp","floor":47,"key":"SMITH"},{"data":"Tantrum","floor":49,"key":"SMITH"},{"data":"EmptyMind","floor":52,"key":"SMITH"}],"circlet_count":0,"master_deck":["Strike_P","Defend_P","Defend_P","Eruption+1","Vigilance","EmptyMind+1","Consecrate+1","FollowUp+1","FlyingSleeves+1","LikeWater+1","Conclude+1","ForeignInfluence+1","Indignation","Conclude+1","ClearTheMind+1","FollowUp+1","Tantrum+1","Consecrate+1","FollowUp+1","Halt+1","CrushJoints+1","Tantrum+1","ForeignInfluence+1","SignatureMove+1"],"relics":["HolyWater","infinitespire:Golems Mask","Medical Kit","Art of War","FossilizedHelix","InkBottle","Whetstone","Toxic Egg 2","Du-Vu Doll","Sling","Darkstone Periapt","CeramicFish","Pear","Pocketwatch","Anchor","TungstenRod","Strange Spoon","OrangePellets","PreservedInsect","Omamori","Ancient Tea Set","Juzu Bracelet","Nunchaku","Sundial","Bag of Preparation"],"acts_visited":["Exordium","TheCity","TheBeyond","TheEnding"],"potions_floor_usage":[9,16,22,50,50,55,55,55],"damage_taken":[{"damage":0,"enemies":"2 Louse","floor":1,"turns":1},{"damage":12,"enemies":"Jaw Worm","floor":2,"turns":3},{"damage":14,"enemies":"Lagavulin","floor":6,"turns":6},{"damage":0,"enemies":"Small Slimes","floor":7,"turns":3},{"damage":22,"enemies":"3 Sentries","floor":8,"turns":11},{"damage":0,"enemies":"Gremlin Gang","floor":9,"turns":4},{"damage":0,"enemies":"Gremlin Gang","floor":11,"turns":1},{"damage":0,"enemies":"Looter","floor":13,"turns":2},{"damage":30,"enemies":"Hexaghost","floor":16,"turns":8},{"damage":0,"enemies":"3 Byrds","floor":18,"turns":2},{"damage":0,"enemies":"Shell Parasite","floor":20,"turns":2},{"damage":6,"enemies":"Snecko","floor":22,"turns":4},{"damage":9,"enemies":"Book of Stabbing","floor":24,"turns":3},{"damage":0,"enemies":"Centurion and Healer","floor":25,"turns":2},{"damage":0,"enemies":"Slavers","floor":28,"turns":2},{"damage":8,"enemies":"Snake Plant","floor":29,"turns":2},{"damage":0,"enemies":"Book of Stabbing","floor":31,"turns":1},{"damage":0,"enemies":"Collector","floor":33,"turns":3},{"damage":0,"enemies":"Orb Walker","floor":35,"turns":2},{"damage":35,"enemies":"3 Darklings","floor":39,"turns":3},{"damage":36,"enemies":"Writhing Mass","floor":41,"turns":3},{"damage":18,"enemies":"Maw","floor":42,"turns":4},{"damage":0,"enemies":"Spire Growth","floor":45,"turns":2},{"damage":20,"enemies":"Giant Head","floor":46,"turns":4},{"damage":95,"enemies":"infinitespire:MassOfShapes","floor":50,"turns":3},{"damage":18,"enemies":"Shield and Spear","floor":54,"turns":3},{"damage":131,"enemies":"The Heart","floor":55,"turns":8}],"seed_played":"3470280624027036919","potions_obtained":[{"floor":6,"key":"BlessingOfTheForge"},{"floor":11,"key":"Block Potion"},{"floor":13,"key":"BlessingOfTheForge"},{"floor":18,"key":"Fire Potion"},{"floor":35,"key":"BottledMiracle"},{"floor":39,"key":"Ambrosia"}],"is_trial":false,"path_per_floor":["M","M","?","$","?","E","M","E","MIM","R","M","R","M","?","R","B",null,"M","$","M","?","M","$","E","M","T","R","E","M","R","E","R","B",null,"M","$","?","$","M","R","M","M","T","R","M","E","R","?","R","B",null,"R","$","E","B",null],"character_chosen":"WATCHER","items_purchased":["infinitespire:Golems Mask","Medical Kit","Art of War","Prostrate","FollowUp","Toxic Egg 2","Du-Vu Doll","Sling","ClearTheMind+1","Energy Potion","Darkstone Periapt","CeramicFish","Consecrate","Ambrosia","TungstenRod","Strange Spoon","Tantrum","OrangePellets","PreservedInsect","Omamori","Nunchaku","Sundial","EssenceOfSteel","SkillPotion"],"campfire_rested":1,"item_purchase_floors":[4,4,4,4,4,19,19,19,19,19,23,23,23,23,36,36,36,38,38,38,53,53,53,53],"current_hp_per_floor":[79,67,67,67,72,58,58,36,36,36,36,36,36,36,61,31,84,84,84,84,84,78,78,79,79,79,79,79,71,71,71,71,71,94,94,94,94,94,59,59,23,5,5,5,94,74,74,74,74,65,94,94,94,76,21],"gold":6605,"neow_bonus":"TEN_PERCENT_HP_BONUS","is_daily":false,"chose_seed":false,"campfire_upgraded":10,"win_rate":0.0,"timestamp":1608240037,"path_taken":["M","M","?","$","?","E","M","E","MIM","R","?","R","M","?","R","BOSS","M","$","M","?","M","$","E","M","T","R","E","M","R","E","R","BOSS","M","$","?","?","M","R","?","?","T","R","M","E","R","?","R","BOSS","R","$","E","BOSS"],"items_purchased_type":["Relic","Relic","Relic","Card","Card","Relic","Relic","Relic","Card","Potion","Relic","Relic","Card","Potion","Relic","Relic","Card","Relic","Relic","Relic","Relic","Relic","Potion","Potion"],"build_version":"2020-12-13","purchased_purges":6,"victory":true,"max_hp_per_floor":[79,79,79,79,84,84,84,84,84,84,84,84,84,84,84,84,84,84,84,84,84,84,84,94,94,94,94,94,94,94,94,94,94,94,94,94,94,94,94,94,94,94,94,94,94,94,94,94,94,94,94,94,94,94,94],"card_choices":[{"not_picked":["SashWhip","BowlingBash"],"picked":"EmptyMind","floor":1},{"not_picked":["EmptyBody","ClearTheMind"],"picked":"Consecrate","floor":2},{"not_picked":["Protect","EmptyBody"],"picked":"FlyingSleeves","floor":6},{"not_picked":["Swivel","Meditate"],"picked":"LikeWater","floor":7},{"not_picked":["BowlingBash","DeusExMachina"],"picked":"Conclude","floor":8},{"not_picked":["ThirdEye","Crescendo"],"picked":"ForeignInfluence","floor":11},{"not_picked":["Crescendo","EmptyBody"],"picked":"Indignation","floor":13},{"not_picked":["Evaluate","Adaptation"],"picked":"Conclude","floor":18},{"not_picked":["Evaluate+1","Protect+1"],"picked":"FollowUp","floor":20},{"not_picked":["ClearTheMind+1","BowlingBash"],"picked":"Tantrum+1","floor":22},{"not_picked":["WindmillStrike","MasterReality"],"picked":"FollowUp+1","floor":24},{"not_picked":["Pray+1","PathToVictory+1","JustLucky"],"picked":"SKIP","floor":25},{"not_picked":["WindmillStrike","PathToVictory+1","FlyingSleeves"],"picked":"SKIP","floor":28},{"not_picked":["Adaptation+1","Evaluate+1"],"picked":"Halt+1","floor":29},{"not_picked":["Fasting2","Wish+1"],"picked":"CrushJoints","floor":31},{"not_picked":["PathToVictory+1","Halt+1","SashWhip+1"],"picked":"SKIP","floor":35},{"not_picked":["Study","WindmillStrike","FlyingSleeves+1"],"picked":"SKIP","floor":39},{"not_picked":["EmptyFist","Perseverance+1","ClearTheMind+1"],"picked":"SKIP","floor":41},{"not_picked":["Protect+1","WindmillStrike+1","Adaptation"],"picked":"SKIP","floor":42},{"not_picked":["Meditate+1","Prostrate+1","Wireheading+1"],"picked":"SKIP","floor":45},{"not_picked":["WindmillStrike+1","Omniscience+1"],"picked":"ForeignInfluence+1","floor":46},{"not_picked":["FollowUp","Brilliance"],"picked":"SignatureMove+1","floor":54}],"player_experience":319691,"relics_obtained":[{"floor":6,"key":"FossilizedHelix"},{"floor":8,"key":"InkBottle"},{"floor":9,"key":"Whetstone"},{"floor":24,"key":"Pear"},{"floor":28,"key":"Pocketwatch"},{"floor":31,"key":"Anchor"},{"floor":43,"key":"Ancient Tea Set"},{"floor":46,"key":"Juzu Bracelet"},{"floor":54,"key":"Bag of Preparation"}],"event_choices":[{"damage_healed":0,"gold_gain":175,"player_choice":"AGREE","damage_taken":0,"max_hp_gain":0,"max_hp_loss":0,"event_name":"Liars Game","floor":3,"gold_loss":0,"cards_obtained":["Doubt"]},{"damage_healed":0,"gold_gain":0,"player_choice":"Donut","damage_taken":0,"max_hp_gain":5,"max_hp_loss":0,"event_name":"Big Fish","floor":5,"gold_loss":0},{"damage_healed":0,"gold_gain":0,"player_choice":"Bought 0 Potions","damage_taken":0,"max_hp_gain":0,"max_hp_loss":0,"event_name":"The Woman in Blue","floor":21,"gold_loss":0},{"cards_removed":["Strike_P"],"damage_healed":0,"gold_gain":0,"player_choice":"Purged","damage_taken":0,"max_hp_gain":0,"max_hp_loss":0,"event_name":"Purifier","floor":37,"gold_loss":0}],"is_beta":false,"boss_relics":[{"not_picked":["Philosopher\u0027s Stone","SacredBark"],"picked":"HolyWater"},{"not_picked":["Runic Pyramid","Snecko Eye","Runic Dome"]}],"items_purged_floors":[4,19,23,36,38,53],"is_endless":false,"potions_floor_spawned":[6,11,13,18,24,29,35,39,46,54],"ascension_level":2}}