{"host":"lw874zp3en0pz6a7","time":1608184161,"event":{"mods":["Act Like it!","BaseMod","Downfall","Key Reminder","KinomotoSakuraMod(木之本樱)","LagranYue(拉格朗・月)","Luminous","Marisa（F雨　魔理沙）","Minty Spire (QoL Compilation)","Quick Restart","READ ME - Guardian Mod","Reimu（博丽灵梦）","Remilia（蕾米莉亚）","Replay The Spire","SIMod","SOS（斯巴达之子）","Shop Mod","StSLib","Td1madao Mod","The Administrix","The Bladedancer","The Bug Knight","The Construct","The Cursed","The Gatherer","The Runesmith","The Servant 0.9.4","WarShipGirlsR/战舰少女R mod","Youmu（魂魄妖梦）","[地精首领爬塔]The Maniac","vexMod"],"gold_per_floor":[10,10,29,42,57,57,68,68,95,95,20,55,69,69,69,69],"floor_reached":14,"playtime":769,"items_purged":["Gatherer:Strike_Gatherer"],"score":97,"play_id":"8ad43f10-93e9-4cc2-8e95-cfd0fd1805c0","local_time":"20201217134921","is_ascension_mode":true,"metric_token":2005,"campfire_choices":[{"data":"Gatherer:Centralize","floor":6,"key":"SMITH"},{"data":"Gatherer:TreeGrowth","floor":8,"key":"SMITH"},{"data":"Gatherer:TreeGrowth","floor":10,"key":"SMITH"}],"circlet_count":0,"master_deck":["Gatherer:Strike_Gatherer","Gatherer:Strike_Gatherer","Gatherer:Defend_Gatherer","Gatherer:Defend_Gatherer","Gatherer:Defend_Gatherer","Gatherer:Defend_Gatherer","Gatherer:Centralize+1","Gatherer:FlowerWhip","Gatherer:Examine","Gatherer:BigPouch","Gatherer:EnergyBasket","Gatherer:AlchemyTrial","Gatherer:TreeGrowth+1","Gatherer:TreeGrowth+1","Gatherer:Solidify"],"relics":["Gatherer:AlchemyBag","LagranYue:RandomDrawCardRelic","Art of War","Gatherer:MistGenerator","keyreminder:keyreminder"],"acts_visited":["Exordium"],"potions_floor_usage":[12],"damage_taken":[{"damage":1,"enemies":"Small Slimes","floor":1,"turns":3},{"damage":12,"enemies":"Cultist","floor":3,"turns":4},{"damage":5,"enemies":"Jaw Worm","floor":4,"turns":3},{"damage":1,"enemies":"Large Slime","floor":5,"turns":4},{"damage":7,"enemies":"Blue Slaver","floor":7,"turns":5},{"damage":5,"enemies":"3 Sentries","floor":12,"turns":11},{"damage":1,"enemies":"2 Fungi Beasts","floor":13,"turns":3},{"damage":41,"enemies":"Gremlin Nob","floor":14,"turns":6}],"seed_played":"174935364830549903","potions_obtained":[{"floor":4,"key":"champ:CounterPotion"},{"floor":7,"key":"BottledMiracle"}],"is_trial":false,"path_per_floor":["M","?","M","M","M","R","M","R","T","R","$","E","M","E"],"character_chosen":"THE_GATHERER","items_purchased":[],"campfire_rested":0,"item_purchase_floors":[],"current_hp_per_floor":[71,71,59,54,53,53,46,46,46,46,46,41,40,0,0,0],"gold":69,"neow_bonus":"TRANSFORM_TWO_CARDS","is_daily":false,"chose_seed":false,"campfire_upgraded":3,"win_rate":0.0,"timestamp":1608184161,"path_taken":["M","?","M","M","M","R","M","R","T","R","?","E","M","E"],"items_purchased_type":[],"build_version":"2020-12-13","purchased_purges":1,"victory":false,"max_hp_per_floor":[72,72,72,72,72,72,72,72,72,72,72,72,72,72,72,72],"card_choices":[{"not_picked":["Gatherer:FruitForce","Gatherer:Polymorphism"],"picked":"Gatherer:EnergyBasket","floor":1},{"not_picked":["Gatherer:FlowerPower","Gatherer:SealedBomb"],"picked":"Gatherer:AlchemyTrial","floor":3},{"not_picked":["Gatherer:Nutrients","Gatherer:SaveValuables","Gatherer:AcidicSpray"],"picked":"SKIP","floor":4},{"not_picked":["Gatherer:Frenzy","Gatherer:Herbalism"],"picked":"Gatherer:TreeGrowth","floor":5},{"not_picked":["Gatherer:Duality","Gatherer:FlowerFalling"],"picked":"Gatherer:TreeGrowth","floor":7},{"not_picked":["Gatherer:FlowerFalling","Gatherer:HeartToFruit","Gatherer:Transmute"],"picked":"SKIP","floor":12},{"not_picked":["Gatherer:Convert","Gatherer:FlowerFalling"],"picked":"Gatherer:Solidify","floor":13}],"player_experience":265929,"relics_obtained":[{"floor":9,"key":"Art of War"},{"floor":12,"key":"Gatherer:MistGenerator"}],"event_choices":[{"cards_removed":["Gatherer:Strike_Gatherer"],"damage_healed":0,"gold_gain":0,"player_choice":"Card Removal","damage_taken":0,"max_hp_gain":0,"max_hp_loss":0,"event_name":"Wheel of Change","floor":2,"gold_loss":0}],"is_beta":false,"boss_relics":[],"items_purged_floors":[11],"is_endless":false,"potions_floor_spawned":[4,7],"killed_by":"Gremlin Nob","ascension_level":1}}