{"host":"r53pw7z744tg3fxg","time":1608166248,"event":{"mods":["AchievementEnabler","BaseMod","Colored Map","Colored Powertips","Highlight Path","Minty Spire (QoL Compilation)","Quick Restart","Transform Curses"],"gold_per_floor":[115,135,135,135,153,153,186,186,264,292,292,302,316,10,10,108,108,124,149,162,77,77,77,112,112,166,178,178,195,195,195],"floor_reached":30,"playtime":1550,"items_purged":[],"score":335,"play_id":"c54631ce-49d3-4c91-8d0d-fbdbf8301d72","local_time":"20201216175048","is_ascension_mode":true,"campfire_choices":[{"data":"ThirdEye","floor":6,"key":"SMITH"},{"data":"Consecrate","floor":8,"key":"SMITH"},{"floor":11,"key":"REST"},{"floor":15,"key":"REST"},{"floor":23,"key":"REST"},{"floor":25,"key":"REST"}],"circlet_count":0,"master_deck":["Strike_P+1","Strike_P+1","Strike_P+1","Strike_P+1","Defend_P+1","Defend_P+1","Defend_P+1","Defend_P+1","Eruption+1","Vigilance","Consecrate+1","ThirdEye+1","Regret","Wireheading","EmptyFist+1","BowlingBash","Protect","ForeignInfluence+1","Evaluate","LessonLearned","Meditate+1","PathToVictory+1","EmptyBody","CarveReality","FollowUp+1"],"relics":["PureWater","Pen Nib","Eternal Feather","StrikeDummy","Happy Flower","TeardropLocket","Omamori","Centennial Puzzle","Bag of Preparation","Smiling Mask"],"acts_visited":["Exordium","TheCity"],"potions_floor_usage":[7,7,20,24],"damage_taken":[{"damage":0,"enemies":"Small Slimes","floor":1,"turns":1},{"damage":0,"enemies":"2 Louse","floor":2,"turns":1},{"damage":0,"enemies":"Cultist","floor":5,"turns":4},{"damage":13,"enemies":"3 Sentries","floor":7,"turns":4},{"damage":49,"enemies":"Lagavulin","floor":10,"turns":7},{"damage":12,"enemies":"Lots of Slimes","floor":12,"turns":3},{"damage":2,"enemies":"Red Slaver","floor":13,"turns":3},{"damage":46,"enemies":"The Guardian","floor":16,"turns":11},{"damage":11,"enemies":"2 Thieves","floor":18,"turns":2},{"damage":4,"enemies":"3 Byrds","floor":20,"turns":3},{"damage":37,"enemies":"Gremlin Leader","floor":24,"turns":4},{"damage":0,"enemies":"Snake Plant","floor":27,"turns":2},{"damage":18,"enemies":"Centurion and Healer","floor":29,"turns":5},{"damage":38,"enemies":"Shelled Parasite and Fungi","floor":30,"turns":2}],"seed_played":"-7428533473227075339","potions_obtained":[{"floor":1,"key":"SkillPotion"},{"floor":2,"key":"Block Potion"},{"floor":12,"key":"Swift Potion"},{"floor":16,"key":"Strength Potion"},{"floor":20,"key":"LiquidMemories"},{"floor":27,"key":"GamblersBrew"}],"is_trial":false,"path_per_floor":["M","M","?","?","M","R","E","R","T","E","R","M","M","$","R","B",null,"M","T","M","?","?","R","E","R","T","M","?","M","M"],"character_chosen":"WATCHER","items_purchased":["TeardropLocket","Evaluate"],"campfire_rested":4,"item_purchase_floors":[14,14],"current_hp_per_floor":[65,65,65,72,72,72,59,68,68,19,49,37,35,35,65,19,59,48,48,44,44,44,72,35,68,68,68,55,37,0,0],"gold":195,"neow_bonus":"UPGRADE_CARD","is_daily":false,"chose_seed":false,"campfire_upgraded":2,"win_rate":0.0,"timestamp":1608166248,"path_taken":["M","M","?","?","M","R","E","R","T","E","R","?","M","?","R","BOSS","M","?","M","?","?","R","E","R","T","M","?","M","M"],"items_purchased_type":["Relic","Card"],"build_version":"2020-12-13","purchased_purges":0,"victory":false,"max_hp_per_floor":[72,72,72,72,72,72,72,72,72,72,72,72,72,72,72,72,72,72,72,72,72,72,72,72,72,72,72,77,77,77,77],"card_choices":[{"not_picked":["Wallop","JustLucky"],"picked":"Consecrate","floor":1},{"not_picked":["FlyingSleeves","Adaptation"],"picked":"ThirdEye","floor":2},{"not_picked":["ClearTheMind","Study"],"picked":"Wireheading","floor":5},{"not_picked":["CrushJoints","Protect"],"picked":"EmptyFist","floor":7},{"not_picked":["Sanctity","Study"],"picked":"BowlingBash","floor":10},{"not_picked":["SashWhip","Prostrate"],"picked":"Protect","floor":12},{"not_picked":["Fasting2","EmptyMind"],"picked":"ForeignInfluence","floor":13},{"not_picked":["Scrawl","SpiritShield"],"picked":"LessonLearned","floor":16},{"not_picked":["WreathOfFlame+1","EmptyFist"],"picked":"Meditate+1","floor":18},{"not_picked":["LikeWater","CrushJoints"],"picked":"PathToVictory+1","floor":20},{"not_picked":["SashWhip","CutThroughFate"],"picked":"EmptyBody","floor":24},{"not_picked":["EmptyFist","ClearTheMind"],"picked":"CarveReality","floor":27},{"not_picked":["SashWhip","CutThroughFate"],"picked":"FollowUp+1","floor":29}],"player_experience":1109828,"relics_obtained":[{"floor":7,"key":"Eternal Feather"},{"floor":9,"key":"StrikeDummy"},{"floor":10,"key":"Happy Flower"},{"floor":19,"key":"Omamori"},{"floor":24,"key":"Bag of Preparation"},{"floor":26,"key":"Smiling Mask"}],"event_choices":[{"damage_healed":0,"gold_gain":0,"player_choice":"Box","damage_taken":0,"relics_obtained":["Pen Nib"],"max_hp_gain":0,"max_hp_loss":0,"event_name":"Big Fish","floor":3,"gold_loss":0,"cards_obtained":["Regret"]},{"damage_healed":7,"gold_gain":0,"player_choice":"Full Heal","damage_taken":0,"max_hp_gain":0,"max_hp_loss":0,"event_name":"Wheel of Change","floor":4,"gold_loss":0},{"damage_healed":0,"gold_gain":0,"player_choice":"Obtained Relic","damage_taken":0,"relics_obtained":["Centennial Puzzle"],"max_hp_gain":0,"max_hp_loss":0,"event_name":"Addict","floor":21,"gold_loss":85},{"damage_healed":0,"gold_gain":0,"player_choice":"Simplicity","damage_taken":0,"max_hp_gain":0,"max_hp_loss":0,"event_name":"Back to Basics","floor":22,"gold_loss":0,"cards_upgraded":["Strike_P","Strike_P","Strike_P","Defend_P","Defend_P","Defend_P","Defend_P"]},{"damage_healed":0,"gold_gain":0,"player_choice":"Shed Blood","damage_taken":18,"max_hp_gain":5,"max_hp_loss":0,"event_name":"Forgotten Altar","floor":28,"gold_loss":0}],"is_beta":false,"boss_relics":[{"not_picked":["Cursed Key","Runic Dome","Coffee Dripper"]}],"items_purged_floors":[],"is_endless":false,"potions_floor_spawned":[1,2,12,16,20,27],"killed_by":"Shelled Parasite and Fungi","ascension_level":6}}