{"host":"wudw2kjtu5v5jb96","time":1608190462,"event":{"mods":["AchievementEnabler","Act Like it!","Aspiration","BaseMod","Challenge The Spire","Conspire","DeckTracker","Downfall","Duelist Mod","Faster Ascension Climbing","Hermit","Hubris","Infinite Spire","Minty Spire (QoL Compilation)","Pale of the Ancients","Random Character Mod","Replay The Spire","Shop Mod","Spicy Shops","StSLib","The Cursed","The Death Knight","The Necromancer","Trackpad","Wandering Minibosses","vexMod"],"gold_per_floor":[99,99,129,141,138,135,147,159,189,201,227,259,284,296,324,336,336],"floor_reached":16,"playtime":789,"items_purged":[],"score":125,"play_id":"fe9f8060-b0b4-4a99-9d2e-1fd0b39ddc54","local_time":"20201217023422","is_ascension_mode":false,"campfire_choices":[{"data":"champ:Taunt","floor":1,"key":"SMITH"},{"data":"champ:Encircle","floor":8,"key":"SMITH"},{"data":"champ:BerserkerStyle","floor":10,"key":"SMITH"}],"circlet_count":0,"master_deck":["champ:Strike","champ:Strike","champ:Strike","champ:Strike","champ:Defend","champ:Defend","champ:Defend","champ:Defend","champ:Execute","champ:Taunt+1","champ:DefensiveShout","champ:MurderStrike","champ:Encircle+1","champ:PreciseThrust","champ:RapidStrikes","champ:BerserkerStyle+1","champ:FlashCut","champ:GladiatorStyle","champ:GladiatorsShout"],"relics":["champ:ChampionCrown","downfall:HeartsMalice","MawBank","Ornamental Fan"],"acts_visited":["Exordium"],"potions_floor_usage":[16],"damage_taken":[{"damage":0,"enemies":"2 Louse","floor":2,"turns":1},{"damage":0,"enemies":"Lagavulin","floor":3,"turns":1},{"damage":0,"enemies":"Jaw Worm","floor":4,"turns":1},{"damage":12,"enemies":"downfall:FleeingMerchant","floor":5,"turns":4},{"damage":17,"enemies":"downfall:FleeingMerchant","floor":6,"turns":4},{"damage":18,"enemies":"Cultist","floor":9,"turns":3},{"damage":21,"enemies":"Large Slime","floor":11,"turns":5},{"damage":27,"enemies":"Exordium Thugs","floor":12,"turns":4},{"damage":17,"enemies":"Red Slaver","floor":13,"turns":2},{"damage":31,"enemies":"Lots of Slimes","floor":15,"turns":5},{"damage":45,"enemies":"downfall:Ironclad","floor":16,"turns":5}],"seed_played":"-7440020250151331131","potions_obtained":[{"floor":3,"key":"Venom Potion"},{"floor":9,"key":"DeathKnight:RimePotion"},{"floor":13,"key":"champ:OpenerPotion"},{"floor":15,"key":"champ:UltimateStancePotion"}],"is_trial":false,"path_per_floor":["R","M","E","M","$","$","T","R","M","R","M","M","M","?","M","B"],"character_chosen":"THE_CHAMP","items_purchased":[],"campfire_rested":0,"item_purchase_floors":[],"current_hp_per_floor":[90,90,90,90,90,80,80,80,75,75,64,46,41,68,42,0,0],"gold":336,"neow_bonus":"THREE_ENEMY_KILL","is_daily":false,"chose_seed":false,"campfire_upgraded":3,"win_rate":0.0,"timestamp":1608190462,"path_taken":["R","M","E","M","$","$","T","R","M","R","M","M","M","?","M","BOSS"],"items_purchased_type":[],"build_version":"2020-12-13","purchased_purges":0,"victory":false,"max_hp_per_floor":[90,90,90,90,90,90,90,90,90,90,90,90,90,90,90,90,90],"card_choices":[{"not_picked":["champ:Haymaker","champ:ViciousMockery"],"picked":"champ:DefensiveShout","floor":2},{"not_picked":["champ:BladeFlurry","champ:RapidStrikes"],"picked":"champ:MurderStrike","floor":3},{"not_picked":["champ:BladeFlurry","champ:StanceDance"],"picked":"champ:Encircle","floor":4},{"not_picked":["champ:DefensiveShout","champ:TornadoPunch"],"picked":"champ:PreciseThrust","floor":5},{"not_picked":["champ:CrookedStrike","champ:PerfectedStrike"],"picked":"champ:RapidStrikes","floor":6},{"not_picked":["champ:Circumvent","champ:PerfectedStrike"],"picked":"champ:BerserkerStyle","floor":9},{"not_picked":["champ:BerserkersShout","champ:TornadoPunch"],"picked":"champ:FlashCut","floor":11},{"not_picked":["champ:Haymaker","champ:AdrenalArmor","champ:FanOfKnives"],"picked":"SKIP","floor":12},{"not_picked":["champ:CrookedStrike","champ:FlashCut"],"picked":"champ:GladiatorStyle","floor":13},{"not_picked":["champ:HeavySlash","champ:Shatter"],"picked":"champ:GladiatorsShout","floor":15}],"player_experience":17014,"relics_obtained":[{"floor":3,"key":"MawBank"},{"floor":7,"key":"Ornamental Fan"}],"event_choices":[],"is_beta":false,"boss_relics":[],"items_purged_floors":[],"is_endless":false,"potions_floor_spawned":[3,9,13,15],"killed_by":"downfall:Ironclad","ascension_level":0}}