{"host":"61ejhfsushs0xmcl","time":1608207053,"event":{"mods":["Act Like it!","BaseMod","Colored Map","Gold Saver","Marisa（F雨　魔理沙）","Minty Spire (QoL Compilation)","MostiFishMod","Replay The Spire","Robot Space Explorer","Spicy Shops","StSLib","TestMod","The Alterego","Waifu the Spire","[地精首领爬塔]The Maniac","篝火指南"],"gold_per_floor":[1543,1553,1603,1620,1124,1156,1156,1189,1189,429,449,449,480,495,495,573,573,590,604,604,306,706,736,736,767,840,872,270,301,301,301,301,375,375,385,397,12,73,173,173,200,200,226,310,350,404,216,257,257,335,405,405,405,57,129,429],"floor_reached":57,"playtime":1905,"items_purged":["Defend_P","Strike_P","Defend_P","Strike_P","Defend_P","Defend_P","Strike_P","Strike_P","Conclude+1"],"score":3162,"play_id":"8291898f-5716-47ea-9cdc-747e32a51fe9","local_time":"20201217201053","is_ascension_mode":true,"campfire_choices":[{"data":"Wallop","floor":12,"key":"SMITH"},{"data":"TalkToTheHand","floor":15,"key":"SMITH"},{"data":"MostiFishMod:Disappear","floor":24,"key":"SMITH"},{"data":"MostiFishMod:Speedup","floor":30,"key":"SMITH"},{"floor":32,"key":"RECALL"},{"data":"Tantrum","floor":40,"key":"SMITH"},{"data":"Vigilance","floor":42,"key":"SMITH"},{"data":"Conclude","floor":49,"key":"SMITH"}],"circlet_count":0,"master_deck":["AscendersBane","Eruption+1","Vigilance+1","Tantrum+1","Wallop+1","MostiFishMod:Speedup+1","TalkToTheHand+1","MostiFishMod:Disappear+1","Tantrum+1","MostiFishMod:DisColor+1","Scrawl+1","Fasting2+1"],"relics":["testmod-TestBox","Philosopher\u0027s Stone","testmod-NegativeEmotionEnhancer","Brimstone","Question Card","BargainBundle","Question Card","SynthV:C4","Thread and Needle","Blood Vial","Matryoshka","Technique","Regal Pillow","ImportantClient","testmod-Recursion","alterego_mod:FleetingLove","Blue Doll","Calipers","testmod-TurbochargingSystem","Pen Nib","testmod-Hope","Golden Egg","Singing Bowl","Orrery","ReplayTheSpireMod:Lightbulb","SsserpentHead","ReplayTheSpireMod:DimensionalGlitch","Replay:Bandana","Anchor","MawBank","Dream Catcher","Dodecahedron","Blue Candle"],"acts_visited":["Exordium","TheCity","TheBeyond","TheEnding"],"potions_floor_usage":[14,37,56,56],"damage_taken":[{"damage":0,"enemies":"2 Louse","floor":1,"turns":1},{"damage":0,"enemies":"Cultist","floor":2,"turns":1},{"damage":1,"enemies":"Small Slimes","floor":4,"turns":3},{"damage":0,"enemies":"3 Sentries","floor":6,"turns":3},{"damage":0,"enemies":"Lagavulin","floor":8,"turns":4},{"damage":0,"enemies":"Looter","floor":11,"turns":1},{"damage":0,"enemies":"Gremlin Nob","floor":13,"turns":1},{"damage":5,"enemies":"2 Fungi Beasts","floor":14,"turns":2},{"damage":0,"enemies":"The Guardian","floor":16,"turns":4},{"damage":21,"enemies":"Shell Parasite","floor":18,"turns":2},{"damage":0,"enemies":"2 Thieves","floor":19,"turns":2},{"damage":0,"enemies":"Book of Stabbing","floor":23,"turns":3},{"damage":0,"enemies":"Replay:Snechameleon","floor":25,"turns":2},{"damage":6,"enemies":"Book of Stabbing","floor":27,"turns":2},{"damage":0,"enemies":"Gremlin Leader","floor":29,"turns":2},{"damage":6,"enemies":"Champ","floor":33,"turns":3},{"damage":0,"enemies":"Orb Walker","floor":35,"turns":1},{"damage":0,"enemies":"3 Shapes","floor":36,"turns":1},{"damage":0,"enemies":"Transient","floor":38,"turns":1},{"damage":0,"enemies":"Giant Head","floor":41,"turns":1},{"damage":0,"enemies":"R_Hoarder","floor":44,"turns":2},{"damage":0,"enemies":"Sphere and 2 Shapes","floor":45,"turns":1},{"damage":0,"enemies":"4 Shapes","floor":46,"turns":1},{"damage":0,"enemies":"3 Darklings","floor":48,"turns":1},{"damage":0,"enemies":"Time Eater","floor":50,"turns":2},{"damage":0,"enemies":"Replay:Hell Engine","floor":51,"turns":2},{"damage":0,"enemies":"Shield and Spear","floor":55,"turns":1},{"damage":57,"enemies":"The Heart","floor":56,"turns":4}],"seed_played":"-4946392194542967768","potions_obtained":[{"floor":1,"key":"SpeedPotion"},{"floor":4,"key":"BlessingOfTheForge"},{"floor":14,"key":"Ambrosia"},{"floor":36,"key":"testmod-SpacePotion"},{"floor":41,"key":"SkillPotion"},{"floor":45,"key":"testmod-EscapePotion"}],"is_trial":false,"path_per_floor":["M","M","?","M","$","E","?","E","T","$","M","R","E","M","R","B",null,"M","M","?","$","?","E","R","E","T","E","$","E","R","?","R","B",null,"M","M","$","M","?","R","E","R","T","E","M","M","$","M","R","B","B",null,"R","$","E","B",null],"character_chosen":"WATCHER","items_purchased":["BargainBundle","Question Card","LifebloodPotion","Fire Potion","Blood Vial","Matryoshka","Technique","Blue Doll","Calipers","Golden Egg","Singing Bowl","Orrery","Dodecahedron"],"campfire_rested":0,"item_purchase_floors":[5,5,5,5,10,10,10,21,21,28,28,28,54],"current_hp_per_floor":[64,66,66,68,68,72,72,73,73,73,74,74,75,72,72,76,77,58,63,63,63,63,67,67,71,71,69,77,85,85,85,85,83,91,96,100,100,101,101,101,104,104,104,107,110,113,113,116,116,117,118,118,118,118,121,66],"gold":429,"neow_bonus":"BOSS_RELIC","is_daily":false,"chose_seed":false,"campfire_upgraded":7,"win_rate":0.0,"timestamp":1608207053,"path_taken":["M","M","?","?","$","E","?","E","T","$","?","R","E","M","R","BOSS","M","M","?","$","?","E","R","E","T","E","$","E","R","?","R","BOSS","M","M","$","?","?","R","E","R","T","E","M","M","$","M","R","BOSS","BOSS","R","$","E","BOSS"],"items_purchased_type":["Relic","Relic","Potion","Potion","Relic","Relic","Relic","Relic","Relic","Relic","Relic","Relic","Relic"],"build_version":"2020-12-13","purchased_purges":9,"victory":true,"max_hp_per_floor":[69,70,70,71,71,72,72,73,73,73,74,74,75,76,76,77,77,78,79,79,79,79,80,80,81,81,82,90,93,93,93,93,94,94,97,100,100,101,101,101,104,104,104,107,110,113,113,116,116,117,118,118,118,118,121,122],"card_choices":[{"not_picked":["Vengeance","ClearTheMind"],"picked":"Conclude","floor":1},{"not_picked":["Study","Prostrate","FlyingSleeves","MostiFishMod:Clarity"],"picked":"SKIP","floor":2},{"not_picked":["SashWhip","Nirvana","SandsOfTime"],"picked":"Tantrum","floor":4},{"not_picked":["FlyingSleeves","CrushJoints","MostiFishMod:StarOceanP","SashWhip","Swivel"],"picked":"SKIP","floor":6},{"not_picked":["Halt","CutThroughFate","EmptyBody","EmptyFist","FlyingSleeves"],"picked":"SKIP","floor":8},{"not_picked":["FearNoEvil","ClearTheMind","Crescendo","Swivel"],"picked":"Wallop","floor":11},{"not_picked":["MentalFortress","FlyingSleeves","ClearTheMind","EmptyBody"],"picked":"MostiFishMod:Speedup","floor":13},{"not_picked":["CutThroughFate","WaveOfTheHand","Nirvana","FearNoEvil"],"picked":"TalkToTheHand","floor":14},{"not_picked":["MostiFishMod:DustFall","Scrawl","Judgement","Brilliance"],"picked":"MostiFishMod:Disappear","floor":16},{"not_picked":["CutThroughFate","Replay:Battleflow","Protect","PathToVictory","CrushJoints"],"picked":"SKIP","floor":18},{"not_picked":["TalkToTheHand","Replay:BluntJabs","Protect","Halt+1"],"picked":"Tantrum","floor":19},{"not_picked":["EmptyBody","Tantrum","Replay:BluntJabs","EmptyFist","Protect"],"picked":"SKIP","floor":23},{"not_picked":["MostiFishMod:KamiSmash","EmptyBody","Consecrate","CrushJoints","Prostrate"],"picked":"SKIP","floor":25},{"not_picked":["DeceiveReality","Replay:Vibes+1","CarveReality","Collect","Nirvana+1"],"picked":"SKIP","floor":27},{"not_picked":["FlurryOfBlows","MostiFishMod:CyberBuddha","MostiFishMod:LegendTransform","ThirdEye","Weave"],"picked":"Singing Bowl","floor":28},{"not_picked":["CutThroughFate+1","Evaluate","EmptyFist","SpiritShield"],"picked":"MostiFishMod:DisColor","floor":28},{"not_picked":["WheelKick","Replay:AtTheReady","Indignation","FlyingSleeves","SashWhip"],"picked":"Singing Bowl","floor":28},{"not_picked":["ThirdEye","Replay:BluntJabs","Consecrate","Replay:Cycle","Crescendo"],"picked":"Singing Bowl","floor":28},{"not_picked":["MostiFishMod:Clarity","JustLucky","Halt","MostiFishMod:StarHerder","Study"],"picked":"Singing Bowl","floor":28},{"not_picked":["FlurryOfBlows","Wallop","CrushJoints","EmptyBody","Consecrate+1"],"picked":"Singing Bowl","floor":29},{"not_picked":["MostiFishMod:StarHerder","Replay:LoomingThreat","Omniscience","MostiFishMod:ScryFuture"],"picked":"Scrawl","floor":33},{"not_picked":["Nirvana","PathToVictory","FollowUp","EmptyMind+1","Crescendo"],"picked":"Singing Bowl","floor":35},{"not_picked":["Study+1","EmptyMind","Crescendo","Protect","EmptyBody"],"picked":"Singing Bowl","floor":36},{"not_picked":["FlurryOfBlows","WindmillStrike","Crescendo","Evaluate"],"picked":"Fasting2+1","floor":38},{"not_picked":["Conclude+1","Replay:Vibes+1","MostiFishMod:Clarity","Study","ThirdEye"],"picked":"Singing Bowl","floor":41},{"not_picked":["PathToVictory","Wallop+1","Wireheading","MostiFishMod:Minus","Pray"],"picked":"Singing Bowl","floor":44},{"not_picked":["CrushJoints","Prostrate+1","ClearTheMind","Replay:ManipulateFuture+1","Pray"],"picked":"Singing Bowl","floor":45},{"not_picked":["SashWhip","FlurryOfBlows","Crescendo","Replay:ManipulateFuture","BattleHymn"],"picked":"Singing Bowl","floor":46},{"not_picked":["Replay:AtTheReady+1","MostiFishMod:StarOceanP","Fasting2","MostiFishMod:Speedup+1","Study"],"picked":"Singing Bowl","floor":48},{"not_picked":["Replay:ManipulateFuture","MostiFishMod:LegendTransform","EmptyFist","Swivel+1","BowlingBash"],"picked":"Singing Bowl","floor":55}],"player_experience":806975,"relics_obtained":[{"floor":1,"key":"Question Card"},{"floor":6,"key":"SynthV:C4"},{"floor":8,"key":"Thread and Needle"},{"floor":13,"key":"Regal Pillow"},{"floor":16,"key":"ImportantClient"},{"floor":25,"key":"testmod-TurbochargingSystem"},{"floor":26,"key":"Pen Nib"},{"floor":27,"key":"testmod-Hope"},{"floor":29,"key":"ReplayTheSpireMod:Lightbulb"},{"floor":41,"key":"Replay:Bandana"},{"floor":43,"key":"Anchor"},{"floor":43,"key":"MawBank"},{"floor":44,"key":"Dream Catcher"},{"floor":55,"key":"Blue Candle"}],"event_choices":[{"damage_healed":0,"gold_gain":50,"player_choice":"Pray","damage_taken":0,"max_hp_gain":0,"max_hp_loss":0,"event_name":"Golden Shrine","floor":3,"gold_loss":0},{"damage_healed":0,"gold_gain":0,"player_choice":"Got Potions","damage_taken":0,"max_hp_gain":0,"max_hp_loss":0,"event_name":"Lab","floor":7,"gold_loss":0},{"damage_healed":0,"gold_gain":0,"player_choice":"Choice 1","damage_taken":0,"relics_obtained":["alterego_mod:FleetingLove"],"max_hp_gain":0,"max_hp_loss":0,"event_name":"爱的神圣花园","floor":20,"gold_loss":0},{"damage_healed":0,"gold_gain":400,"player_choice":"Sell","damage_taken":0,"max_hp_gain":0,"max_hp_loss":0,"event_name":"恩洛斯的盘子","floor":22,"relics_lost":["DaveBox"],"gold_loss":0},{"damage_healed":0,"gold_gain":0,"player_choice":"Trade","damage_taken":0,"relics_obtained":["SsserpentHead"],"max_hp_gain":0,"max_hp_loss":0,"event_name":"FaceTrader","floor":31,"gold_loss":0},{"damage_healed":0,"gold_gain":50,"player_choice":"Pray","damage_taken":0,"max_hp_gain":0,"max_hp_loss":0,"event_name":"Golden Shrine","floor":39,"gold_loss":0}],"is_beta":false,"boss_relics":[{"not_picked":["testmod-BloodSacrificeSpiritualization","testmod-Prudence"],"picked":"testmod-Recursion"},{"not_picked":["testmod-Nine","TimeKeys"],"picked":"ReplayTheSpireMod:DimensionalGlitch"}],"items_purged_floors":[5,10,10,21,28,37,37,47,54],"is_endless":false,"potions_floor_spawned":[1,4,14,18,27,29,35,36,41,45],"ascension_level":20}}