{"host":"bq4pt811tk9yrmjl","time":1608233079,"event":{"mods":["AchievementEnabler","BaseMod","Colored Map","Colored Powertips","Defuse TimeMaze Blight","Minty Spire (QoL Compilation)","StSLib","SuperFastMode","UnlockEverythingMod"],"gold_per_floor":[110,110,110,123,123,123,75,89,89,113,147,168,189,207,207,207,207],"floor_reached":16,"playtime":346,"items_purged":[],"score":109,"play_id":"e8bbf807-9dc8-47f6-a3b2-52ad831d2c57","local_time":"20201217172439","is_ascension_mode":true,"campfire_choices":[{"floor":6,"key":"RECALL"},{"data":"Disarm","floor":15,"key":"SMITH"}],"circlet_count":0,"master_deck":["Strike_R","Strike_R","Strike_R","Strike_R","Strike_R","Defend_R","Defend_R","Defend_R","Defend_R","Bash+1","Heavy Blade+1","Clash","Disarm+1","Limit Break"],"relics":["Burning Blood","NeowsBlessing","Golden Idol","Question Card"],"acts_visited":["Exordium"],"potions_floor_usage":[7,10,11,11,11,12],"damage_taken":[{"damage":0,"enemies":"Small Slimes","floor":1,"turns":1},{"damage":0,"enemies":"Jaw Worm","floor":4,"turns":1},{"damage":0,"enemies":"Cultist","floor":8,"turns":1},{"damage":0,"enemies":"Blue Slaver","floor":10,"turns":4},{"damage":21,"enemies":"3 Sentries","floor":11,"turns":12},{"damage":4,"enemies":"Gremlin Gang","floor":12,"turns":6},{"damage":5,"enemies":"2 Fungi Beasts","floor":13,"turns":3},{"damage":6,"enemies":"Red Slaver","floor":14,"turns":4},{"damage":67,"enemies":"Hexaghost","floor":16,"turns":12}],"seed_played":"4952200266975807955","potions_obtained":[{"floor":4,"key":"EntropicBrew"},{"floor":10,"key":"Block Potion"},{"floor":11,"key":"ColorlessPotion"},{"floor":13,"key":"SmokeBomb"}],"is_trial":false,"path_per_floor":["M","?","?","M","?","R","$","M","T","M","E","M","M","M","R","B"],"character_chosen":"IRONCLAD","items_purchased":["Clash"],"campfire_rested":0,"item_purchase_floors":[7],"current_hp_per_floor":[80,60,60,66,66,66,66,72,72,78,63,65,66,66,66,0,0],"gold":207,"neow_bonus":"THREE_ENEMY_KILL","is_daily":false,"chose_seed":false,"campfire_upgraded":1,"win_rate":0.0,"timestamp":1608233079,"path_taken":["M","?","?","?","?","R","$","M","T","M","E","M","?","M","R","BOSS"],"items_purchased_type":["Card"],"build_version":"2020-12-13","purchased_purges":0,"victory":false,"max_hp_per_floor":[80,80,80,80,80,80,80,80,80,80,80,80,80,80,80,80,80],"card_choices":[{"not_picked":["Havoc","Body Slam"],"picked":"Twin Strike","floor":1},{"not_picked":["Thunderclap","Flex","Entrench"],"picked":"SKIP","floor":4},{"not_picked":["Twin Strike","Sword Boomerang"],"picked":"Disarm","floor":8},{"not_picked":["Rupture","Bloodletting","Burning Pact"],"picked":"SKIP","floor":10},{"not_picked":["Heavy Blade","Searing Blow","Intimidate"],"picked":"SKIP","floor":11},{"not_picked":["Pummel","Perfected Strike","Twin Strike"],"picked":"Limit Break","floor":12},{"not_picked":["Reckless Charge","Havoc","Wild Strike","Armaments"],"picked":"SKIP","floor":13},{"not_picked":["Armaments","Warcry","Clothesline","Bloodletting"],"picked":"SKIP","floor":14}],"player_experience":65060,"relics_obtained":[{"floor":11,"key":"Question Card"}],"event_choices":[{"damage_healed":0,"gold_gain":0,"player_choice":"Take Damage","damage_taken":20,"relics_obtained":["Golden Idol"],"max_hp_gain":0,"max_hp_loss":0,"event_name":"Golden Idol","floor":2,"gold_loss":0},{"cards_removed":["Twin Strike"],"damage_healed":0,"gold_gain":0,"player_choice":"Took Card","damage_taken":0,"max_hp_gain":0,"max_hp_loss":0,"event_name":"NoteForYourself","floor":3,"gold_loss":0,"cards_obtained":["Heavy Blade"]},{"damage_healed":0,"gold_gain":0,"player_choice":"Forge","damage_taken":0,"max_hp_gain":0,"max_hp_loss":0,"event_name":"Accursed Blacksmith","floor":5,"gold_loss":0,"cards_upgraded":["Bash"]}],"is_beta":false,"boss_relics":[],"items_purged_floors":[],"is_endless":false,"potions_floor_spawned":[4,10,11,13],"killed_by":"Hexaghost","ascension_level":1}}