{"host":"o7j6aatxjwpw1421","time":1608225432,"event":{"mods":["2.2 Compatiblity","BaseMod","Colored Map","DeckTracker","Highlight Path","Keyboard Shortcuts","Minty Spire (QoL Compilation)","Permanent Neow","Quick Restart","StSLib","SuperFastMode","everything is the same but u backflip on backflip"],"gold_per_floor":[113,188,113,113,130,156,168,193,193,193,153,153,168,180,180,285,285,299,317,317,317,232,263,263,163,163,189,189,206,206,241,253,366,378,410,422,61,61,73,73,50,85,108,119,168,218,252,270,270,270],"floor_reached":51,"playtime":3047,"items_purged":["Decay","Strike_R"],"score":1074,"play_id":"81188667-3182-4ad2-81c8-9c23805eaaaa","local_time":"20201218021712","is_ascension_mode":true,"campfire_choices":[{"data":"Body Slam","floor":10.0,"key":"SMITH"},{"floor":12.0,"key":"REST"},{"data":"Shrug It Off","floor":15.0,"key":"SMITH"},{"data":"Shrug It Off","floor":24,"key":"SMITH"},{"floor":28,"key":"REST"},{"data":"Flame Barrier","floor":30,"key":"SMITH"},{"data":"Bludgeon","floor":32,"key":"SMITH"},{"data":"Demon Form","floor":40,"key":"SMITH"},{"data":"Shrug It Off","floor":49,"key":"SMITH"}],"circlet_count":0,"master_deck":["Strike_R","Strike_R","Strike_R","Defend_R","Defend_R","Defend_R","Defend_R","Bash","Pommel Strike+1","Body Slam+1","Shrug It Off+1","Metallicize","Hemokinesis","Shrug It Off+1","Barricade","Shrug It Off+1","Uppercut","Flame Barrier+1","Bludgeon+1","Demon Form+1","Entrench","Intimidate","Shrug It Off+1"],"relics":["Burning Blood","Kunai","White Beast Statue","Darkstone Periapt","Snecko Eye","Orichalcum","Potion Belt","Torii","Bronze Scales","MawBank","Busted Crown","Lizard Tail","Paper Frog","Bag of Marbles","Thread and Needle","Ice Cream","StoneCalendar"],"acts_visited":["Exordium","TheCity","TheBeyond"],"potions_floor_usage":[16,16,23,23,27,33,33,42,42,42,47,50,50,50,50,50],"damage_taken":[{"damage":20.0,"enemies":"Jaw Worm","floor":1.0,"turns":5.0},{"damage":2.0,"enemies":"Small Slimes","floor":5.0,"turns":5.0},{"damage":32.0,"enemies":"Gremlin Nob","floor":6.0,"turns":4.0},{"damage":0.0,"enemies":"Cultist","floor":7.0,"turns":3.0},{"damage":34.0,"enemies":"3 Sentries","floor":8.0,"turns":11.0},{"damage":3.0,"enemies":"3 Louse","floor":13.0,"turns":5.0},{"damage":1.0,"enemies":"2 Fungi Beasts","floor":14.0,"turns":5.0},{"damage":46,"enemies":"The Guardian","floor":16,"turns":11},{"damage":14,"enemies":"Chosen","floor":18,"turns":4},{"damage":34,"enemies":"Spheric Guardian","floor":19,"turns":6},{"damage":5,"enemies":"Slavers","floor":23,"turns":7},{"damage":27,"enemies":"Book of Stabbing","floor":27,"turns":7},{"damage":3,"enemies":"Cultist and Chosen","floor":29,"turns":8},{"damage":9,"enemies":"Gremlin Leader","floor":31,"turns":5},{"damage":2,"enemies":"Champ","floor":33,"turns":11},{"damage":12,"enemies":"3 Darklings","floor":35,"turns":5},{"damage":4,"enemies":"3 Shapes","floor":39,"turns":4},{"damage":39,"enemies":"Nemesis","floor":42,"turns":3},{"damage":4,"enemies":"Maw","floor":44,"turns":6},{"damage":12,"enemies":"2 Orb Walkers","floor":45,"turns":3},{"damage":2,"enemies":"Mind Bloom Boss Battle","floor":46,"turns":4},{"damage":0,"enemies":"Reptomancer","floor":47,"turns":2},{"damage":3,"enemies":"Jaw Worm Horde","floor":48,"turns":4},{"damage":4,"enemies":"Awakened One","floor":50,"turns":7}],"seed_played":"-6778362597157222782","potions_obtained":[{"floor":1.0,"key":"ElixirPotion"},{"floor":5.0,"key":"DistilledChaos"},{"floor":11.0,"key":"HeartOfIron"},{"floor":11.0,"key":"Weak Potion"},{"floor":14.0,"key":"PowerPotion"},{"floor":16,"key":"EssenceOfSteel"},{"floor":18,"key":"SteroidPotion"},{"floor":23,"key":"EssenceOfSteel"},{"floor":27,"key":"CultistPotion"},{"floor":29,"key":"ColorlessPotion"},{"floor":31,"key":"Explosive Potion"},{"floor":33,"key":"Swift Potion"},{"floor":35,"key":"GamblersBrew"},{"floor":39,"key":"LiquidMemories"},{"floor":42,"key":"Strength Potion"},{"floor":44,"key":"FearPotion"},{"floor":45,"key":"LiquidBronze"},{"floor":46,"key":"SneckoOil"},{"floor":47,"key":"DuplicationPotion"},{"floor":48,"key":"GamblersBrew"}],"is_trial":false,"path_per_floor":["M","?","$","?","M","E","M","E","T","R","?","R","M","M","R","B",null,"M","M","?","?","?","E","R","$","T","E","R","M","R","E","R","B",null,"M","?","$","?","M","R","$","E","T","M","?","?","E","M","R","B",null],"character_chosen":"IRONCLAD","items_purchased":["Entrench","Lizard Tail","Shrug It Off"],"campfire_rested":2,"item_purchase_floors":[37,37,41],"current_hp_per_floor":[82,71,71,71,75,49,55,27,27,27,27,55,58,63,63,23,96,88,60,60,41,41,42,42,42,42,21,51,54,54,51,51,55,101,95,95,95,85,87,87,87,54,54,56,50,54,60,63,63,65],"gold":270,"neow_bonus":"TWENTY_PERCENT_HP_BONUS","is_daily":false,"chose_seed":false,"campfire_upgraded":7,"win_rate":0.0,"timestamp":1608225432,"path_taken":["M","?","$","?","M","E","M","E","T","R","?","R","M","M","R","BOSS","M","?","?","?","?","E","R","$","T","E","R","M","R","E","R","BOSS","M","?","$","?","M","R","$","E","T","M","?","?","E","M","R","BOSS"],"items_purchased_type":["Card","Relic","Card"],"build_version":"2020-12-13","purchased_purges":2,"victory":true,"max_hp_per_floor":[96,96,96,96,96,96,96,96,96,96,96,96,96,96,96,96,96,96,96,96,101,101,101,101,101,101,101,101,101,101,101,101,101,101,101,101,101,101,101,101,101,101,101,101,101,101,101,101,101,101],"card_choices":[{"not_picked":["True Grit","Shrug It Off"],"picked":"Pommel Strike","floor":1.0},{"not_picked":["Warcry","Reckless Charge"],"picked":"Body Slam","floor":5.0},{"not_picked":["Bloodletting","Warcry"],"picked":"Shrug It Off","floor":6.0},{"not_picked":["Warcry","Body Slam","True Grit"],"picked":"SKIP","floor":7.0},{"not_picked":["Wild Strike","True Grit"],"picked":"Metallicize","floor":8.0},{"not_picked":["Inflame","Heavy Blade"],"picked":"Hemokinesis","floor":13.0},{"not_picked":["Perfected Strike","Iron Wave"],"picked":"Shrug It Off","floor":14.0},{"not_picked":["Impervious","Brutality"],"picked":"Barricade","floor":16},{"not_picked":["Iron Wave","Battle Trance"],"picked":"Shrug It Off+1","floor":18},{"not_picked":["Cleave","Reckless Charge"],"picked":"Uppercut","floor":19},{"not_picked":["Clothesline","Clash","Whirlwind"],"picked":"SKIP","floor":23},{"not_picked":["Pummel","Evolve","Perfected Strike"],"picked":"SKIP","floor":27},{"not_picked":["Cleave+1","Thunderclap"],"picked":"Flame Barrier","floor":29},{"not_picked":["Spot Weakness","Clash"],"picked":"Bludgeon","floor":31},{"not_picked":["Feed","Exhume"],"picked":"Demon Form","floor":33},{"not_picked":["Evolve"],"picked":"SKIP","floor":35},{"not_picked":[],"picked":"Intimidate","floor":39},{"not_picked":["Twin Strike+1"],"picked":"SKIP","floor":42},{"not_picked":["Inflame+1"],"picked":"SKIP","floor":44},{"not_picked":["Exhume"],"picked":"SKIP","floor":47},{"not_picked":["Flex"],"picked":"SKIP","floor":48}],"player_experience":256154,"relics_obtained":[{"floor":6.0,"key":"Kunai"},{"floor":8.0,"key":"White Beast Statue"},{"floor":9.0,"key":"Darkstone Periapt"},{"floor":23,"key":"Potion Belt"},{"floor":26,"key":"Torii"},{"floor":27,"key":"Bronze Scales"},{"floor":31,"key":"MawBank"},{"floor":42,"key":"Paper Frog"},{"floor":43,"key":"Bag of Marbles"},{"floor":45,"key":"Thread and Needle"},{"floor":46,"key":"Ice Cream"},{"floor":47,"key":"StoneCalendar"}],"event_choices":[{"damage_healed":0.0,"max_hp_gain":0.0,"max_hp_loss":0.0,"gold_gain":75.0,"event_name":"World of Goop","player_choice":"Gather Gold","floor":2.0,"gold_loss":0.0,"damage_taken":11.0},{"damage_healed":0.0,"max_hp_gain":0.0,"max_hp_loss":0.0,"gold_gain":0.0,"event_name":"Living Wall","player_choice":"Grow","floor":4.0,"gold_loss":0.0,"damage_taken":0.0,"cards_upgraded":["Pommel Strike"]},{"damage_healed":0.0,"max_hp_gain":0.0,"max_hp_loss":0.0,"gold_gain":0.0,"event_name":"The Woman in Blue","player_choice":"Bought 3 Potions","floor":11.0,"gold_loss":0.0,"damage_taken":0.0},{"damage_healed":0,"gold_gain":0,"player_choice":"Ignored","damage_taken":0,"max_hp_gain":0,"max_hp_loss":0,"event_name":"Ghosts","floor":20,"gold_loss":0},{"damage_healed":0,"gold_gain":0,"player_choice":"Shed Blood","damage_taken":24,"max_hp_gain":5,"max_hp_loss":0,"event_name":"Forgotten Altar","floor":21,"gold_loss":0},{"damage_healed":0,"gold_gain":0,"player_choice":"Obtained Relic","damage_taken":0,"relics_obtained":["Orichalcum"],"max_hp_gain":0,"max_hp_loss":0,"event_name":"Addict","floor":22,"gold_loss":85},{"cards_removed":["Strike_R"],"damage_healed":0,"gold_gain":0,"player_choice":"Removed Attack","damage_taken":0,"max_hp_gain":0,"max_hp_loss":0,"event_name":"Falling","floor":36,"gold_loss":0},{"damage_healed":0,"gold_gain":0,"player_choice":"Memory 3","damage_taken":10,"max_hp_gain":0,"max_hp_loss":0,"event_name":"SensoryStone","floor":38,"gold_loss":0},{"damage_healed":0,"gold_gain":0,"player_choice":"Fight","damage_taken":0,"max_hp_gain":0,"max_hp_loss":0,"event_name":"Mysterious Sphere","floor":45,"gold_loss":0},{"damage_healed":0,"gold_gain":0,"player_choice":"Fight","damage_taken":0,"max_hp_gain":0,"max_hp_loss":0,"event_name":"MindBloom","floor":46,"gold_loss":0}],"is_beta":false,"boss_relics":[{"not_picked":["Tiny House","Black Blood"],"picked":"Snecko Eye"},{"not_picked":["Runic Dome","SlaversCollar"],"picked":"Busted Crown"}],"items_purged_floors":[3,25],"is_endless":false,"potions_floor_spawned":[1,5,13,14,16,18,19,23,27,29,31,33,35,39,42,44,45,46,47,48],"ascension_level":3}}