{"host":"l99crexq2sc8megk","time":1608211047,"event":{"mods":["BaseMod","Downfall","Hermit","Minty Spire (QoL Compilation)","Quick Restart","Replay The Spire","StSLib","The Cursed"],"gold_per_floor":[117,192,210,228,26,58,73,73,98,114,114,142,142,67,138,211,211,227,227,227,70,70,96,96,125,149,168,168,168],"floor_reached":28,"playtime":753,"items_purged":["Strike_R"],"score":449,"play_id":"2779bcbb-8ec3-4cb9-bc7c-5d6a49b19976","local_time":"20201217211727","is_ascension_mode":true,"campfire_choices":[{"data":"Rage","floor":8,"key":"SMITH"},{"floor":11,"key":"REST"},{"floor":13,"key":"REST"},{"floor":24,"key":"REST"}],"circlet_count":0,"master_deck":["AscendersBane","Defend_R+1","Defend_R","Defend_R+1","Bash+1","Rage+1","Whirlwind+1","Slimebound:Tackle+1","Slimebound:Tackle+1","Slimebound:Tackle+1","Seeing Red","Headbutt","Shockwave"],"relics":["Runic Dome","HandDrill","Tiny Chest","Whetstone","Gremlin Food","Ooze Armor","Blue Doll","Ice Cream","Pear","Replay:Wax Seal"],"acts_visited":["Exordium","TheCity"],"potions_floor_usage":[12,23],"damage_taken":[{"damage":1,"enemies":"Jaw Worm","floor":1,"turns":4},{"damage":0,"enemies":"2 Louse","floor":3,"turns":3},{"damage":0,"enemies":"Cultist","floor":4,"turns":3},{"damage":10,"enemies":"3 Sentries","floor":6,"turns":4},{"damage":12,"enemies":"Exordium Wildlife","floor":7,"turns":3},{"damage":0,"enemies":"Exordium Thugs","floor":10,"turns":3},{"damage":4,"enemies":"Gremlin Nob","floor":12,"turns":3},{"damage":25,"enemies":"Slime Boss","floor":16,"turns":8},{"damage":19,"enemies":"2 Thieves","floor":18,"turns":3},{"damage":11,"enemies":"Slavers","floor":23,"turns":3},{"damage":43,"enemies":"Book of Stabbing","floor":25,"turns":5},{"damage":6,"enemies":"Chosen","floor":27,"turns":3},{"damage":36,"enemies":"Shelled Parasite and Fungi","floor":28,"turns":2}],"seed_played":"5140034999043699561","potions_obtained":[{"floor":3,"key":"HeartOfIron"},{"floor":4,"key":"SpeedPotion"},{"floor":6,"key":"EssenceOfSteel"},{"floor":16,"key":"Dexterity Potion"},{"floor":18,"key":"Explosive Potion"}],"is_trial":false,"path_per_floor":["M","?","M","M","$","E","M","R","T","M","R","E","R","$","R","B",null,"M","?","?","$","?","E","R","E","T","M","M"],"character_chosen":"IRONCLAD","items_purchased":["Whirlwind+1","HandDrill","Blue Doll"],"campfire_rested":3,"item_purchase_floors":[5,5,21],"current_hp_per_floor":[67,56,56,56,56,46,34,34,34,34,56,52,74,74,74,49,69,50,50,50,50,50,39,61,28,28,22,0,0],"gold":168,"neow_bonus":"BOSS_RELIC","is_daily":false,"chose_seed":false,"campfire_upgraded":1,"win_rate":0.0,"timestamp":1608211047,"path_taken":["M","?","M","M","$","E","M","R","T","M","R","E","R","$","R","BOSS","M","?","?","$","?","E","R","E","T","M","M"],"items_purchased_type":["Card","Relic","Relic"],"build_version":"2020-12-13","purchased_purges":1,"victory":false,"max_hp_per_floor":[75,75,75,75,75,75,75,75,75,75,75,75,75,75,75,75,75,75,75,75,75,75,75,75,85,85,85,85,85],"card_choices":[{"not_picked":["Warcry","Heavy Blade"],"picked":"Rage","floor":1},{"not_picked":["Cleave","Fire Breathing","Havoc"],"picked":"SKIP","floor":3},{"not_picked":["Thunderclap","Flex","ReplayTheSpireMod:Strike From Hell"],"picked":"SKIP","floor":4},{"not_picked":["Reaper","Thunderclap","ReplayReversal"],"picked":"SKIP","floor":6},{"not_picked":["Second Wind","Clothesline","Wild Strike"],"picked":"SKIP","floor":7},{"not_picked":["Sword Boomerang","ReplayTheSpireMod:Strike From Hell","Perfected Strike"],"picked":"SKIP","floor":10},{"not_picked":["Thunderclap","True Grit","Warcry"],"picked":"SKIP","floor":12},{"not_picked":["Sword Boomerang","Warcry","ReplayTheSpireMod:LeadingStrike+1"],"picked":"SKIP","floor":18},{"not_picked":["Shrug It Off","Feel No Pain"],"picked":"Seeing Red","floor":23},{"not_picked":["Havoc","Replay:Undeath\u0027s Touch"],"picked":"Headbutt","floor":25},{"not_picked":["Replay:Undeath\u0027s Touch+1","Body Slam"],"picked":"Shockwave","floor":27}],"player_experience":352949,"relics_obtained":[{"floor":6,"key":"Tiny Chest"},{"floor":9,"key":"Whetstone"},{"floor":12,"key":"Gremlin Food"},{"floor":23,"key":"Ice Cream"},{"floor":25,"key":"Pear"},{"floor":26,"key":"Replay:Wax Seal"}],"event_choices":[{"damage_healed":0,"gold_gain":75,"player_choice":"Gather Gold","damage_taken":11,"max_hp_gain":0,"max_hp_loss":0,"event_name":"World of Goop","floor":2,"gold_loss":0},{"damage_healed":0,"gold_gain":0,"player_choice":"Ignored","damage_taken":0,"max_hp_gain":0,"max_hp_loss":0,"event_name":"Ghosts","floor":19,"gold_loss":0},{"cards_removed":["Defend_R"],"damage_healed":0,"gold_gain":0,"player_choice":"Purged","damage_taken":0,"max_hp_gain":0,"max_hp_loss":0,"event_name":"Purifier","floor":22,"gold_loss":0}],"is_beta":false,"boss_relics":[{"not_picked":["ChewingGum","Astrolabe"],"picked":"Ooze Armor"}],"items_purged_floors":[14],"is_endless":false,"potions_floor_spawned":[3,4,6,16,18],"killed_by":"Shelled Parasite and Fungi","ascension_level":14}}