{"host":"1hv1kueuvc4r3rdp","time":1608183289,"event":{"mods":["AchievementEnabler","BaseMod","DeckTracker","Highlight Path","Minty Spire (QoL Compilation)","Permanent Neow","StSLib"],"gold_per_floor":[115,130,146,116,133,166,166,183,183,27,27,37,64,82,82,180,180,199,215,228,244,8,39,52,52,101,137,137,165,195,205,205,205,205],"floor_reached":33,"playtime":1866,"items_purged":[],"score":487,"play_id":"c8882d57-3a1f-4d8f-90d4-2fd6775e7ec2","local_time":"20201216233449","is_ascension_mode":true,"campfire_choices":[{"data":"Dash","floor":7,"key":"SMITH"},{"data":"Dagger Spray","floor":11,"key":"SMITH"},{"data":"Cloak And Dagger","floor":15,"key":"SMITH"},{"data":"Adrenaline","floor":25,"key":"SMITH"},{"data":"Caltrops","floor":28,"key":"SMITH"},{"data":"Neutralize","floor":32,"key":"SMITH"}],"circlet_count":0,"master_deck":["Strike_G","Strike_G","Strike_G","Defend_G","Defend_G","Defend_G","Defend_G","Survivor","Neutralize+1","Dagger Throw","Cloak And Dagger+1","Dagger Spray+1","Dash+1","Adrenaline+1","Backstab","PiercingWail","Corpse Explosion","Masterful Stab+1","Bouncing Flask+1","Expertise+1","Backflip+1","Caltrops+1","Well Laid Plans+1","Terror+1","PiercingWail"],"relics":["Ring of the Snake","Strawberry","Bottled Lightning","Akabeko","Centennial Puzzle","Astrolabe","Strange Spoon","Molten Egg 2","Bronze Scales","CeramicFish","Mummified Hand"],"acts_visited":["Exordium","TheCity"],"potions_floor_usage":[16,16,27,33,33],"damage_taken":[{"damage":0,"enemies":"Cultist","floor":1,"turns":4},{"damage":4,"enemies":"Small Slimes","floor":2,"turns":3},{"damage":2,"enemies":"2 Louse","floor":3,"turns":3},{"damage":0,"enemies":"Looter","floor":4,"turns":4},{"damage":6,"enemies":"3 Louse","floor":5,"turns":3},{"damage":22,"enemies":"3 Sentries","floor":6,"turns":9},{"damage":0,"enemies":"Gremlin Gang","floor":8,"turns":3},{"damage":0,"enemies":"Exordium Thugs","floor":12,"turns":2},{"damage":12,"enemies":"Gremlin Nob","floor":13,"turns":3},{"damage":0,"enemies":"2 Fungi Beasts","floor":14,"turns":2},{"damage":22,"enemies":"The Guardian","floor":16,"turns":19},{"damage":0,"enemies":"Shell Parasite","floor":18,"turns":4},{"damage":0,"enemies":"2 Thieves","floor":19,"turns":2},{"damage":0,"enemies":"Chosen and Byrds","floor":20,"turns":5},{"damage":0,"enemies":"3 Cultists","floor":21,"turns":2},{"damage":2,"enemies":"Slavers","floor":23,"turns":4},{"damage":3,"enemies":"Snake Plant","floor":24,"turns":3},{"damage":0,"enemies":"Gremlin Leader","floor":27,"turns":4},{"damage":0,"enemies":"Cultist and Chosen","floor":29,"turns":3},{"damage":2,"enemies":"Slavers","floor":30,"turns":2},{"damage":0,"enemies":"Snecko","floor":31,"turns":4},{"damage":57,"enemies":"Champ","floor":33,"turns":11}],"seed_played":"7393209663944109344","potions_obtained":[{"floor":6,"key":"SpeedPotion"},{"floor":8,"key":"SpeedPotion"},{"floor":12,"key":"Block Potion"},{"floor":16,"key":"DistilledChaos"},{"floor":20,"key":"SteroidPotion"},{"floor":27,"key":"Dexterity Potion"}],"is_trial":false,"path_per_floor":["M","M","M","M","M","E","R","M","T","$","R","M","E","M","R","B",null,"M","M","M","M","$","E","M","R","T","E","R","M","E","M","R","B"],"character_chosen":"THE_SILENT","items_purchased":["Akabeko","Strange Spoon","Caltrops"],"campfire_rested":0,"item_purchase_floors":[10,22,22],"current_hp_per_floor":[63,59,57,57,51,36,36,36,36,36,36,36,24,24,24,2,58,58,58,58,58,58,56,53,53,53,53,53,53,51,51,51,0,0],"gold":205,"neow_bonus":"THREE_CARDS","is_daily":false,"chose_seed":false,"campfire_upgraded":6,"win_rate":0.0,"timestamp":1608183289,"path_taken":["M","M","M","M","M","E","R","M","T","$","R","M","E","M","R","BOSS","M","M","M","M","$","E","M","R","T","E","R","M","E","?","R","BOSS"],"items_purchased_type":["Relic","Relic","Card"],"build_version":"2020-12-13","purchased_purges":0,"victory":false,"max_hp_per_floor":[70,70,70,70,70,77,77,77,77,77,77,77,77,77,77,77,77,77,77,77,77,77,77,77,77,77,77,77,77,77,77,77,77,77],"card_choices":[{"not_picked":["Distraction","Prepared"],"picked":"Dagger Throw","floor":0},{"not_picked":["Sucker Punch","Deflect","Prepared"],"picked":"SKIP","floor":1},{"not_picked":["Prepared","Quick Slash"],"picked":"Cloak And Dagger","floor":2},{"not_picked":["Terror","Dodge and Roll"],"picked":"Dagger Spray","floor":3},{"not_picked":["Concentrate","Slice","Dagger Spray"],"picked":"SKIP","floor":4},{"not_picked":["Dagger Throw","Dagger Spray"],"picked":"Dash","floor":5},{"not_picked":["Underhanded Strike","Poisoned Stab"],"picked":"Adrenaline","floor":6},{"not_picked":["Dagger Throw","Acrobatics","Blade Dance"],"picked":"SKIP","floor":8},{"not_picked":["Distraction","Calculated Gamble"],"picked":"Backstab","floor":12},{"not_picked":["Deflect","Poisoned Stab","Quick Slash"],"picked":"SKIP","floor":13},{"not_picked":["Flechettes","Deflect"],"picked":"PiercingWail","floor":14},{"not_picked":["Unload","Night Terror"],"picked":"Corpse Explosion","floor":16},{"not_picked":["Sucker Punch+1","Heel Hook","Riddle With Holes"],"picked":"SKIP","floor":18},{"not_picked":["Poisoned Stab","Slice","Flying Knee"],"picked":"SKIP","floor":19},{"not_picked":["Prepared","Noxious Fumes+1"],"picked":"Backflip+1","floor":20},{"not_picked":["Quick Slash","Tactician","Skewer"],"picked":"SKIP","floor":21},{"not_picked":["Masterful Stab+1","Acrobatics+1","Blur"],"picked":"SKIP","floor":23},{"not_picked":["Cloak And Dagger+1","Dagger Throw+1"],"picked":"Well Laid Plans+1","floor":24},{"not_picked":["Dagger Throw+1","Flechettes+1"],"picked":"Terror+1","floor":27},{"not_picked":["Grand Finale+1","Sucker Punch+1"],"picked":"PiercingWail","floor":29},{"not_picked":["Underhanded Strike+1","Masterful Stab+1","Slice+1"],"picked":"SKIP","floor":30},{"not_picked":["Poisoned Stab+1","Dagger Throw+1","PiercingWail"],"picked":"SKIP","floor":31}],"player_experience":1037442,"relics_obtained":[{"floor":6,"key":"Strawberry"},{"floor":9,"key":"Bottled Lightning"},{"floor":13,"key":"Centennial Puzzle"},{"floor":23,"key":"Molten Egg 2"},{"floor":26,"key":"Bronze Scales"},{"floor":27,"key":"CeramicFish"},{"floor":30,"key":"Mummified Hand"}],"event_choices":[],"is_beta":false,"boss_relics":[{"not_picked":["SacredBark","Cursed Key"],"picked":"Astrolabe"}],"items_purged_floors":[],"is_endless":false,"potions_floor_spawned":[6,8,12,16,20,23,27,29,31],"killed_by":"Champ","ascension_level":8}}