{"host":"o2evyl5sbrgotc3u","time":1608215617,"event":{"mods":["AchievementEnabler","BaseMod","Colored Map","DeckTracker","Faster Ascension Climbing","Keyboard Shortcuts","Minty Spire (QoL Compilation)","Permanent Neow","Quick Restart","Relic Stats","StSLib","SuperFastMode","everything is the same but u backflip on backflip"],"gold_per_floor":[216,291,310,310,165,165,200,215,215,215,215,241,310,334,346,453,465,495,525,537,562,586,598,610,610],"floor_reached":24,"playtime":956,"items_purged":["Strike_B"],"score":206,"play_id":"67efeb5a-6dfe-4e72-9e98-0edba7e7627c","local_time":"20201217233337","is_ascension_mode":false,"campfire_choices":[{"data":"Zap","floor":6.0,"key":"SMITH"},{"floor":11.0,"key":"REST"},{"floor":15.0,"key":"DIG"},{"floor":23,"key":"DIG"}],"circlet_count":0,"master_deck":["Strike_B","Strike_B","Defend_B","Defend_B","Defend_B","Defend_B","Zap+1","Dualcast","Streamline","Chill","Seek","Capacitor","Compile Driver","Melter","Ball Lightning","Hologram","Turbo+1","FTL","Self Repair+1"],"relics":["Cracked Core","Du-Vu Doll","Meat on the Bone","HornCleat","Shovel","MawBank","Smiling Mask","Oddly Smooth Stone","Black Star","Matryoshka"],"acts_visited":["Exordium","TheCity"],"potions_floor_usage":[22],"damage_taken":[{"damage":0.0,"enemies":"2 Louse","floor":1.0,"turns":3.0},{"damage":0.0,"enemies":"Small Slimes","floor":3.0,"turns":3.0},{"damage":22.0,"enemies":"Lagavulin","floor":7.0,"turns":6.0},{"damage":0.0,"enemies":"Cultist","floor":8.0,"turns":3.0},{"damage":9.0,"enemies":"3 Sentries","floor":12.0,"turns":9.0},{"damage":12.0,"enemies":"Gremlin Nob","floor":13.0,"turns":4.0},{"damage":0.0,"enemies":"Blue Slaver","floor":14.0,"turns":3.0},{"damage":23,"enemies":"The Guardian","floor":16,"turns":10},{"damage":28,"enemies":"Shell Parasite","floor":18,"turns":6},{"damage":14,"enemies":"3 Byrds","floor":19,"turns":5},{"damage":44,"enemies":"3 Cultists","floor":21,"turns":7},{"damage":10,"enemies":"Chosen and Byrds","floor":22,"turns":5},{"damage":0,"enemies":"Cultist and Chosen","floor":24,"turns":1}],"seed_played":"-2974625350522951659","potions_obtained":[{"floor":1.0,"key":"EssenceOfSteel"},{"floor":7.0,"key":"EssenceOfDarkness"},{"floor":13.0,"key":"DuplicationPotion"},{"floor":16,"key":"FearPotion"},{"floor":19,"key":"FocusPotion"}],"is_trial":false,"path_per_floor":["M","?","M","?","$","R","E","M","T","?","R","E","?","M","R","B",null,"M","M","?","M","M","R","M"],"character_chosen":"DEFECT","items_purchased":["Seek"],"campfire_rested":1,"item_purchase_floors":[5],"current_hp_per_floor":[75,64,64,64,64,64,42,42,42,24,46,49,49,49,49,38,75,47,45,45,13,15,15,15,15],"gold":610,"neow_bonus":"HUNDRED_GOLD","is_daily":false,"chose_seed":false,"campfire_upgraded":1,"win_rate":0.0,"timestamp":1608215617,"path_taken":["M","?","M","?","$","R","E","?","T","?","R","E","?","M","R","BOSS","M","M","?","M","M","R","M"],"items_purchased_type":["Card"],"build_version":"2020-12-13","purchased_purges":1,"victory":false,"max_hp_per_floor":[75,75,75,75,75,75,75,75,75,75,75,75,75,75,75,75,75,75,75,75,75,75,75,75,75],"relic_stats":{"Shovel":2,"counters":[13,65],"Black Star":0,"MawBank":144,"Smiling Mask":0,"obtain_stats":[{"Du-Vu Doll":4,"HornCleat":9,"Shovel":10,"Matryoshka":23,"Oddly Smooth Stone":15,"Black Star":17,"Cracked Core":0,"MawBank":12,"Smiling Mask":13,"Meat on the Bone":7},{"Du-Vu Doll":2,"HornCleat":4,"Shovel":4,"Matryoshka":12,"Oddly Smooth Stone":7,"Black Star":8,"Cracked Core":0,"MawBank":5,"Smiling Mask":6,"Meat on the Bone":3},{"Du-Vu Doll":6,"HornCleat":15,"Shovel":15,"Matryoshka":64,"Oddly Smooth Stone":31,"Black Star":41,"Cracked Core":0,"MawBank":24,"Smiling Mask":28,"Meat on the Bone":12}],"Meat on the Bone":72},"card_choices":[{"not_picked":["Defragment","Consume"],"picked":"Streamline","floor":1.0},{"not_picked":["Beam Cell","Stack"],"picked":"Chill","floor":3.0},{"not_picked":["Heatsinks","Gash"],"picked":"Capacitor","floor":7.0},{"not_picked":["Consume","Loop"],"picked":"Compile Driver","floor":8.0},{"not_picked":["Hello World","Gash"],"picked":"Melter","floor":12.0},{"not_picked":["Steam","Rebound"],"picked":"Ball Lightning","floor":14.0},{"not_picked":["Gash","Genetic Algorithm"],"picked":"Hologram","floor":18},{"not_picked":["Scrape","Compile Driver"],"picked":"Turbo+1","floor":19},{"not_picked":["Leap","Steam"],"picked":"FTL","floor":21},{"not_picked":["Ball Lightning","Capacitor+1"],"picked":"Self Repair+1","floor":22}],"player_experience":289466,"relics_obtained":[{"floor":7.0,"key":"Meat on the Bone"},{"floor":9.0,"key":"HornCleat"},{"floor":12.0,"key":"MawBank"},{"floor":13.0,"key":"Smiling Mask"},{"floor":15.0,"key":"Oddly Smooth Stone"},{"floor":23,"key":"Matryoshka"}],"event_choices":[{"damage_healed":0.0,"max_hp_gain":0.0,"max_hp_loss":0.0,"gold_gain":75.0,"event_name":"World of Goop","player_choice":"Gather Gold","floor":2.0,"gold_loss":0.0,"damage_taken":11.0},{"damage_healed":0.0,"max_hp_gain":0.0,"max_hp_loss":0.0,"gold_gain":0.0,"event_name":"WeMeetAgain","player_choice":"Gave Potion","floor":4.0,"gold_loss":0.0,"damage_taken":0.0,"relics_obtained":["Du-Vu Doll"]},{"damage_healed":0.0,"max_hp_gain":0.0,"max_hp_loss":0.0,"gold_gain":0.0,"event_name":"Scrap Ooze","player_choice":"Success","floor":10.0,"gold_loss":0.0,"damage_taken":18.0,"relics_obtained":["Shovel"]},{"damage_healed":0.0,"max_hp_gain":0.0,"max_hp_loss":0.0,"gold_gain":0.0,"event_name":"Dead Adventurer","player_choice":"Searched \u00271\u0027 times","floor":13.0,"gold_loss":0.0,"damage_taken":0.0},{"cards_removed":["Strike_B"],"damage_healed":0,"gold_gain":0,"player_choice":"Elegance","damage_taken":0,"max_hp_gain":0,"max_hp_loss":0,"event_name":"Back to Basics","floor":20,"gold_loss":0}],"is_beta":false,"boss_relics":[{"not_picked":["Tiny House","Fusion Hammer"],"picked":"Black Star"}],"items_purged_floors":[5],"is_endless":false,"potions_floor_spawned":[1,7,13,16,19,21],"killed_by":"Cultist and Chosen","ascension_level":0}}