{"host":"69rply1jf2d1wbmp","time":1608243339,"event":{"mods":["BaseMod","Minty Spire (QoL Compilation)","Quick Restart"],"gold_per_floor":[116,126,126,15,34,66,66,86,110,110,123,140,140,151,151,249,249,174,89,106,117,117,146,146,178,178,178,178,178,26,26,26,126,126,143,193,203,203,203],"floor_reached":38,"playtime":1393,"items_purged":["Normality","Decay"],"score":412,"play_id":"931eef4a-1432-447f-9e95-2deebf9e0490","local_time":"20201217171539","is_ascension_mode":false,"campfire_choices":[{"floor":7,"key":"REST"},{"floor":10,"key":"RECALL"},{"floor":15,"key":"REST"},{"floor":24,"key":"REST"},{"floor":28,"key":"REST"},{"data":"Demon Form","floor":32,"key":"SMITH"}],"circlet_count":0,"master_deck":["Strike_R","Strike_R","Strike_R","Strike_R","Strike_R","Defend_R","Defend_R","Defend_R","Defend_R+1","Bash","Metamorphosis+1","Inflame","Rage","Metallicize","Ghostly Armor","Flame Barrier+1","Demon Form+1","Pummel+1","Metallicize","Shrug It Off","Reaper","Armaments","Inflame"],"relics":["Burning Blood","Regal Pillow","SlaversCollar","Ancient Tea Set","Pear","Juzu Bracelet","Lantern","Ornamental Fan","Mark of Pain","Turnip"],"acts_visited":["Exordium","TheCity","TheBeyond"],"potions_floor_usage":[6,21,21,23,33,33,37,38],"damage_taken":[{"damage":4,"enemies":"2 Louse","floor":1,"turns":3},{"damage":5,"enemies":"Cultist","floor":2,"turns":4},{"damage":6,"enemies":"Jaw Worm","floor":5,"turns":3},{"damage":34,"enemies":"Gremlin Nob","floor":6,"turns":4},{"damage":3,"enemies":"Large Slime","floor":8,"turns":4},{"damage":10,"enemies":"Red Slaver","floor":11,"turns":3},{"damage":6,"enemies":"2 Fungi Beasts","floor":12,"turns":4},{"damage":6,"enemies":"Exordium Thugs","floor":14,"turns":4},{"damage":44,"enemies":"Hexaghost","floor":16,"turns":8},{"damage":22,"enemies":"2 Thieves","floor":18,"turns":5},{"damage":19,"enemies":"Spheric Guardian","floor":20,"turns":5},{"damage":23,"enemies":"Centurion and Healer","floor":21,"turns":8},{"damage":28,"enemies":"Gremlin Leader","floor":23,"turns":5},{"damage":28,"enemies":"Book of Stabbing","floor":25,"turns":5},{"damage":45,"enemies":"Collector","floor":33,"turns":10},{"damage":66,"enemies":"3 Shapes","floor":35,"turns":8},{"damage":5,"enemies":"Mind Bloom Boss Battle","floor":36,"turns":5},{"damage":14,"enemies":"Orb Walker","floor":37,"turns":6},{"damage":36,"enemies":"Jaw Worm Horde","floor":38,"turns":4}],"seed_played":"-7472181472103880396","potions_obtained":[{"floor":1,"key":"BlessingOfTheForge"},{"floor":11,"key":"EntropicBrew"},{"floor":12,"key":"LiquidBronze"},{"floor":23,"key":"Weak Potion"},{"floor":33,"key":"EssenceOfSteel"},{"floor":37,"key":"LiquidMemories"}],"is_trial":false,"path_per_floor":["M","M","?","$","M","E","R","M","T","R","M","M","?","M","R","B",null,"M","?","M","M","?","E","R","E","T","?","R","?","$","T","R","B",null,"M","?","M","M"],"character_chosen":"IRONCLAD","items_purchased":["Rage","Shrug It Off"],"campfire_rested":4,"item_purchase_floors":[4,30],"current_hp_per_floor":[80,80,80,80,80,52,80,80,80,80,76,76,60,60,80,42,80,64,64,51,34,34,22,64,42,42,42,84,84,84,84,84,45,90,30,31,27,0,0],"gold":203,"neow_bonus":"RANDOM_COLORLESS_2","is_daily":false,"chose_seed":false,"campfire_upgraded":1,"win_rate":0.0,"timestamp":1608243339,"path_taken":["M","M","?","$","?","E","R","M","T","R","M","M","?","M","R","BOSS","M","?","M","M","?","E","R","E","T","?","R","?","$","?","R","BOSS","M","?","M","M"],"items_purchased_type":["Card","Card"],"build_version":"2020-12-13","purchased_purges":2,"victory":false,"max_hp_per_floor":[80,80,80,80,80,80,80,80,80,80,80,80,80,80,80,80,80,80,80,80,80,80,90,90,90,90,90,90,90,90,90,90,90,90,90,90,90,90,90],"card_choices":[{"not_picked":["Panache","Master of Strategy"],"picked":"Metamorphosis","floor":0},{"not_picked":["Clash","Combust","Clothesline"],"picked":"SKIP","floor":1},{"not_picked":["Body Slam","Perfected Strike"],"picked":"Inflame","floor":2},{"not_picked":["Flex","Second Wind","Headbutt"],"picked":"SKIP","floor":5},{"not_picked":["Bludgeon","Heavy Blade"],"picked":"Metallicize","floor":6},{"not_picked":["Twin Strike","Headbutt","Uppercut"],"picked":"SKIP","floor":8},{"not_picked":["Thunderclap","Evolve"],"picked":"Ghostly Armor","floor":11},{"not_picked":["Warcry","Dropkick"],"picked":"Flame Barrier","floor":12},{"not_picked":["Pommel Strike","Dropkick","Power Through"],"picked":"SKIP","floor":14},{"not_picked":["Brutality","Fiend Fire"],"picked":"Demon Form","floor":16},{"not_picked":["Pommel Strike","Havoc"],"picked":"Pummel+1","floor":18},{"not_picked":["True Grit","Pommel Strike+1","Wild Strike"],"picked":"SKIP","floor":20},{"not_picked":["Warcry","Sever Soul","Power Through"],"picked":"SKIP","floor":21},{"not_picked":["Burning Pact","Fire Breathing","Corruption"],"picked":"SKIP","floor":23},{"not_picked":["Iron Wave","Warcry+1","Body Slam"],"picked":"SKIP","floor":25},{"not_picked":["Barricade","Limit Break"],"picked":"Reaper","floor":33},{"not_picked":["Warcry+1","Pommel Strike+1","Clash"],"picked":"SKIP","floor":35},{"not_picked":["Perfected Strike","Flex"],"picked":"Armaments","floor":36},{"not_picked":["Headbutt+1","Clash"],"picked":"Inflame","floor":37}],"player_experience":349885,"relics_obtained":[{"floor":6,"key":"Regal Pillow"},{"floor":23,"key":"Pear"},{"floor":25,"key":"Juzu Bracelet"},{"floor":26,"key":"Lantern"},{"floor":31,"key":"Ornamental Fan"},{"floor":36,"key":"Turnip"}],"event_choices":[{"damage_healed":0,"gold_gain":0,"player_choice":"Forge","damage_taken":0,"max_hp_gain":0,"max_hp_loss":0,"event_name":"Accursed Blacksmith","floor":3,"gold_loss":0,"cards_upgraded":["Metamorphosis"]},{"damage_healed":0,"gold_gain":0,"player_choice":"Entered Light","damage_taken":16,"max_hp_gain":0,"max_hp_loss":0,"event_name":"Shining Light","floor":13,"gold_loss":0,"cards_upgraded":["Defend_R","Flame Barrier"]},{"damage_healed":0,"gold_gain":0,"player_choice":"Obtained Relic","damage_taken":0,"relics_obtained":["Ancient Tea Set"],"max_hp_gain":0,"max_hp_loss":0,"event_name":"Addict","floor":19,"gold_loss":85},{"damage_healed":0,"gold_gain":0,"player_choice":"Copied","damage_taken":0,"max_hp_gain":0,"max_hp_loss":0,"event_name":"Duplicator","floor":22,"gold_loss":0,"cards_obtained":["Metallicize"]},{"damage_healed":0,"gold_gain":0,"player_choice":"Smashed Altar","damage_taken":0,"max_hp_gain":0,"max_hp_loss":0,"event_name":"Forgotten Altar","floor":27,"gold_loss":0,"cards_obtained":["Decay"]},{"damage_healed":0,"gold_gain":0,"player_choice":"Ignored","damage_taken":0,"max_hp_gain":0,"max_hp_loss":0,"event_name":"WeMeetAgain","floor":29,"gold_loss":0},{"damage_healed":0,"gold_gain":0,"player_choice":"Fight","damage_taken":0,"max_hp_gain":0,"max_hp_loss":0,"event_name":"MindBloom","floor":36,"gold_loss":0}],"is_beta":false,"boss_relics":[{"not_picked":["Runic Dome","Ectoplasm"],"picked":"SlaversCollar"},{"not_picked":["Black Blood","Philosopher\u0027s Stone"],"picked":"Mark of Pain"}],"items_purged_floors":[4,30],"is_endless":false,"potions_floor_spawned":[1,11,12,23,33,37],"killed_by":"Jaw Worm Horde","ascension_level":0}}