{"host":"o3b7ow6d1xe49css","time":1608208100,"event":{"mods":["2.2 Compatiblity","Act Like it!","Aspiration","BaseMod","Bestiary","Better Altar","Better Match","Better Note","Better Sensory Stone","Better Skull","Better Third Choice","Colored Powertips","Conspire","Downfall","Elementarium","Energized Spire","Force Act Four","GifTheSpireLib","Halation","Hermit","Hubris","Infinite Spire","Minty Spire (QoL Compilation)","Quick Restart","Replay The Spire","Spicy Shops","Spikes Relics","StSLib","Stuff the Spire","The Blue Laboratory","The Jungle","Wandering Minibosses","vexMod"],"gold_per_floor":[119,129,139,139,139,139,139],"floor_reached":6,"playtime":234,"items_purged":[],"score":45,"play_id":"619236ef-f2f3-434e-9854-04c23bced9ca","local_time":"20201217032820","daily_mods":["Heirloom","Flight"],"is_ascension_mode":true,"campfire_choices":[],"circlet_count":0,"master_deck":["Strike_G","Strike_G","Strike_G","Strike_G","Strike_G","Defend_G","Defend_G","Defend_G","Defend_G","Defend_G","Survivor","Neutralize","Crippling Poison","Backflip","Wraith Form v2","infinitespire:Execution"],"relics":["Ring of the Snake","Ring of Chaos","halation:BlackBeret"],"acts_visited":["Exordium"],"potions_floor_usage":[6],"damage_taken":[{"damage":2,"enemies":"2 Louse","floor":1,"turns":4},{"damage":0,"enemies":"Small Slimes","floor":2,"turns":3},{"damage":0,"enemies":"Cultist","floor":3,"turns":5},{"damage":36,"enemies":"Gremlin Nob","floor":6,"turns":7}],"seed_played":"-3607267300517734774","potions_obtained":[{"floor":1,"key":"PowerPotion"}],"is_trial":true,"path_per_floor":["M","M","M","?","?","E"],"character_chosen":"THE_SILENT","items_purchased":[],"campfire_rested":0,"item_purchase_floors":[],"current_hp_per_floor":[68,68,68,68,51,15,15],"gold":139,"neow_bonus":"","is_daily":false,"chose_seed":false,"campfire_upgraded":0,"win_rate":0.0,"timestamp":1608208100,"path_taken":["M","M","M","?","?","E"],"items_purchased_type":[],"build_version":"2020-12-13","purchased_purges":0,"victory":false,"max_hp_per_floor":[70,70,70,70,70,70,70],"card_choices":[{"not_picked":["Bane","Flying Knee"],"picked":"Crippling Poison","floor":1},{"not_picked":["Prepared","StuffTheSpire:Python"],"picked":"Backflip","floor":2},{"not_picked":["Poisoned Stab","StuffTheSpire:ClusterCrunch"],"picked":"Wraith Form v2","floor":3},{"not_picked":["hubris:Rewind","ReplayTheSpireMod:Chaos Vortex"],"picked":"infinitespire:Execution","floor":5}],"player_experience":1726188,"relics_obtained":[],"event_choices":[{"damage_healed":0,"gold_gain":0,"player_choice":"Ignored","damage_taken":0,"max_hp_gain":0,"max_hp_loss":0,"event_name":"Golden Wing","floor":4,"gold_loss":0}],"is_beta":false,"boss_relics":[],"items_purged_floors":[],"is_endless":false,"potions_floor_spawned":[1],"killed_by":"Gremlin Nob","ascension_level":5}}