{"host":"6b5fnlvh4h83exhu","time":1608202943,"event":{"mods":["BaseMod","Hermit","Jorbs\u0027s Wanderer Trilogy","Minty Spire (QoL Compilation)","Practice Mode","Replay The Spire","StSLib","slay the spire mod where everything is the same but ironclad has a cowboy hat"],"gold_per_floor":[112,112,62,62,76,101,111,128,155,155,155,171,171,206,206,303,303,323,323,422,203,203,237,237,237,309,309,323,248,261,290,290,290,290],"floor_reached":33,"playtime":1971,"items_purged":["Defend_B"],"score":316,"play_id":"0ac7eb83-58e1-49b3-8fd4-3c4be148ad4f","local_time":"20201217050223","is_ascension_mode":false,"campfire_choices":[{"data":"Zap","floor":11,"key":"SMITH"},{"data":"Defend_B","floor":13,"key":"SMITH"},{"data":"Scrape","floor":15,"key":"SMITH"},{"data":"Loop","floor":24,"key":"SMITH"},{"floor":32,"key":"REST"}],"circlet_count":0,"master_deck":["Strike_B","Strike_B","Defend_B+1","Defend_B+1","Defend_B+1","Zap+1","Dualcast","Beam Cell","Gash","Scrape+1","Electrodynamics","Ball Lightning","Loop+1","Writhe","Streamline+1","Gash","Gash","Reboot"],"relics":["Cracked Core","NeowsBlessing","Replay:Antivirus Software","Simple Rune","Mirror","Replay:Bronze Core","DataDisk","Bronze Scales","Symbiotic Virus","Garlic","Eternal Feather"],"acts_visited":["Exordium","TheCity"],"potions_floor_usage":[14,16,23,31,31,31,31,31],"damage_taken":[{"damage":0,"enemies":"2 Louse","floor":1,"turns":1},{"damage":0,"enemies":"Jaw Worm","floor":5,"turns":1},{"damage":0,"enemies":"3 Sentries","floor":6,"turns":1},{"damage":8,"enemies":"Small Slimes","floor":7,"turns":3},{"damage":2,"enemies":"Exordium Wildlife","floor":8,"turns":3},{"damage":4,"enemies":"Large Slime","floor":12,"turns":5},{"damage":35,"enemies":"Gremlin Nob","floor":14,"turns":5},{"damage":26,"enemies":"Fading Forest","floor":16,"turns":11},{"damage":0,"enemies":"3 Byrds","floor":18,"turns":2},{"damage":23,"enemies":"Book of Stabbing","floor":23,"turns":4},{"damage":0,"enemies":"Chosen","floor":28,"turns":3},{"damage":12,"enemies":"Centurion and Healer","floor":30,"turns":4},{"damage":21,"enemies":"Slavers","floor":31,"turns":3},{"damage":39,"enemies":"Pondfish","floor":33,"turns":3}],"seed_played":"-1767889405572212498","potions_obtained":[{"floor":5,"key":"FearPotion"},{"floor":7,"key":"BlessingOfTheForge"},{"floor":14,"key":"Flashbang"},{"floor":18,"key":"EntropicBrew"},{"floor":27,"key":"EntropicBrew"},{"floor":27,"key":"Block Potion"}],"is_trial":false,"path_per_floor":["M","$","?","$","M","E","M","M","T","?","R","M","R","E","R","B",null,"M","?","?","$","?","E","R","$","T","?","M","$","M","E","R","B"],"character_chosen":"DEFECT","items_purchased":["DataDisk","Loop"],"campfire_rested":1,"item_purchase_floors":[21,21],"current_hp_per_floor":[75,75,75,75,75,75,67,65,65,65,65,61,61,26,26,8,75,75,61,61,61,61,38,38,38,38,38,38,38,26,5,38,0,0],"gold":290,"neow_bonus":"THREE_ENEMY_KILL","is_daily":false,"chose_seed":false,"campfire_upgraded":4,"win_rate":0.0,"timestamp":1608202943,"path_taken":["M","$","?","$","M","E","M","M","T","?","R","M","R","E","R","BOSS","M","?","?","$","?","E","R","?","T","?","M","$","M","E","R","BOSS"],"items_purchased_type":["Relic","Card"],"build_version":"2020-12-13","purchased_purges":1,"victory":false,"max_hp_per_floor":[75,75,75,75,75,75,75,75,75,75,75,75,75,75,75,75,75,75,80,80,80,80,80,80,80,80,80,80,80,80,80,80,80,80],"card_choices":[{"not_picked":["Stack","Rebound","Skim"],"picked":"SKIP","floor":1},{"not_picked":["Chill","Turbo","Leap"],"picked":"SKIP","floor":5},{"not_picked":["Steam Power","Thunder Strike","Steam"],"picked":"SKIP","floor":6},{"not_picked":["BasicCrystalCard","Cold Snap","Leap"],"picked":"SKIP","floor":7},{"not_picked":["Reprogram","Compile Driver","Barrage"],"picked":"SKIP","floor":8},{"not_picked":["Stack","Go for the Eyes"],"picked":"Gash","floor":12},{"not_picked":["Storm","ReplayRNGCard"],"picked":"Scrape","floor":14},{"not_picked":["Core Surge","ReplayRNGCard"],"picked":"Electrodynamics","floor":16},{"not_picked":["Redo","Sweeping Beam+1"],"picked":"Ball Lightning","floor":18},{"not_picked":["Steam","Coolheaded"],"picked":"Streamline+1","floor":23},{"not_picked":["Reinforced Body","Turbo"],"picked":"Gash","floor":28},{"not_picked":["Cold Snap","Turbo"],"picked":"Gash","floor":30},{"not_picked":["Double Energy","Aggregate"],"picked":"Reboot","floor":31}],"player_experience":208091,"relics_obtained":[{"floor":6,"key":"Replay:Antivirus Software"},{"floor":9,"key":"Simple Rune"},{"floor":14,"key":"Mirror"},{"floor":23,"key":"Symbiotic Virus"},{"floor":26,"key":"Garlic"},{"floor":31,"key":"Eternal Feather"}],"event_choices":[{"cards_removed":["Strike_B"],"damage_healed":0,"gold_gain":0,"player_choice":"Card Removal","damage_taken":0,"max_hp_gain":0,"max_hp_loss":0,"event_name":"The Cleric","floor":3,"gold_loss":50},{"damage_healed":0,"gold_gain":0,"cards_transformed":["Strike_B"],"player_choice":"Change","damage_taken":0,"max_hp_gain":0,"max_hp_loss":0,"event_name":"Living Wall","floor":10,"gold_loss":0,"cards_obtained":["Beam Cell"]},{"damage_healed":0,"gold_gain":0,"player_choice":"Shed Blood","damage_taken":19,"max_hp_gain":5,"max_hp_loss":0,"event_name":"Forgotten Altar","floor":19,"gold_loss":0},{"damage_healed":0,"gold_gain":99,"player_choice":"Stole From Cult","damage_taken":0,"max_hp_gain":0,"max_hp_loss":0,"event_name":"Nest","floor":20,"gold_loss":0},{"damage_healed":0,"gold_gain":0,"player_choice":"Opened","damage_taken":0,"relics_obtained":["Bronze Scales"],"max_hp_gain":0,"max_hp_loss":0,"event_name":"The Mausoleum","floor":22,"gold_loss":0,"cards_obtained":["Writhe"]},{"damage_healed":0,"gold_gain":0,"player_choice":"Got Potions","damage_taken":0,"max_hp_gain":0,"max_hp_loss":0,"event_name":"Lab","floor":27,"gold_loss":0}],"is_beta":false,"boss_relics":[{"not_picked":["Tiny House","Painkiller Herb"],"picked":"Replay:Bronze Core"}],"items_purged_floors":[29],"is_endless":false,"potions_floor_spawned":[5,7,14,18,28,30],"killed_by":"Pondfish","ascension_level":0}}