{"host":"sav7uxregyirlf69","time":1608205844,"event":{"mods":["AchievementEnabler","BaseMod","Colored Map","DeckTracker","Keyboard Shortcuts","Minty Spire (QoL Compilation)","READ ME - Guardian Mod","StSLib","SuperFastMode"],"gold_per_floor":[114,114,39,58,82,82,92,92,117,117,117,151,168,179,179,179,179],"floor_reached":16,"playtime":237,"items_purged":["Defend_G"],"score":200,"play_id":"15dc11ef-fcb2-45da-87c8-021892b53831","local_time":"20201217205044","is_ascension_mode":true,"campfire_choices":[{"data":"Skewer","floor":6,"key":"SMITH"},{"data":"Neutralize","floor":8,"key":"SMITH"},{"data":"Reflex","floor":10,"key":"SMITH"},{"data":"Outmaneuver","floor":15,"key":"SMITH"}],"circlet_count":0,"master_deck":["AscendersBane","Strike_G","Strike_G","Strike_G","Defend_G","Defend_G","Defend_G","Survivor","Neutralize+1","Skewer+1","Reflex+1","Concentrate","Outmaneuver+1"],"relics":["Ring of the Snake","Dream Catcher","Unceasing Top"],"acts_visited":["Exordium"],"potions_floor_usage":[12,16,16],"damage_taken":[{"damage":3,"enemies":"2 Louse","floor":1,"turns":4},{"damage":0,"enemies":"Cultist","floor":4,"turns":3},{"damage":1,"enemies":"Jaw Worm","floor":7,"turns":3},{"damage":17,"enemies":"Gremlin Nob","floor":12,"turns":4},{"damage":2,"enemies":"Large Slime","floor":13,"turns":7},{"damage":1,"enemies":"Exordium Wildlife","floor":14,"turns":3},{"damage":30,"enemies":"Slime Boss","floor":16,"turns":5}],"seed_played":"1444427944654103781","potions_obtained":[{"floor":1,"key":"SneckoOil"},{"floor":7,"key":"Weak Potion"},{"floor":13,"key":"SpeedPotion"},{"floor":14,"key":"Strength Potion"}],"is_trial":false,"path_per_floor":["M","?","$","M","T","R","M","R","T","R","?","E","M","M","R","B"],"character_chosen":"THE_SILENT","items_purchased":[],"campfire_rested":0,"item_purchase_floors":[],"current_hp_per_floor":[41,41,41,41,41,41,40,40,40,40,45,28,26,25,25,0,0],"gold":179,"neow_bonus":"REMOVE_TWO","is_daily":false,"chose_seed":false,"campfire_upgraded":4,"win_rate":0.0,"timestamp":1608205844,"path_taken":["M","?","?","M","?","R","M","R","T","R","?","E","M","?","R","BOSS"],"items_purchased_type":[],"build_version":"2020-12-13","purchased_purges":1,"victory":false,"max_hp_per_floor":[66,66,66,66,66,66,66,66,66,66,71,71,71,71,71,71,71],"card_choices":[{"not_picked":["Endless Agony","Dodge and Roll"],"picked":"Skewer","floor":1},{"not_picked":["PiercingWail","Deadly Poison","Sucker Punch"],"picked":"SKIP","floor":4},{"not_picked":["Setup","Slice"],"picked":"Reflex","floor":7},{"not_picked":["Distraction","Deadly Poison"],"picked":"Concentrate","floor":12},{"not_picked":["Choke","Cloak And Dagger"],"picked":"Outmaneuver","floor":13},{"not_picked":["Bouncing Flask","Poisoned Stab","A Thousand Cuts"],"picked":"SKIP","floor":14}],"player_experience":942411,"relics_obtained":[{"floor":9,"key":"Dream Catcher"},{"floor":12,"key":"Unceasing Top"}],"event_choices":[{"cards_removed":["Strike_G"],"damage_healed":0,"gold_gain":0,"player_choice":"Offered Basic","damage_taken":0,"max_hp_gain":0,"max_hp_loss":0,"event_name":"Bonfire Elementals","floor":2,"gold_loss":0},{"damage_healed":0,"gold_gain":0,"player_choice":"Donut","damage_taken":0,"max_hp_gain":5,"max_hp_loss":0,"event_name":"Big Fish","floor":11,"gold_loss":0}],"is_beta":false,"boss_relics":[],"items_purged_floors":[3],"is_endless":false,"potions_floor_spawned":[1,7,13,14],"killed_by":"Slime Boss","ascension_level":20}}