{"host":"5trcja4hacd149zc","time":1608179043,"event":{"mods":["BaseMod","Colored Map","GifTheSpireLib","Minty Spire (QoL Compilation)","Relic Stats","StSLib"],"gold_per_floor":[109,128,0,16,31,31,66,81,105,139,289,304,328,328,328,401,401,413,413,413,424,54,54,86,86,86,86,86,112,131,10,10,82,82,100,30,0,0,17,17,17,17,17,17,17,17,17],"floor_reached":46,"playtime":1292,"items_purged":["Strike_G","Doubt"],"score":1049,"play_id":"8e35a561-5fa0-42ff-92e5-880277d66f24","local_time":"20201216222403","is_ascension_mode":true,"campfire_choices":[{"floor":6.0,"key":"REST"},{"data":"Catalyst","floor":15.0,"key":"SMITH"},{"floor":23.0,"key":"REST"},{"data":"Doppelganger","floor":25.0,"key":"SMITH"},{"floor":32.0,"key":"REST"},{"floor":40.0,"key":"REST"},{"data":"Choke","floor":44,"key":"SMITH"}],"circlet_count":0,"master_deck":["AscendersBane","Strike_G+1","Strike_G+1","Defend_G+1","Defend_G+1","Defend_G+1","Defend_G+1","Survivor","Neutralize","Phantasmal Killer+1","Envenom+1","Finisher+1","Choke+1","Flying Knee","Poisoned Stab","Blade Dance","Cloak And Dagger","Doppelganger+1","Cloak And Dagger","Dash","Catalyst+1","Corpse Explosion","PiercingWail","Noxious Fumes+1","Catalyst+1","Normality","Panache+1"],"relics":["Astrolabe","Pocketwatch","Akabeko","Orichalcum","Odd Mushroom","Busted Crown","Membership Card","Mango","Ancient Tea Set","Frozen Egg 2","DollysMirror","Cursed Key","Red Mask","Singing Bowl"],"acts_visited":["Exordium","TheCity","TheBeyond"],"potions_floor_usage":[46],"damage_taken":[{"damage":10.0,"enemies":"2 Louse","floor":1.0,"turns":3.0},{"damage":9.0,"enemies":"Jaw Worm","floor":2.0,"turns":4.0},{"damage":8.0,"enemies":"Small Slimes","floor":4.0,"turns":2.0},{"damage":8.0,"enemies":"Exordium Wildlife","floor":5.0,"turns":3.0},{"damage":0.0,"enemies":"Lagavulin","floor":7.0,"turns":4.0},{"damage":13.0,"enemies":"Large Slime","floor":8.0,"turns":4.0},{"damage":8.0,"enemies":"Gremlin Nob","floor":10.0,"turns":3.0},{"damage":0.0,"enemies":"3 Louse","floor":12.0,"turns":3.0},{"damage":6.0,"enemies":"The Mushroom Lair","floor":13.0,"turns":4.0},{"damage":6.0,"enemies":"Hexaghost","floor":16.0,"turns":5.0},{"damage":11.0,"enemies":"Shell Parasite","floor":18.0,"turns":4.0},{"damage":18.0,"enemies":"Spheric Guardian","floor":21.0,"turns":4.0},{"damage":19.0,"enemies":"Slavers","floor":24.0,"turns":3.0},{"damage":13.0,"enemies":"Book of Stabbing","floor":29.0,"turns":4.0},{"damage":6.0,"enemies":"Snake Plant","floor":30.0,"turns":5.0},{"damage":22.0,"enemies":"Collector","floor":33.0,"turns":6.0},{"damage":3.0,"enemies":"3 Shapes","floor":35.0,"turns":2.0},{"damage":66.0,"enemies":"3 Darklings","floor":39.0,"turns":5.0},{"damage":62,"enemies":"Reptomancer","floor":46,"turns":2}],"seed_played":"-8752934105502525914","potions_obtained":[{"floor":4.0,"key":"AttackPotion"},{"floor":5.0,"key":"AttackPotion"},{"floor":8.0,"key":"AttackPotion"},{"floor":12.0,"key":"DistilledChaos"},{"floor":18.0,"key":"PowerPotion"},{"floor":30.0,"key":"ColorlessPotion"}],"is_trial":false,"path_per_floor":["M","M","$","M","M","R","E","M","T","E","?","M","?","?","R","B",null,"M","?","?","M","$","R","E","R","T","?","$","E","M","$","R","B",null,"M","$","?","?","M","R","T","?","T","R","$","E"],"character_chosen":"THE_SILENT","items_purchased":["Poisoned Stab","Membership Card","Mango","Noxious Fumes+1","DollysMirror","DuplicationPotion","BlessingOfTheForge"],"campfire_rested":4,"item_purchase_floors":[3,22,22,31,31,36,36],"current_hp_per_floor":[49,40,40,32,24,43,43,30,30,22,22,22,16,21,21,15,57,46,46,26,8,22,49,30,30,30,30,30,17,11,11,38,16,72,69,69,69,90,24,51,51,45,45,45,45,0,0],"gold":17,"neow_bonus":"BOSS_RELIC","is_daily":false,"chose_seed":false,"campfire_upgraded":3,"win_rate":0.0,"timestamp":1608179043,"path_taken":["M","M","$","M","M","R","E","M","T","E","?","M","?","?","R","BOSS","M","?","?","M","$","R","E","R","T","?","$","E","M","$","R","BOSS","M","$","?","?","?","R","?","?","T","R","$","E"],"items_purchased_type":["Card","Relic","Relic","Card","Relic","Potion","Potion"],"build_version":"2020-12-13","purchased_purges":2,"victory":false,"max_hp_per_floor":[66,66,66,66,66,66,66,66,66,66,66,66,66,71,71,71,71,71,71,76,76,90,90,90,90,90,90,90,90,90,90,90,90,90,90,90,90,90,90,90,90,94,94,94,94,94,94],"relic_stats":{"Busted Crown":22,"Singing Bowl":4,"counters":[19,70],"Astrolabe":["Phantasmal Killer","Envenom","Finisher"],"Orichalcum":[78],"Cursed Key":1,"obtain_stats":[{"Singing Bowl":41,"Astrolabe":0,"Mango":22,"Orichalcum":10,"Odd Mushroom":13,"Frozen Egg 2":29,"Ancient Tea Set":24,"Cursed Key":34,"Akabeko":9,"Busted Crown":17,"DollysMirror":31,"Red Mask":37,"Membership Card":22,"Ring of the Snake":0,"Pocketwatch":7},{"Singing Bowl":18,"Astrolabe":0,"Mango":12,"Orichalcum":7,"Odd Mushroom":9,"Frozen Egg 2":14,"Ancient Tea Set":13,"Cursed Key":16,"Akabeko":6,"Busted Crown":10,"DollysMirror":15,"Red Mask":17,"Membership Card":12,"Ring of the Snake":0,"Pocketwatch":5},{"Singing Bowl":68,"Astrolabe":0,"Mango":43,"Orichalcum":23,"Odd Mushroom":30,"Frozen Egg 2":50,"Ancient Tea Set":46,"Cursed Key":61,"Akabeko":20,"Busted Crown":35,"DollysMirror":55,"Red Mask":63,"Membership Card":43,"Ring of the Snake":0,"Pocketwatch":16}],"Pocketwatch":[30]},"card_choices":[{"not_picked":["Prepared","Terror"],"picked":"Choke","floor":1.0},{"not_picked":["Calculated Gamble","Finisher"],"picked":"Flying Knee","floor":2.0},{"not_picked":["Backflip","Underhanded Strike"],"picked":"Blade Dance","floor":4.0},{"not_picked":["Acrobatics","Deadly Poison"],"picked":"Cloak And Dagger","floor":5.0},{"not_picked":["Caltrops","Well Laid Plans"],"picked":"Doppelganger","floor":7.0},{"not_picked":["Prepared","PiercingWail"],"picked":"Cloak And Dagger","floor":8.0},{"not_picked":["Backstab","Finisher"],"picked":"Dash","floor":10.0},{"not_picked":["Prepared","Sucker Punch"],"picked":"Catalyst","floor":12.0},{"not_picked":["A Thousand Cuts","Storm of Steel"],"picked":"Corpse Explosion","floor":16.0},{"not_picked":["Sucker Punch"],"picked":"SKIP","floor":18.0},{"not_picked":["Blade Dance"],"picked":"SKIP","floor":21.0},{"not_picked":[],"picked":"PiercingWail","floor":24.0},{"not_picked":["Blade Dance"],"picked":"SKIP","floor":29.0},{"not_picked":["Sucker Punch"],"picked":"SKIP","floor":30.0},{"not_picked":["Acrobatics"],"picked":"SKIP","floor":35.0},{"not_picked":["Endless Agony"],"picked":"SKIP","floor":39.0},{"not_picked":["PanicButton"],"picked":"Singing Bowl","floor":42.0},{"not_picked":["Magnetism+1"],"picked":"Singing Bowl","floor":42.0},{"not_picked":[],"picked":"Panache+1","floor":42.0}],"player_experience":747051,"relics_obtained":[{"floor":7.0,"key":"Pocketwatch"},{"floor":9.0,"key":"Akabeko"},{"floor":10.0,"key":"Orichalcum"},{"floor":13.0,"key":"Odd Mushroom"},{"floor":24.0,"key":"Ancient Tea Set"},{"floor":29.0,"key":"Frozen Egg 2"},{"floor":41.0,"key":"Singing Bowl"}],"event_choices":[{"damage_healed":0.0,"max_hp_gain":0.0,"max_hp_loss":0.0,"gold_gain":150.0,"event_name":"Liars Game","player_choice":"AGREE","floor":11.0,"gold_loss":0.0,"damage_taken":0.0,"cards_obtained":["Doubt"]},{"damage_healed":0.0,"max_hp_gain":0.0,"max_hp_loss":0.0,"gold_gain":0.0,"event_name":"Mushrooms","player_choice":"Fought Mushrooms","floor":13.0,"gold_loss":0.0,"damage_taken":0.0},{"damage_healed":0.0,"max_hp_gain":5.0,"max_hp_loss":0.0,"gold_gain":0.0,"event_name":"Big Fish","player_choice":"Donut","floor":14.0,"gold_loss":0.0,"damage_taken":0.0},{"damage_healed":0.0,"max_hp_gain":0.0,"max_hp_loss":0.0,"gold_gain":0.0,"event_name":"Back to Basics","player_choice":"Simplicity","floor":19.0,"gold_loss":0.0,"damage_taken":0.0,"cards_upgraded":["Strike_G","Strike_G","Defend_G","Defend_G","Defend_G","Defend_G"]},{"damage_healed":0.0,"max_hp_gain":5.0,"max_hp_loss":0.0,"gold_gain":0.0,"event_name":"Forgotten Altar","player_choice":"Shed Blood","floor":20.0,"gold_loss":0.0,"damage_taken":25.0},{"damage_healed":0.0,"max_hp_gain":0.0,"max_hp_loss":0.0,"gold_gain":0.0,"event_name":"Vampires","player_choice":"Ignored","floor":27.0,"gold_loss":0.0,"damage_taken":0.0},{"damage_healed":0.0,"max_hp_gain":0.0,"max_hp_loss":0.0,"gold_gain":0.0,"event_name":"Tomb of Lord Red Mask","player_choice":"Paid","floor":37.0,"gold_loss":30.0,"damage_taken":0.0,"relics_obtained":["Red Mask"]},{"damage_healed":21.0,"max_hp_gain":0.0,"max_hp_loss":0.0,"gold_gain":0.0,"event_name":"Wheel of Change","player_choice":"Full Heal","floor":38.0,"gold_loss":0.0,"damage_taken":0.0},{"damage_healed":0.0,"max_hp_gain":0.0,"max_hp_loss":0.0,"gold_gain":0.0,"event_name":"SensoryStone","player_choice":"Memory 3","floor":42.0,"gold_loss":0.0,"damage_taken":10.0}],"is_beta":false,"boss_relics":[{"not_picked":["Empty Cage","Calling Bell"],"picked":"Busted Crown"},{"not_picked":["Sozu","Velvet Choker"],"picked":"Cursed Key"}],"items_purged_floors":[3,22],"is_endless":false,"potions_floor_spawned":[4,5,8,12,18,30,39],"killed_by":"Reptomancer","ascension_level":20}}