{"host":"b94931fzay7ri6da","time":1608190555,"event":{"mods":["AchievementEnabler","BaseMod","Colored Map","Colored Powertips","Downfall","Minty Spire (QoL Compilation)","Quick Restart","StSLib","SuperFastMode"],"gold_per_floor":[114,114,127,144,155,155,155,80,161,179,190,190,225,242,242,344,344,357,272,289,51,62,94,56,56,56,56,84,102,102,120,120,120,120],"floor_reached":33,"playtime":1193,"items_purged":["Regret"],"score":303,"play_id":"0826fa1e-be21-4e72-9479-bb9855a1fd33","local_time":"20201217073555","is_ascension_mode":true,"campfire_choices":[{"data":"BattleHymn","floor":6,"key":"SMITH"},{"floor":15,"key":"REST"},{"floor":27,"key":"REST"},{"floor":32,"key":"REST"}],"circlet_count":0,"master_deck":["Strike_P+1","Strike_P","Strike_P","Strike_P+1","Defend_P","Defend_P","Defend_P+1","Defend_P","Eruption","Vigilance","Worship","BattleHymn+1","Evaluate+1","FlyingSleeves","Protect+1","MasterReality","BowlingBash","LessonLearned","Evaluate","ReachHeaven","FlyingSleeves","CutThroughFate","MentalFortress+1","RitualDagger","Alpha","Consecrate+1","FollowUp"],"relics":["PureWater","NeowsBlessing","Damaru","Mango","Bottled Tornado","Mercury Hourglass","Sozu","PreservedInsect","Gremlin Horn","Frozen Egg 2","White Beast Statue","Question Card","Letter Opener"],"acts_visited":["Exordium","TheCity"],"potions_floor_usage":[16,33,33],"damage_taken":[{"damage":0,"enemies":"Small Slimes","floor":1,"turns":1},{"damage":0,"enemies":"2 Louse","floor":3,"turns":1},{"damage":0,"enemies":"Jaw Worm","floor":4,"turns":1},{"damage":4,"enemies":"2 Fungi Beasts","floor":5,"turns":3},{"damage":24,"enemies":"Blue Slaver","floor":10,"turns":2},{"damage":8,"enemies":"3 Louse","floor":11,"turns":3},{"damage":10,"enemies":"3 Sentries","floor":13,"turns":6},{"damage":9,"enemies":"2 Fungi Beasts","floor":14,"turns":3},{"damage":17,"enemies":"Slime Boss","floor":16,"turns":5},{"damage":12,"enemies":"Shell Parasite","floor":18,"turns":5},{"damage":0,"enemies":"Chosen","floor":20,"turns":3},{"damage":13,"enemies":"Sentry and Sphere","floor":22,"turns":5},{"damage":22,"enemies":"Gremlin Leader","floor":23,"turns":5},{"damage":34,"enemies":"Book of Stabbing","floor":28,"turns":5},{"damage":7,"enemies":"Shelled Parasite and Fungi","floor":29,"turns":4},{"damage":11,"enemies":"Snake Plant","floor":31,"turns":3},{"damage":51,"enemies":"Champ","floor":33,"turns":7}],"seed_played":"878344791406406575","potions_obtained":[{"floor":1,"key":"Explosive Potion"},{"floor":4,"key":"LiquidMemories"},{"floor":10,"key":"GamblersBrew"},{"floor":14,"key":"AttackPotion"}],"is_trial":false,"path_per_floor":["M","?","M","M","M","R","?","$","T","M","M","?","E","M","R","B",null,"M","?","M","$","M","E","$","?","T","R","E","M","T","M","R","B"],"character_chosen":"WATCHER","items_purchased":["Gremlin Horn","MentalFortress+1"],"campfire_rested":3,"item_purchase_floors":[21,24],"current_hp_per_floor":[72,69,69,69,65,65,79,79,79,55,47,30,20,11,36,19,86,74,74,74,74,61,39,39,33,33,58,24,17,17,6,31,0,0],"gold":120,"neow_bonus":"THREE_ENEMY_KILL","is_daily":false,"chose_seed":false,"campfire_upgraded":1,"win_rate":0.0,"timestamp":1608190555,"path_taken":["M","?","M","M","M","R","?","$","T","M","M","?","E","M","R","BOSS","M","?","M","$","M","E","$","?","T","R","E","M","?","M","R","BOSS"],"items_purchased_type":["Relic","Card"],"build_version":"2020-12-13","purchased_purges":1,"victory":false,"max_hp_per_floor":[72,72,72,72,72,72,86,86,86,86,86,86,86,86,86,86,86,86,86,86,86,86,86,86,86,86,86,86,86,86,86,86,86,86],"card_choices":[{"not_picked":["TalkToTheHand","Pray"],"picked":"Worship","floor":1},{"not_picked":["BowlingBash","Meditate"],"picked":"BattleHymn","floor":3},{"not_picked":["Nirvana","SashWhip","JustLucky"],"picked":"SKIP","floor":4},{"not_picked":["JustLucky","Protect"],"picked":"Evaluate","floor":5},{"not_picked":["ThirdEye","EmptyBody"],"picked":"FlyingSleeves","floor":10},{"not_picked":["Indignation","EmptyFist"],"picked":"Protect","floor":11},{"not_picked":["ClearTheMind","Evaluate"],"picked":"MasterReality","floor":13},{"not_picked":["Crescendo","EmptyFist"],"picked":"BowlingBash","floor":14},{"not_picked":["Wish","Alpha"],"picked":"LessonLearned","floor":16},{"not_picked":["EmptyFist+1","FlyingSleeves"],"picked":"Evaluate","floor":18},{"not_picked":["SashWhip","Crescendo+1"],"picked":"ReachHeaven","floor":20},{"not_picked":["Wireheading","Indignation"],"picked":"FlyingSleeves","floor":22},{"not_picked":["LikeWater+1","Weave"],"picked":"CutThroughFate","floor":23},{"not_picked":["Swivel","Perseverance"],"picked":"Alpha","floor":28},{"not_picked":["InnerPeace","Adaptation+1","LikeWater+1"],"picked":"Consecrate+1","floor":29},{"not_picked":["ClearTheMind+1","JustLucky","CrushJoints"],"picked":"FollowUp","floor":31}],"player_experience":311859,"relics_obtained":[{"floor":9,"key":"Bottled Tornado"},{"floor":13,"key":"Mercury Hourglass"},{"floor":23,"key":"Frozen Egg 2"},{"floor":26,"key":"White Beast Statue"},{"floor":28,"key":"Question Card"},{"floor":30,"key":"Letter Opener"}],"event_choices":[{"damage_healed":0,"gold_gain":0,"player_choice":"Success","damage_taken":3,"relics_obtained":["Damaru"],"max_hp_gain":0,"max_hp_loss":0,"event_name":"Scrap Ooze","floor":2,"gold_loss":0},{"damage_healed":0,"gold_gain":0,"player_choice":"Box","damage_taken":0,"relics_obtained":["Mango"],"max_hp_gain":0,"max_hp_loss":0,"event_name":"Big Fish","floor":7,"gold_loss":0,"cards_obtained":["Regret"]},{"damage_healed":0,"gold_gain":0,"player_choice":"Entered Light","damage_taken":17,"max_hp_gain":0,"max_hp_loss":0,"event_name":"Shining Light","floor":12,"gold_loss":0,"cards_upgraded":["Protect","Strike_P"]},{"damage_healed":0,"gold_gain":0,"player_choice":"Obtained Relic","damage_taken":0,"relics_obtained":["PreservedInsect"],"max_hp_gain":0,"max_hp_loss":0,"event_name":"Addict","floor":19,"gold_loss":85},{"damage_healed":0,"gold_gain":0,"player_choice":"Joined the Cult","damage_taken":6,"max_hp_gain":0,"max_hp_loss":0,"event_name":"Nest","floor":25,"gold_loss":0,"cards_obtained":["RitualDagger"]}],"is_beta":false,"boss_relics":[{"not_picked":["Tiny House","Velvet Choker"],"picked":"Sozu"}],"items_purged_floors":[8],"is_endless":false,"potions_floor_spawned":[1,4,10,14,18,20,28,29,31],"killed_by":"Champ","ascension_level":1}}