{"host":"p245q48pmopyklqs","time":1608188363,"event":{"mods":["AchievementEnabler","BaseMod","DeckTracker","Minty Spire (QoL Compilation)","Relic Stats","StSLib","SuperFastMode"],"gold_per_floor":[115,134,153,153,173,143,178,195,220,220,253,253,278,296,296,385,385,400,88,138,163,182,182,182,182],"floor_reached":24,"playtime":3330,"items_purged":["All For One"],"score":520,"play_id":"39c53896-c77b-4ff4-a4c8-02ec597a6bbc","local_time":"20201217155923","is_ascension_mode":true,"campfire_choices":[{"data":"Defragment","floor":12,"key":"SMITH"},{"data":"Go for the Eyes","floor":15,"key":"SMITH"},{"floor":23,"key":"REST"}],"circlet_count":0,"master_deck":["AscendersBane","Zap","Dualcast","Ball Lightning","Defragment+1","Self Repair","Ball Lightning","Cold Snap","Go for the Eyes+1","Creative AI","Biased Cognition","Biased Cognition","Steam","Capacitor","Redo","Steam Power","Turbo","Coolheaded+1","Conserve Battery"],"relics":["Cracked Core","InkBottle","Oddly Smooth Stone","Golden Idol","Dream Catcher","Pandora\u0027s Box","TheAbacus"],"acts_visited":["Exordium","TheCity"],"potions_floor_usage":[7,7,11,16,24],"damage_taken":[{"damage":2,"enemies":"Jaw Worm","floor":1,"turns":3},{"damage":0,"enemies":"Cultist","floor":2,"turns":3},{"damage":9,"enemies":"2 Louse","floor":3,"turns":2},{"damage":16,"enemies":"Lots of Slimes","floor":5,"turns":4},{"damage":20,"enemies":"Lagavulin","floor":7,"turns":6},{"damage":13,"enemies":"2 Fungi Beasts","floor":8,"turns":4},{"damage":5,"enemies":"Gremlin Nob","floor":11,"turns":3},{"damage":11,"enemies":"Exordium Wildlife","floor":13,"turns":3},{"damage":9,"enemies":"Red Slaver","floor":14,"turns":3},{"damage":0,"enemies":"Hexaghost","floor":16,"turns":8},{"damage":37,"enemies":"2 Thieves","floor":18,"turns":3},{"damage":12,"enemies":"3 Byrds","floor":21,"turns":4},{"damage":6,"enemies":"Sentry and Sphere","floor":22,"turns":4},{"damage":38,"enemies":"Cultist and Chosen","floor":24,"turns":4}],"seed_played":"-9111068535017267404","potions_obtained":[{"floor":3,"key":"PotionOfCapacity"},{"floor":5,"key":"SkillPotion"},{"floor":6,"key":"Weak Potion"},{"floor":6,"key":"SteroidPotion"},{"floor":7,"key":"CultistPotion"},{"floor":8,"key":"SkillPotion"},{"floor":14,"key":"FocusPotion"}],"is_trial":false,"path_per_floor":["M","M","M","?","M","?","E","M","T","?","E","R","M","M","R","B",null,"M","$","?","M","M","R","M"],"character_chosen":"DEFECT","items_purchased":["TheAbacus","Ancient Potion"],"campfire_rested":1,"item_purchase_floors":[19,19],"current_hp_per_floor":[62,62,53,53,44,44,31,25,25,25,20,20,16,7,7,14,52,22,22,22,17,18,37,0,0],"gold":182,"neow_bonus":"TRANSFORM_CARD","is_daily":false,"chose_seed":false,"campfire_upgraded":2,"win_rate":0.0,"timestamp":1608188363,"path_taken":["M","M","M","?","?","?","E","?","T","?","E","R","M","M","R","BOSS","M","$","?","M","M","R","M"],"items_purchased_type":["Relic","Potion"],"build_version":"2020-12-13","purchased_purges":1,"victory":false,"max_hp_per_floor":[71,71,71,71,71,71,71,71,71,64,64,64,64,64,64,64,64,64,64,64,64,64,64,64,64],"relic_stats":{"Dream Catcher":1,"TheAbacus":[12],"counters":[14,54],"Golden Idol":46,"Pandora\u0027s Box":["Biased Cognition","Biased Cognition","Steam","All For One","Capacitor","Redo","Steam Power"],"obtain_stats":[{"Dream Catcher":11,"TheAbacus":19,"Golden Idol":10,"Oddly Smooth Stone":7,"Pandora\u0027s Box":17,"Cracked Core":0,"InkBottle":4},{"Dream Catcher":7,"TheAbacus":11,"Golden Idol":6,"Oddly Smooth Stone":5,"Pandora\u0027s Box":10,"Cracked Core":0,"InkBottle":3},{"Dream Catcher":25,"TheAbacus":42,"Golden Idol":22,"Oddly Smooth Stone":18,"Pandora\u0027s Box":39,"Cracked Core":0,"InkBottle":8}],"InkBottle":[14]},"card_choices":[{"not_picked":["Redo","Auto Shields","Hello World"],"picked":"SKIP","floor":1},{"not_picked":["Stack","Loop"],"picked":"Defragment","floor":2},{"not_picked":["Sweeping Beam","Hologram"],"picked":"Self Repair","floor":3},{"not_picked":["Rip and Tear","Compile Driver"],"picked":"Ball Lightning","floor":5},{"not_picked":["Hologram","Reinforced Body"],"picked":"Cold Snap","floor":7},{"not_picked":["Coolheaded","Amplify","Consume"],"picked":"SKIP","floor":8},{"not_picked":["Reinforced Body","Scrape","Multi-Cast"],"picked":"SKIP","floor":11},{"not_picked":["Rebound","Cold Snap","Leap"],"picked":"SKIP","floor":13},{"not_picked":["Steam","Ball Lightning"],"picked":"Go for the Eyes","floor":14},{"not_picked":["Meteor Strike","Multi-Cast"],"picked":"Creative AI","floor":16},{"not_picked":["Hologram","Stack"],"picked":"Turbo","floor":18},{"not_picked":["Go for the Eyes","Redo"],"picked":"Coolheaded+1","floor":21},{"not_picked":["Stack","Rebound","Go for the Eyes"],"picked":"SKIP","floor":22},{"not_picked":["Cold Snap","Gash+1"],"picked":"Conserve Battery","floor":23}],"player_experience":2295506,"relics_obtained":[{"floor":7,"key":"Oddly Smooth Stone"},{"floor":11,"key":"Dream Catcher"}],"event_choices":[{"damage_healed":0,"gold_gain":0,"player_choice":"Gave Potion","damage_taken":0,"relics_obtained":["InkBottle"],"max_hp_gain":0,"max_hp_loss":0,"event_name":"WeMeetAgain","floor":4,"gold_loss":0},{"damage_healed":0,"gold_gain":0,"player_choice":"Bought 2 Potions","damage_taken":0,"max_hp_gain":0,"max_hp_loss":0,"event_name":"The Woman in Blue","floor":6,"gold_loss":0},{"damage_healed":0,"gold_gain":0,"player_choice":"Lose Max HP","damage_taken":0,"relics_obtained":["Golden Idol"],"max_hp_gain":0,"max_hp_loss":7,"event_name":"Golden Idol","floor":10,"gold_loss":0},{"damage_healed":0,"gold_gain":50,"player_choice":"Pray","damage_taken":0,"max_hp_gain":0,"max_hp_loss":0,"event_name":"Golden Shrine","floor":20,"gold_loss":0}],"is_beta":false,"boss_relics":[{"not_picked":["Busted Crown","FrozenCore"],"picked":"Pandora\u0027s Box"}],"items_purged_floors":[19],"is_endless":false,"potions_floor_spawned":[3,5,7,8,14,21],"killed_by":"Cultist and Chosen","ascension_level":20}}