{"host":"nn0usk9aafse27ii","time":1608244263,"event":{"mods":["BaseMod","Colored Map","Highlight Path","Minty Spire (QoL Compilation)","Replay The Spire","Shop Mod","StSLib"],"gold_per_floor":[114,114,114,114,35,35,35,50,50,50,50,65,65,80,80],"floor_reached":14,"playtime":664,"items_purged":[],"score":101,"play_id":"44f21633-d0d5-443d-97bd-6a0915d50297","local_time":"20201217143103","daily_mods":["Specialized","Flight","Lethality"],"is_ascension_mode":false,"campfire_choices":[{"data":"Chaos","floor":6.0,"key":"SMITH"},{"data":"Zap","floor":7.0,"key":"SMITH"},{"data":"Storm","floor":11.0,"key":"SMITH"}],"circlet_count":0,"master_deck":["Strike_B","Strike_B","Strike_B","Defend_B","Defend_B","Defend_B","Defend_B","Zap+1","Dualcast","Aggregate","Aggregate","Aggregate","Aggregate","Chaos+1","Regret","Storm+1","White Noise","ReplayTheSpireMod:GoodbyeWorld","Steam"],"relics":["Cracked Core","Omamori","The Courier","Ring of Peace","ReplayTheSpireMod:Ring of Challenge"],"acts_visited":["Exordium"],"potions_floor_usage":[14],"damage_taken":[{"damage":9.0,"enemies":"Cultist","floor":1.0,"turns":3.0},{"damage":0.0,"enemies":"2 Louse","floor":8.0,"turns":2.0},{"damage":15.0,"enemies":"Jaw Worm","floor":12.0,"turns":4.0},{"damage":51,"enemies":"3 Sentries","floor":14,"turns":7}],"seed_played":"-4230686447748436371","potions_obtained":[{"floor":12.0,"key":"FearPotion"}],"is_trial":false,"path_per_floor":["M","$","?","?","$","R","R","M","T","?","R","M","?","E"],"character_chosen":"DEFECT","items_purchased":["Storm"],"campfire_rested":0,"item_purchase_floors":[5],"current_hp_per_floor":[66,66,66,66,66,66,66,66,66,66,66,51,51,0,0],"gold":80,"neow_bonus":"","is_daily":true,"chose_seed":false,"campfire_upgraded":3,"win_rate":0.0,"timestamp":1608244263,"path_taken":["M","$","?","?","?","R","R","M","T","?","R","M","?","E"],"items_purchased_type":["Card"],"build_version":"2020-12-13","purchased_purges":0,"victory":false,"max_hp_per_floor":[75,75,75,75,75,75,75,75,75,75,75,75,75,75,75],"card_choices":[{"not_picked":["BasicCrystalCard","Panic Button"],"picked":"Chaos","floor":1.0},{"not_picked":["Leap","Turbo"],"picked":"White Noise","floor":8.0},{"not_picked":["Beam Cell","Hologram"],"picked":"Steam","floor":12.0}],"player_experience":315536,"relics_obtained":[{"floor":9.0,"key":"The Courier"},{"floor":13.0,"key":"Ring of Peace"},{"floor":13.0,"key":"ReplayTheSpireMod:Ring of Challenge"}],"event_choices":[{"damage_healed":0.0,"max_hp_gain":0.0,"max_hp_loss":0.0,"gold_gain":0.0,"event_name":"Big Fish","player_choice":"Box","floor":4.0,"gold_loss":0.0,"damage_taken":0.0,"relics_obtained":["Omamori"],"cards_obtained":["Regret"]},{"damage_healed":0.0,"max_hp_gain":0.0,"max_hp_loss":0.0,"gold_gain":0.0,"cards_transformed":["Strike_B"],"event_name":"Living Wall","player_choice":"Change","floor":10.0,"gold_loss":0.0,"damage_taken":0.0,"cards_obtained":["ReplayTheSpireMod:GoodbyeWorld"]}],"is_beta":false,"boss_relics":[],"items_purged_floors":[],"is_endless":false,"potions_floor_spawned":[12],"killed_by":"3 Sentries","ascension_level":0}}