{"host":"zaewvcigpm0efuvp","time":1608239570,"event":{"mods":["2.2 Compatiblity","AchievementEnabler","Act Like it!","Aspiration","Astrologer","Bard","BaseMod","Beaked The Cultist","Better Altar","Better Match","Better Note","Better Sensory Stone","Better Skull","Better Third Choice","BetterRewards","CCEM","Chen","Clawfect","Colored Map","Conspire","Decade(???)","Dota2Spire","Downfall","Friendly Minions","GifTheSpireLib","Googly Eyes","GungeonMod","Halation","Hallownest","Hermit","Hero for Fun","Highlight Path","HololiveMod","Hubris","Hunter ??","Infinite Spire","Jedi Mod","Jorbs\u0027s Wanderer Trilogy","Koishi","Luminous","Mad Scientist","Marisa????????","Mimic Mod","Minty Spire (QoL Compilation)","Permanent Neow","Prisma Mod","Reimu??????","Remilia_Scarlet Moed?????·?????3.3.5","Replay The Spire","Robot Space Explorer","Shade Mod","Shop Mod","Spicy Shops","StSLib","Stuff the Spire","Td1madao Mod","The Administrix","The Alterego","The Blackbeard","The Bladedancer","The Bug Knight","The Construct","The Cursed","The Disciple","The Dragon Tamer","The Exalted","The Gatherer","The Hayseed","The Hierophant","The IronCluck","The Jungle","The Mystic","The Necromancer","The Poker Player","The Problem Sleuth","The Runesmith","The Senshi","The Servant 0.9.4","The Spell Scribe","The Vixen","The Wild Card","The Witch","TheArtist","TheBandit","TheSwordswoman","Unceasing Turn Reminder","WarShipGirlsR/????R mod","Yuri Mod","Yuyuko","[IsaacMod]????","everything is the same but u backflip on backflip","slay the spire mod where everything is the same but ironclad has a cowboy hat","???????????mod","??????REMEMod"],"gold_per_floor":[117,117,87,184,4,4,4],"floor_reached":6,"playtime":182,"items_purged":[],"score":57,"play_id":"6ea9585e-a27f-4446-8d78-f8c09cc67ae4","local_time":"20201217221250","is_ascension_mode":false,"campfire_choices":[],"circlet_count":0,"master_deck":["Gash+1","Gash+1","Gash+1","Gash+1","Gash+1","Defend_B","Defend_B","Defend_B","Defend_B","Defend_B","ReplayTheSpireMod:Omega Cannon","BloodyBrimstone","rmod:aggressivemary","Clawfect:Clawrage","ReplayTheSpireMod:IOU"],"relics":["Clawfect:DRClaw","HushsDoor","KeepersGift","REME_ComplimentaryCards","DemoMod:GlassGuonStoneRelic","aspiration:Lifesprig","Replay:Wax Seal","Replay:Bottled Eggs"],"acts_visited":["Exordium"],"potions_floor_usage":[],"damage_taken":[{"damage":11.0,"enemies":"Jaw Worm","floor":1.0,"turns":4.0},{"damage":0,"enemies":"3 Sentries","floor":6,"turns":1}],"seed_played":"989519069461546092","potions_obtained":[{"floor":1.0,"key":"SkillPotion"},{"floor":3.0,"key":"Slimebound:ThreeZeroPotion"},{"floor":3.0,"key":"EssenceOfSteel"}],"is_trial":false,"path_per_floor":["M","?","?","?","$","E"],"character_chosen":"DEFECT","items_purchased":["Replay:Wax Seal","Replay:Bottled Eggs"],"campfire_rested":0,"item_purchase_floors":[5,5],"current_hp_per_floor":[64,49,49,34,34,34,34],"gold":4,"neow_bonus":"ONE_RANDOM_RARE_CARD","is_daily":false,"chose_seed":false,"campfire_upgraded":0,"win_rate":0.0,"timestamp":1608239570,"path_taken":["M","?","?","?","$","E"],"items_purchased_type":["Relic","Relic"],"build_version":"2020-12-13","purchased_purges":0,"victory":false,"max_hp_per_floor":[75,75,75,75,75,75,75],"card_choices":[{"not_picked":[],"picked":"BloodyBrimstone","floor":0.0},{"not_picked":["Bomb","jedi:BurstLightning"],"picked":"Clawfect:Clawrage","floor":1.0}],"player_experience":19674,"relics_obtained":[],"event_choices":[{"damage_healed":0.0,"max_hp_gain":0.0,"max_hp_loss":0.0,"gold_gain":0.0,"event_name":"The Woman in Blue","player_choice":"Bought 2 Potions","floor":3.0,"gold_loss":0.0,"damage_taken":0.0}],"is_beta":false,"boss_relics":[],"items_purged_floors":[],"is_endless":false,"potions_floor_spawned":[1],"killed_by":"3 Sentries","ascension_level":0}}