{"host":"3t6uby4o5waaq95r","time":1608179672,"event":{"mods":["AchievementEnabler","BaseMod","Bestiary","Colored Map","Highlight Path","Minty Spire (QoL Compilation)","Permanent Neow","Quick Restart","Random Character Button","SuperFastMode"],"gold_per_floor":[110,110,121,139,139,139,167,184,184,184,194,194,209,209,209,312,312,336,336,355,270,270,270,288,57,57,57,98,121,46,57,57,57,57],"floor_reached":33,"playtime":970,"items_purged":["Strike_P"],"score":267,"play_id":"19f3dae1-62a1-4ba6-92a0-31088b83f09b","local_time":"20201216223432","is_ascension_mode":false,"campfire_choices":[{"floor":6,"key":"REST"},{"data":"ForeignInfluence","floor":10,"key":"SMITH"},{"floor":12,"key":"REST"},{"data":"Conclude","floor":15,"key":"SMITH"},{"floor":23,"key":"REST"},{"floor":32,"key":"REST"}],"circlet_count":0,"master_deck":["Strike_P","Strike_P+1","Defend_P+1","Defend_P+1","Eruption+1","Vigilance+1","LessonLearned+1","EmptyMind+1","Crescendo+1","Vengeance+1","Decay","EmptyFist","ForeignInfluence+1","EmptyFist","CarveReality+1","EmptyFist+1","Conclude+1","Ragnarok","CurseOfTheBell","TalkToTheHand+1","FearNoEvil+1","Flash of Steel","Brilliance","FearNoEvil+1"],"relics":["Astrolabe","Incense Burner","Gremlin Horn","Frozen Egg 2","Calling Bell","CeramicFish","White Beast Statue","Du-Vu Doll","Mercury Hourglass","Juzu Bracelet","Pear","HornCleat","War Paint"],"acts_visited":["Exordium","TheCity"],"potions_floor_usage":[20,28,31,33],"damage_taken":[{"damage":0,"enemies":"Small Slimes","floor":1,"turns":2},{"damage":8,"enemies":"Cultist","floor":3,"turns":3},{"damage":13,"enemies":"Jaw Worm","floor":4,"turns":3},{"damage":26,"enemies":"Lagavulin","floor":7,"turns":5},{"damage":2,"enemies":"Looter","floor":8,"turns":3},{"damage":10,"enemies":"2 Fungi Beasts","floor":11,"turns":3},{"damage":8,"enemies":"Large Slime","floor":13,"turns":3},{"damage":38,"enemies":"Hexaghost","floor":16,"turns":6},{"damage":30,"enemies":"2 Thieves","floor":18,"turns":3},{"damage":33,"enemies":"3 Byrds","floor":20,"turns":4},{"damage":21,"enemies":"Snake Plant","floor":24,"turns":2},{"damage":2,"enemies":"Book of Stabbing","floor":28,"turns":3},{"damage":12,"enemies":"Centurion and Healer","floor":29,"turns":2},{"damage":0,"enemies":"3 Cultists","floor":31,"turns":2},{"damage":43,"enemies":"Champ","floor":33,"turns":8}],"seed_played":"-4004290874924725355","potions_obtained":[{"floor":1,"key":"Strength Potion"},{"floor":4,"key":"Ambrosia"},{"floor":8,"key":"FearPotion"},{"floor":16,"key":"StancePotion"},{"floor":20,"key":"Energy Potion"},{"floor":28,"key":"Dexterity Potion"},{"floor":29,"key":"BottledMiracle"},{"floor":31,"key":"BottledMiracle"}],"is_trial":false,"path_per_floor":["M","?","M","M","?","R","E","M","T","R","M","R","M","?","R","B",null,"M","?","M","?","$","R","M","$","T","T","E","M","$","M","R","B"],"character_chosen":"WATCHER","items_purchased":["Juzu Bracelet","Flash of Steel"],"campfire_rested":4,"item_purchase_floors":[25,25],"current_hp_per_floor":[72,72,64,51,48,69,43,41,41,41,31,52,44,44,44,6,72,42,42,9,9,9,30,9,9,19,19,17,5,5,5,29,0,0],"gold":57,"neow_bonus":"BOSS_RELIC","is_daily":false,"chose_seed":false,"campfire_upgraded":2,"win_rate":0.0,"timestamp":1608179672,"path_taken":["M","?","M","?","?","R","E","M","T","R","M","R","M","?","R","BOSS","M","?","M","?","?","R","M","$","T","?","E","M","$","M","R","BOSS"],"items_purchased_type":["Relic","Card"],"build_version":"2020-12-13","purchased_purges":1,"victory":false,"max_hp_per_floor":[72,72,72,72,72,72,72,72,72,72,72,72,72,72,72,72,72,72,72,72,72,72,72,72,72,82,82,82,82,82,82,82,82,82],"card_choices":[{"not_picked":["Nirvana","CutThroughFate"],"picked":"Vengeance","floor":1},{"not_picked":["DeceiveReality","Consecrate"],"picked":"EmptyFist","floor":3},{"not_picked":["Prostrate","EmptyMind"],"picked":"ForeignInfluence","floor":4},{"not_picked":["ThirdEye","Omniscience"],"picked":"EmptyFist","floor":7},{"not_picked":["Halt","Worship"],"picked":"CarveReality","floor":8},{"not_picked":["EmptyBody","Crescendo"],"picked":"EmptyFist","floor":11},{"not_picked":["Fasting2+1","Study+1"],"picked":"Conclude","floor":13},{"not_picked":["Establishment+1","Judgement"],"picked":"Ragnarok","floor":16},{"not_picked":["Halt","JustLucky"],"picked":"TalkToTheHand","floor":18},{"not_picked":["WaveOfTheHand","Wireheading+1"],"picked":"FearNoEvil+1","floor":20},{"not_picked":["Protect","CutThroughFate","BowlingBash"],"picked":"SKIP","floor":24},{"not_picked":["Perseverance","ClearTheMind+1"],"picked":"Brilliance","floor":28},{"not_picked":["Fasting2+1","Worship"],"picked":"FearNoEvil+1","floor":29},{"not_picked":["DeceiveReality","CrushJoints","Weave"],"picked":"SKIP","floor":31}],"player_experience":768899,"relics_obtained":[{"floor":7,"key":"Gremlin Horn"},{"floor":9,"key":"Frozen Egg 2"},{"floor":17,"key":"CeramicFish"},{"floor":17,"key":"White Beast Statue"},{"floor":17,"key":"Du-Vu Doll"},{"floor":26,"key":"Pear"},{"floor":27,"key":"HornCleat"},{"floor":28,"key":"War Paint"}],"event_choices":[{"damage_healed":0,"gold_gain":0,"player_choice":"Cursed","damage_taken":0,"max_hp_gain":0,"max_hp_loss":0,"event_name":"Wheel of Change","floor":2,"gold_loss":0,"cards_obtained":["Decay"]},{"damage_healed":0,"gold_gain":0,"player_choice":"Success","damage_taken":3,"relics_obtained":["Incense Burner"],"max_hp_gain":0,"max_hp_loss":0,"event_name":"Scrap Ooze","floor":5,"gold_loss":0},{"damage_healed":0,"gold_gain":0,"player_choice":"Ignored","damage_taken":0,"max_hp_gain":0,"max_hp_loss":0,"event_name":"Liars Game","floor":14,"gold_loss":0},{"damage_healed":0,"gold_gain":0,"player_choice":"Ignored","damage_taken":0,"max_hp_gain":0,"max_hp_loss":0,"event_name":"Vampires","floor":19,"gold_loss":0},{"damage_healed":0,"gold_gain":0,"player_choice":"Obtained Relic","damage_taken":0,"relics_obtained":["Mercury Hourglass"],"max_hp_gain":0,"max_hp_loss":0,"event_name":"Addict","floor":21,"gold_loss":85}],"is_beta":false,"boss_relics":[{"not_picked":["Runic Pyramid","Philosopher\u0027s Stone"],"picked":"Calling Bell"}],"items_purged_floors":[30],"is_endless":false,"potions_floor_spawned":[1,4,8,11,16,18,20,24,28,29,31],"killed_by":"Champ","ascension_level":0}}