{"host":"uxq2rly8rxtwffuf","time":1608191163,"event":{"mods":["BaseMod","Koishi","Minty Spire (QoL Compilation)","StSLib","The Judge","The Servant 0.9.4"],"gold_per_floor":[110,125,0,0,12,12,112,127,206,225,225,239,259,270,270,348,348,363,278,43,57,71,71,71],"floor_reached":23,"playtime":1033,"items_purged":["Strike_S"],"score":365,"play_id":"214204f5-ddf5-418f-b323-9b7587902d69","local_time":"20201217104603","is_ascension_mode":true,"campfire_choices":[{"floor":6,"key":"REST"},{"floor":11,"key":"REST"},{"floor":15,"key":"RECALL"}],"circlet_count":0,"master_deck":["AscendersBane","Strike_S","Strike_S","Strike_S","Defend_S","Defend_S","Defend_S","Defend_S","KidneyShot","Exchange","BottledTime","DoubleEdge","Dilation","BottledTime","BottledTime","Potential","Barrier","Spin","MurderousAura","Hightail","LightFlow","BestPractice","TimeWarp","Moondial","Advance"],"relics":["Uniform","Bag of Marbles","Boot","Gremlin Horn","Philosopher\u0027s Stone","KneeBrace","Membership Card"],"acts_visited":["Exordium","TheCity"],"potions_floor_usage":[16,18,23],"damage_taken":[{"damage":10,"enemies":"Jaw Worm","floor":1,"turns":5},{"damage":0,"enemies":"Small Slimes","floor":2,"turns":2},{"damage":0,"enemies":"Cultist","floor":5,"turns":2},{"damage":12,"enemies":"Red Slaver","floor":8,"turns":4},{"damage":6,"enemies":"Blue Slaver","floor":10,"turns":2},{"damage":0,"enemies":"Looter","floor":12,"turns":2},{"damage":0,"enemies":"3 Louse","floor":13,"turns":1},{"damage":0,"enemies":"2 Fungi Beasts","floor":14,"turns":2},{"damage":8,"enemies":"Hexaghost","floor":16,"turns":10},{"damage":2,"enemies":"Spheric Guardian","floor":18,"turns":4},{"damage":17,"enemies":"3 Byrds","floor":21,"turns":4},{"damage":18,"enemies":"Centurion and Healer","floor":22,"turns":5},{"damage":24,"enemies":"Slavers","floor":23,"turns":1}],"seed_played":"3049050476011015905","potions_obtained":[{"floor":5,"key":"Ancient Potion"},{"floor":8,"key":"ColorlessPotion"},{"floor":10,"key":"BlessingOfTheForge"},{"floor":16,"key":"Fire Potion"},{"floor":21,"key":"CultistPotion"}],"is_trial":false,"path_per_floor":["M","M","$","?","M","R","?","M","T","M","R","M","M","M","R","B",null,"M","?","$","M","M","E"],"character_chosen":"THE_SERVANT","items_purchased":["Dilation","BottledTime","Membership Card","TimeWarp"],"campfire_rested":2,"item_purchase_floors":[3,3,20,20],"current_hp_per_floor":[44,44,44,26,26,44,44,32,32,26,44,44,44,44,44,36,54,52,52,52,35,17,0,0],"gold":71,"neow_bonus":"RANDOM_COMMON_RELIC","is_daily":false,"chose_seed":false,"campfire_upgraded":0,"win_rate":0.0,"timestamp":1608191163,"path_taken":["M","M","$","?","M","R","?","?","T","M","R","M","M","M","R","BOSS","M","?","$","M","M","E"],"items_purchased_type":["Card","Card","Relic","Card"],"build_version":"2020-12-13","purchased_purges":1,"victory":false,"max_hp_per_floor":[60,60,60,60,60,60,60,60,60,60,60,60,60,60,60,60,60,60,60,60,60,60,60,60],"card_choices":[{"not_picked":["DoubleEdge","Defy"],"picked":"BottledTime","floor":1},{"not_picked":["Replace","Hightail"],"picked":"DoubleEdge","floor":2},{"not_picked":["Sabotage","WasteNot"],"picked":"BottledTime","floor":5},{"not_picked":["Rearm","Defy"],"picked":"Potential","floor":8},{"not_picked":["Read","DoubleEdge"],"picked":"Barrier","floor":10},{"not_picked":["Unruled","StarChef"],"picked":"Spin","floor":12},{"not_picked":["Advance","Potential"],"picked":"MurderousAura","floor":13},{"not_picked":["Collapse","Revamp"],"picked":"Hightail","floor":14},{"not_picked":["Sunlight","Deny"],"picked":"LightFlow","floor":16},{"not_picked":["Revamp","Ricochet"],"picked":"BestPractice","floor":18},{"not_picked":["Spin","Gouge"],"picked":"Moondial","floor":21},{"not_picked":["Barrier","Alleviate"],"picked":"Advance","floor":22}],"player_experience":1342218,"relics_obtained":[{"floor":9,"key":"Gremlin Horn"}],"event_choices":[{"damage_healed":0,"gold_gain":0,"player_choice":"Success","damage_taken":18,"relics_obtained":["Boot"],"max_hp_gain":0,"max_hp_loss":0,"event_name":"Scrap Ooze","floor":4,"gold_loss":0},{"damage_healed":0,"gold_gain":100,"player_choice":"Gold","damage_taken":0,"max_hp_gain":0,"max_hp_loss":0,"event_name":"Wheel of Change","floor":7,"gold_loss":0},{"damage_healed":0,"gold_gain":0,"player_choice":"Obtained Relic","damage_taken":0,"relics_obtained":["KneeBrace"],"max_hp_gain":0,"max_hp_loss":0,"event_name":"Addict","floor":19,"gold_loss":85}],"is_beta":false,"boss_relics":[{"not_picked":["Velvet Choker","Runic Pyramid"],"picked":"Philosopher\u0027s Stone"}],"items_purged_floors":[20],"is_endless":false,"potions_floor_spawned":[5,8,10,14,16,21],"killed_by":"Slavers","ascension_level":19}}