{"host":"x1qj4d8ympd5jdqh","time":1608207082,"event":{"mods":["AchievementEnabler","AlwaysNeverKeys","BaseMod","Colored Map","Custom Start","DeckTracker","Highlight Path","Minty Spire (QoL Compilation)","StSLib","SuperFastMode"],"gold_per_floor":[114,114,114,33,33,59,71,109,121,143,180,203,230,254,266,353,365,389,401,423,435,435],"floor_reached":21,"playtime":525,"items_purged":[],"score":473,"play_id":"c8e734ce-880e-4d4b-ac95-efd8a0863e60","local_time":"20201217211122","is_ascension_mode":true,"campfire_choices":[{"floor":15.0,"key":"REST"}],"circlet_count":0,"master_deck":["AscendersBane","Strike_B+1","Strike_B","Strike_B","Defend_B","Defend_B","Defend_B","Defend_B","Zap+1","Dualcast","Capacitor","Sunder","Core Surge","Parasite","Doom and Gloom","Beam Cell","Redo","Compile Driver","Stack","Rainbow","Go for the Eyes","Stack"],"relics":["Cracked Core","NeowsBlessing","Ginger","MawBank","Singing Bowl","Dead Branch","Turnip","SlaversCollar"],"acts_visited":["Exordium","TheCity"],"potions_floor_usage":[],"damage_taken":[{"damage":0.0,"enemies":"Small Slimes","floor":1.0,"turns":1.0},{"damage":0.0,"enemies":"3 Sentries","floor":6.0,"turns":1.0},{"damage":0.0,"enemies":"Gremlin Nob","floor":8.0,"turns":1.0},{"damage":4.0,"enemies":"Jaw Worm","floor":10.0,"turns":3.0},{"damage":25.0,"enemies":"3 Sentries","floor":11.0,"turns":5.0},{"damage":1.0,"enemies":"2 Louse","floor":12.0,"turns":2.0},{"damage":1.0,"enemies":"Exordium Thugs","floor":13.0,"turns":3.0},{"damage":11.0,"enemies":"Exordium Wildlife","floor":14.0,"turns":2.0},{"damage":19.0,"enemies":"The Guardian","floor":16.0,"turns":11.0},{"damage":5.0,"enemies":"Spheric Guardian","floor":18.0,"turns":5.0},{"damage":28,"enemies":"Chosen","floor":20,"turns":6},{"damage":13,"enemies":"3 Cultists","floor":21,"turns":3}],"seed_played":"-4264556209270695509","potions_obtained":[{"floor":1.0,"key":"AttackPotion"},{"floor":11.0,"key":"Swift Potion"},{"floor":12.0,"key":"Weak Potion"},{"floor":14.0,"key":"FocusPotion"},{"floor":16.0,"key":"Block Potion"},{"floor":20,"key":"SpeedPotion"}],"is_trial":false,"path_per_floor":["M","?","?","$","?","E","?","E","T","M","E","M","M","M","R","B",null,"M","?","M","M"],"character_chosen":"DEFECT","items_purchased":["Sunder"],"campfire_rested":1,"item_purchase_floors":[4],"current_hp_per_floor":[64,69,58,58,35,35,54,54,54,50,25,26,25,14,37,18,63,58,58,30,17,17],"gold":435,"neow_bonus":"THREE_ENEMY_KILL","is_daily":false,"chose_seed":false,"campfire_upgraded":0,"win_rate":0.0,"timestamp":1608207082,"path_taken":["M","?","?","$","?","E","?","E","T","M","E","M","M","M","R","BOSS","M","?","M","M"],"items_purchased_type":["Card"],"build_version":"2020-12-13","purchased_purges":0,"victory":false,"max_hp_per_floor":[71,76,76,76,76,76,76,76,76,76,76,78,78,78,78,78,78,78,78,78,78,78],"card_choices":[{"not_picked":["Turbo","Sweeping Beam"],"picked":"Capacitor","floor":1.0},{"not_picked":["Barrage","Blizzard"],"picked":"Core Surge","floor":6.0},{"not_picked":["Reinforced Body","Compile Driver"],"picked":"Doom and Gloom","floor":8.0},{"not_picked":["Leap","Streamline"],"picked":"Beam Cell","floor":10.0},{"not_picked":["Sweeping Beam","Conserve Battery"],"picked":"Redo","floor":11.0},{"not_picked":["Cold Snap","Beam Cell","Rebound"],"picked":"Singing Bowl","floor":12.0},{"not_picked":["Beam Cell","Static Discharge"],"picked":"Compile Driver","floor":13.0},{"not_picked":["Thunder Strike","Leap"],"picked":"Stack","floor":14.0},{"not_picked":["Machine Learning","Fission"],"picked":"Rainbow","floor":16.0},{"not_picked":["Lockon","Melter"],"picked":"Go for the Eyes","floor":18.0},{"not_picked":["Turbo","Chill+1"],"picked":"Stack","floor":20}],"player_experience":1231163,"relics_obtained":[{"floor":6.0,"key":"MawBank"},{"floor":8.0,"key":"Singing Bowl"},{"floor":9.0,"key":"Dead Branch"},{"floor":11.0,"key":"Turnip"}],"event_choices":[{"damage_healed":0.0,"max_hp_gain":5.0,"max_hp_loss":0.0,"gold_gain":0.0,"event_name":"Big Fish","player_choice":"Donut","floor":2.0,"gold_loss":0.0,"damage_taken":0.0},{"damage_healed":0.0,"max_hp_gain":0.0,"max_hp_loss":0.0,"gold_gain":0.0,"event_name":"Scrap Ooze","player_choice":"Success","floor":3.0,"gold_loss":0.0,"damage_taken":11.0,"relics_obtained":["Ginger"]},{"damage_healed":0.0,"max_hp_gain":0.0,"max_hp_loss":0.0,"gold_gain":0.0,"event_name":"Shining Light","player_choice":"Entered Light","floor":5.0,"gold_loss":0.0,"damage_taken":23.0,"cards_upgraded":["Zap","Strike_B"]},{"damage_healed":19.0,"max_hp_gain":0.0,"max_hp_loss":0.0,"gold_gain":0.0,"event_name":"Mushrooms","player_choice":"Healed and dodged fight","floor":7.0,"gold_loss":0.0,"damage_taken":0.0,"cards_obtained":["Parasite"]},{"cards_removed":["Strike_B"],"damage_healed":0,"gold_gain":0,"player_choice":"Purged","damage_taken":0,"max_hp_gain":0,"max_hp_loss":0,"event_name":"Purifier","floor":19,"gold_loss":0}],"is_beta":false,"boss_relics":[{"not_picked":["Inserter","Empty Cage"],"picked":"SlaversCollar"}],"items_purged_floors":[],"is_endless":false,"potions_floor_spawned":[1,11,12,14,16,20],"killed_by":"3 Cultists","ascension_level":18}}