{"host":"jgyoyy5iuhtvyvtg","time":1608196993,"event":{"mods":["2.2 Compatiblity","BaseMod","Challenge The Spire","Colored Map","Conspire","Downfall","Hermit","Highlight Path","Infinite Spire","Lobotomy","LobotomyExtend","Minty Spire (QoL Compilation)","Quick Restart","Replay The Spire","Spikes Relics","StSLib","The Construct","The Disciple","The Jungle","Yuri Mod"],"gold_per_floor":[272,11,29,29,45,45,74,74,74,100,120,131,131,151,151,249,249,249,369,369,369,369,369,389,409,457,467,467,50,147,157,157,257,257,277,277,277],"floor_reached":36,"playtime":1714,"items_purged":["champ:Strike","champ:Strike"],"score":470,"play_id":"641b5f33-5e23-4184-85f7-eaea768a1212","local_time":"20201217012313","is_ascension_mode":false,"campfire_choices":[{"data":"champ:IronFortress","floor":6.0,"key":"SMITH"},{"data":"champ:Taunt","floor":8.0,"key":"SMITH"},{"floor":13.0,"key":"REST"},{"data":"champ:StanceDance","floor":15.0,"key":"SMITH"},{"data":"infinitespire:SevenWalls","floor":23,"key":"SMITH"},{"data":"champ:ArenaPreparation","floor":28,"key":"SMITH"},{"data":"champ:EnragedBash","floor":32,"key":"SMITH"}],"circlet_count":0,"master_deck":["champ:Defend","champ:Execute","champ:Taunt+1","champ:Aggression","champ:BerserkerStyle","champ:SteelEdge","champ:StanceDance+1","HereticApostle","champ:IronFortress+1","UniverseFragment","champ:ArenaPreparation+1","champ:EnragedBash+1","champ:EnchantCrown","champ:TornadoPunch","champ:BringItOn","champ:EnchantSword","champ:EnchantShield","infinitespire:SevenWalls+1","OSAHOGD","champ:Circumvent","champ:BerserkerStyle","ReplayTheSpireMod:Splinters","WhiteNight","champ:StrikeOfGenius","Languid","Pain","champ:DefensiveStyle"],"relics":["champ:ChampionCrown","CogitoBucket","RabbitCall","LetterFromLob","construct:BoolHorns","Du-Vu Doll","Kunai","InkBottle","HellTrain","Odd Mushroom","Replay:Grab Bag","infinitespire:Cupcake","Busted Crown","construct:ClawGrip","champ:ChampionCrownUpgraded","BranchBurnRelic","Dream Catcher","Darkstone Periapt","Anchor","Kintsugi"],"acts_visited":["Exordium","Exordium","TheBeyond"],"potions_floor_usage":[],"damage_taken":[{"damage":5.0,"enemies":"2 Louse","floor":1.0,"turns":4.0},{"damage":5.0,"enemies":"Small Slimes","floor":3.0,"turns":2.0},{"damage":11.0,"enemies":"Jaw Worm","floor":5.0,"turns":5.0},{"damage":43.0,"enemies":"3 Sentries","floor":7.0,"turns":5.0},{"damage":19.0,"enemies":"Lagavulin","floor":10.0,"turns":6.0},{"damage":40.0,"enemies":"Exordium Wildlife","floor":11.0,"turns":5.0},{"damage":13.0,"enemies":"Looter","floor":12.0,"turns":3.0},{"damage":13.0,"enemies":"The Mushroom Lair","floor":14.0,"turns":4.0},{"damage":60.0,"enemies":"Slime Boss","floor":16.0,"turns":6.0},{"damage":0,"enemies":"Shell Parasite","floor":24,"turns":1},{"damage":23,"enemies":"theJungle:MUSHROOMGANG","floor":25,"turns":5},{"damage":30,"enemies":"theJungle:2_Flameangoes","floor":27,"turns":4},{"damage":22,"enemies":"theJungle:Lyon","floor":31,"turns":2},{"damage":32,"enemies":"theJungle:QueenSpyder","floor":33,"turns":5},{"damage":39,"enemies":"3 Darklings","floor":35,"turns":5},{"damage":159,"enemies":"3 Shapes","floor":36,"turns":5}],"seed_played":"-8489343400587927203","potions_obtained":[{"floor":5.0,"key":"Adrenaline Potion"},{"floor":7.0,"key":"AttackPotion"},{"floor":10.0,"key":"Milkshake"},{"floor":11.0,"key":"LiquidBronze"},{"floor":12.0,"key":"Adrenaline Potion"},{"floor":16.0,"key":"Reflective Coating"}],"is_trial":false,"path_per_floor":["M","$","M","?","M","R","E","R","T","E","M","M","R","?","R","B",null,"M","?","AVR","?","?","R","M","M","T","M","R","$","?","M","R","B",null,"M","M"],"character_chosen":"THE_CHAMP","items_purchased":["champ:BerserkerStyle","champ:SteelEdge","champ:StanceDance","champ:BladeFlurry","champ:Circumvent","champ:BerserkerStyle","Darkstone Periapt"],"campfire_rested":1,"item_purchase_floors":[2,2,2,2,29,29,29],"current_hp_per_floor":[90,90,90,78,75,75,62,62,62,57,34,34,61,61,61,50,90,90,77,77,77,77,77,77,81,81,76,76,76,82,85,85,96,96,96,0,0],"gold":277,"neow_bonus":"","is_daily":false,"chose_seed":false,"campfire_upgraded":6,"win_rate":0.0,"timestamp":1608196993,"path_taken":["M","$","M","?","M","R","E","R","T","E","M","M","R","?","R","BOSS","M","?","AVR","?","?","R","M","?","T","M","R","?","?","M","R","BOSS","M","M"],"items_purchased_type":["Card","Card","Card","Card","Card","Card","Relic"],"build_version":"2020-12-13","purchased_purges":2,"victory":false,"max_hp_per_floor":[90,90,90,90,90,90,90,90,90,90,90,90,90,90,90,90,90,90,90,90,90,90,90,90,90,90,90,90,90,96,96,96,96,108,108,108,108],"card_choices":[{"not_picked":["ShyLook","SpiderBud","VoidDream"],"picked":"Singing Bowl","floor":1.0},{"not_picked":["champ:Shatter","champ:DefensiveShout"],"picked":"champ:Aggression","floor":1.0},{"not_picked":["Bloodbath","CherryBlossoms","OSAHOGD"],"picked":"Singing Bowl","floor":3.0},{"not_picked":["champ:FocusedDefense","champ:Encircle"],"picked":"champ:IronFortress","floor":3.0},{"not_picked":["LittleHelper","WallGazer","OldLady"],"picked":"Singing Bowl","floor":5.0},{"not_picked":["FairyFestival","Porccubus"],"picked":"UniverseFragment","floor":5.0},{"not_picked":["champ:BladeFlurry","champ:FocusedGladiator"],"picked":"champ:ArenaPreparation","floor":5.0},{"not_picked":["Wellcheers","LongBird","CrumblingArmor"],"picked":"Singing Bowl","floor":7.0},{"not_picked":["champ:FalseCounter","champ:Aggression"],"picked":"champ:EnragedBash","floor":7.0},{"not_picked":["WhitesApple","WallGazer","Laetitia"],"picked":"Singing Bowl","floor":10.0},{"not_picked":["champ:HeartStrike","champ:PerfectedStrike"],"picked":"champ:EnchantCrown","floor":10.0},{"not_picked":["Wellcheers","Bloodbath","VoidDream"],"picked":"Singing Bowl","floor":11.0},{"not_picked":["champ:FanOfKnives","champ:FocusedDefense"],"picked":"champ:TornadoPunch","floor":11.0},{"not_picked":["CrumblingArmor","Wellcheers","BeautyBeast"],"picked":"Singing Bowl","floor":12.0},{"not_picked":["champ:TornadoPunch","champ:DefensiveShout"],"picked":"champ:BringItOn","floor":12.0},{"not_picked":["LongBird","Alriune","VoidDream"],"picked":"Singing Bowl","floor":14.0},{"not_picked":["champ:AdrenalArmor","champ:Haymaker"],"picked":"champ:EnchantSword","floor":14.0},{"not_picked":["LittlePrince","MHz","MeatLantern"],"picked":"Singing Bowl","floor":16.0},{"not_picked":["champ:ShieldSlam","champ:HeavySlash"],"picked":"champ:EnchantShield","floor":16.0},{"not_picked":["MeatLantern","ShyLook","FairyFestival"],"picked":"Singing Bowl","floor":24},{"not_picked":["champ:FocusedGladiator"],"picked":"SKIP","floor":24},{"not_picked":["SnowQueen","BlackSwan"],"picked":"OSAHOGD","floor":25},{"not_picked":["champ:StanceDance"],"picked":"SKIP","floor":25},{"not_picked":["Scorched","MeatLantern","FairyFestival"],"picked":"Singing Bowl","floor":27},{"not_picked":[],"picked":"champ:FalseCounter+1","floor":27},{"not_picked":["LittleHelper","Wellcheers"],"picked":"WhiteNight","floor":31},{"not_picked":["champ:ArenaPreparation"],"picked":"SKIP","floor":31},{"not_picked":["MeatLantern","HappyTeddy","SnowQueen"],"picked":"Singing Bowl","floor":33},{"not_picked":[],"picked":"champ:StrikeOfGenius","floor":33},{"not_picked":["SpiderBud","HeroicMonk","Woodsman"],"picked":"Singing Bowl","floor":35},{"not_picked":[],"picked":"champ:DefensiveStyle","floor":35}],"player_experience":3141823,"relics_obtained":[{"floor":1.0,"key":"LetterFromLob"},{"floor":7.0,"key":"Du-Vu Doll"},{"floor":9.0,"key":"Kunai"},{"floor":10.0,"key":"InkBottle"},{"floor":14.0,"key":"Odd Mushroom"},{"floor":26,"key":"Dream Catcher"},{"floor":30,"key":"Anchor"}],"event_choices":[{"damage_healed":0.0,"max_hp_gain":0.0,"max_hp_loss":0.0,"gold_gain":0.0,"event_name":"Scrap Ooze","player_choice":"Success","floor":4.0,"gold_loss":0.0,"damage_taken":12.0,"relics_obtained":["construct:BoolHorns"]},{"damage_healed":0.0,"max_hp_gain":0.0,"max_hp_loss":0.0,"gold_gain":0.0,"event_name":"Mushrooms","player_choice":"Fought Mushrooms","floor":14.0,"gold_loss":0.0,"damage_taken":0.0}],"is_beta":false,"boss_relics":[{"not_picked":["Velvet Choker","Ectoplasm"],"picked":"Replay:Grab Bag"},{"not_picked":["Philosopher\u0027s Stone","Cursed Key"],"picked":"infinitespire:Cupcake"},{"not_picked":["ReplayTheSpireMod:DimensionalGlitch","Painkiller Herb"],"picked":"Busted Crown"},{"not_picked":["Replay:Drink Me","Pandora\u0027s Box"],"picked":"construct:ClawGrip"},{"not_picked":["Snecko Heart","expansioncontent:StudyCardRelic"],"picked":"champ:ChampionCrownUpgraded"},{"not_picked":["Runic Pyramid","Honey Jar"],"picked":"Kintsugi"}],"items_purged_floors":[20,29],"is_endless":false,"potions_floor_spawned":[5,7,10,11,12,16,25],"killed_by":"3 Shapes","ascension_level":0}}