{"host":"rcanb95qz4o6v6pp","time":1608221597,"event":{"mods":["AchievementEnabler","BaseMod","Better Third Choice","Colored Map","Downfall","Minty Spire (QoL Compilation)","Replay The Spire","Spicy Shops","StSLib"],"gold_per_floor":[99,137,152,152,167,167,167,182,182,220,65,90,105,280,295,403,403,253,96,96,134,14,29,79,109,124,49,49,64,79,102,117,225,225,284,307,307,48,48,78,78,101,124,162,187,202,217,67,90,90,90,90,90],"floor_reached":52,"playtime":35677,"items_purged":["Looming Evil"],"score":1039,"play_id":"1a539e63-f3e1-4fb5-a145-c84010a2de38","local_time":"20201217111317","daily_mods":["SealedDeck","Diverse","Lethality"],"is_ascension_mode":false,"campfire_choices":[{"data":"Blade Dance","floor":1,"key":"SMITH"},{"floor":9,"key":"RECALL"},{"data":"sneckomod:WideSting","floor":18,"key":"SMITH"},{"floor":27,"key":"REST"},{"data":"Guardian:FloatingOrbs","floor":39,"key":"SMITH"}],"circlet_count":0,"master_deck":["Quick Slash","hexamod:SecondSeal","hexamod:InspiringFlames","hexamod:SpectersWail","sneckomod:UnknownClassGREEN+1","sneckomod:IronFang","hexamod:Hexaguard","Iron Wave+1","Blade Dance+1","Gash+1","sneckomod:WideSting+1","sneckomod:IronFang","Guardian:EvasiveProtocol","BootSequence+1","Rage","Replay:Hum","Dagger Spray+1","Adrenaline","sneckomod:ImprovisedGuard+1","Crippling Poison+1","Thunderclap","JustLucky+1","Sweeping Beam+1","Guardian:FloatingOrbs+1","Guardian:ExploitGems","Seeing Red+1","Barricade","Regret"],"relics":["hexamod:SpiritBrand","Omamori","Lantern","White Beast Statue","Sundial","Cursed Key","downfall:HeartBlessingBlue","downfall:HeartBlessingRed","Lee\u0027s Waffle","Tiny Chest","Ice Cream","War Paint","Guardian:PocketSentry","Replay:Wax Seal","downfall:HeartBlessingGreen","ChewingGum","Oddly Smooth Stone","Mercury Hourglass","Molten Egg 2","Ancient Tea Set","Vajra","Whetstone"],"acts_visited":["Exordium","TheCity","TheBeyond","TheEnding"],"potions_floor_usage":[11,16,22,23,26,33,40,50,50,50,50,50,52],"damage_taken":[{"damage":0,"enemies":"3 Sentries","floor":2,"turns":3},{"damage":0,"enemies":"Cultist","floor":3,"turns":2},{"damage":0,"enemies":"2 Louse","floor":5,"turns":1},{"damage":0,"enemies":"Jaw Worm","floor":8,"turns":1},{"damage":22,"enemies":"Replay:BlueRogue","floor":10,"turns":3},{"damage":19,"enemies":"downfall:FleeingMerchant","floor":11,"turns":4},{"damage":9,"enemies":"2 Fungi Beasts","floor":13,"turns":3},{"damage":0,"enemies":"3 Louse","floor":15,"turns":1},{"damage":0,"enemies":"Fading Forest","floor":16,"turns":11},{"damage":31,"enemies":"downfall:FleeingMerchant","floor":19,"turns":4},{"damage":12,"enemies":"Slavers","floor":21,"turns":2},{"damage":0,"enemies":"downfall:FleeingMerchant","floor":22,"turns":1},{"damage":2,"enemies":"3 Byrds","floor":23,"turns":2},{"damage":0,"enemies":"Book of Stabbing","floor":25,"turns":2},{"damage":0,"enemies":"Chosen","floor":26,"turns":3},{"damage":0,"enemies":"Centurion and Healer","floor":29,"turns":2},{"damage":0,"enemies":"Sentry and Sphere","floor":30,"turns":3},{"damage":0,"enemies":"Snake Plant","floor":31,"turns":2},{"damage":0,"enemies":"Centurion and Healer","floor":32,"turns":3},{"damage":0,"enemies":"downfall:Watcher","floor":33,"turns":4},{"damage":0,"enemies":"3 Shapes","floor":36,"turns":3},{"damage":0,"enemies":"Reptomancer","floor":40,"turns":3},{"damage":0,"enemies":"3 Darklings","floor":42,"turns":3},{"damage":0,"enemies":"Maw","floor":43,"turns":5},{"damage":8,"enemies":"R_Hoarder","floor":44,"turns":4},{"damage":14,"enemies":"Writhing Mass","floor":46,"turns":3},{"damage":24,"enemies":"Spire Growth","floor":47,"turns":3},{"damage":3,"enemies":"Maw","floor":49,"turns":5},{"damage":22,"enemies":"downfall:Silent","floor":50,"turns":5},{"damage":134,"enemies":"downfall:CharBossMerchant","floor":52,"turns":7}],"seed_played":"-4230686447748436371","potions_obtained":[{"floor":5,"key":"FearPotion"},{"floor":8,"key":"LiquidBronze"},{"floor":10,"key":"Swift Potion"},{"floor":11,"key":"EssenceOfSteel"},{"floor":13,"key":"CultistPotion"},{"floor":16,"key":"SpeedPotion"},{"floor":22,"key":"EntropicBrew"},{"floor":23,"key":"GamblersBrew"},{"floor":26,"key":"Fruit Juice"},{"floor":29,"key":"BlessingOfTheForge"},{"floor":33,"key":"Block Potion"},{"floor":40,"key":"Strength Potion"}],"is_trial":false,"path_per_floor":["R","E","M","?","M","?","T","M","R","E","$","T","M","?","M","B",null,"R","$","?","E","$","M","T","E","M","R","?","M","M","M","M","B",null,"R_BF","M","?","$","R","E","T","M","M","E","T","M","M","$","M","B",null,"E"],"character_chosen":"THE_SPIRIT","items_purchased":["Replay:Hum","Lee\u0027s Waffle","Ice Cream","War Paint","Oddly Smooth Stone","Guardian:FloatingOrbs","Whetstone"],"campfire_rested":1,"item_purchase_floors":[11,19,22,22,38,38,48],"current_hp_per_floor":[70,70,70,67,67,67,67,67,67,45,26,26,17,17,17,27,70,80,87,87,75,75,73,73,73,78,92,84,84,84,84,84,84,92,92,92,92,92,92,92,92,92,92,84,84,70,46,46,43,21,92,0,0],"gold":90,"neow_bonus":"","is_daily":true,"chose_seed":false,"campfire_upgraded":3,"win_rate":0.0,"timestamp":1608221597,"path_taken":["R","E","M","?","M","?","T","M","R","E","$","?","M","?","M","BOSS","R","$","?","E","$","M","T","E","M","R","?","M","M","?","M","BOSS","R_BF","M","?","$","R","E","T","M","M","E","?","M","M","$","M","BOSS","E"],"items_purchased_type":["Card","Relic","Relic","Relic","Relic","Card","Relic"],"build_version":"2020-12-13","purchased_purges":1,"victory":false,"max_hp_per_floor":[70,70,70,70,70,70,70,70,70,70,70,70,70,70,70,70,70,80,87,87,87,87,87,87,87,92,92,92,92,92,92,92,92,92,92,92,92,92,92,92,92,92,92,92,92,92,92,92,92,92,92,92,92],"card_choices":[{"not_picked":["Compile Driver","hexamod:FlamesFromBeyond"],"picked":"sneckomod:WideSting","floor":2},{"not_picked":["ReplaySolidLightProjector","Slimebound:Schlurp"],"picked":"sneckomod:IronFang","floor":3},{"not_picked":["sneckomod:SoulDraw","champ:FocusedDefense"],"picked":"Guardian:EvasiveProtocol","floor":5},{"not_picked":["Dash","hexamod:SpectersWail"],"picked":"BootSequence","floor":8},{"not_picked":["True Grit","Power Through"],"picked":"Rage","floor":10},{"not_picked":["Crescendo","Replay:AllIn","LikeWater"],"picked":"SKIP","floor":11},{"not_picked":["Force Field","Guardian:Emergency"],"picked":"Dagger Spray","floor":13},{"not_picked":["Coolheaded","EmptyFist","champ:Backstep"],"picked":"SKIP","floor":15},{"not_picked":["Heavy Blade","hexamod:UnleashSpirits","champ:RageSigil"],"picked":"SKIP","floor":19},{"not_picked":["Slimebound:SpikyOuterGoop+1","Replay:DivineShield","Guardian:Suspension"],"picked":"SKIP","floor":21},{"not_picked":["ReplayTheSpireMod:Tripwire+1","champ:LastStand"],"picked":"Adrenaline","floor":22},{"not_picked":["Slimebound:SlimeBarrage","champ:PerfectedStrike"],"picked":"sneckomod:ImprovisedGuard+1","floor":23},{"not_picked":["Streamline","Fasting2"],"picked":"Crippling Poison+1","floor":25},{"not_picked":["hexamod:BacktrackSmack","champ:Balance+1","Dagger Spray"],"picked":"SKIP","floor":26},{"not_picked":["champ:FlashCut","Guardian:Suspension"],"picked":"Thunderclap","floor":29},{"not_picked":["champ:BladeFlurry","Slimebound:GrowthPunch","Prepared+1"],"picked":"SKIP","floor":30},{"not_picked":["EmptyFist","Compile Driver"],"picked":"JustLucky+1","floor":31},{"not_picked":["Guardian:VentSteam+1","champ:BerserkersShout","Crescendo"],"picked":"SKIP","floor":32},{"not_picked":["Hologram","Backflip+1"],"picked":"Sweeping Beam","floor":36},{"not_picked":["Panic Button","Chill"],"picked":"Guardian:ExploitGems","floor":40},{"not_picked":["sneckomod:SnakeSap+1","sneckomod:UnknownExhaust"],"picked":"Seeing Red+1","floor":42},{"not_picked":["Slimebound:ProtectTheBoss+1","Slimebound:SamplingLick+1","FlurryOfBlows+1"],"picked":"SKIP","floor":43},{"not_picked":["Swivel+1","Underhanded Strike+1"],"picked":"Barricade","floor":44},{"not_picked":["Guardian:DonusPower","Slimebound:SlimeTap+1","Guardian:RollAttack+1"],"picked":"SKIP","floor":46},{"not_picked":["champ:BladeFlurry+1","ReplayTheSpireMod:GoodbyeWorld","True Grit+1"],"picked":"SKIP","floor":47},{"not_picked":["Panic Button+1","EmptyFist+1","Streamline+1"],"picked":"SKIP","floor":49}],"player_experience":1279181,"relics_obtained":[{"floor":2,"key":"Omamori"},{"floor":7,"key":"White Beast Statue"},{"floor":10,"key":"Sundial"},{"floor":21,"key":"Tiny Chest"},{"floor":24,"key":"Guardian:PocketSentry"},{"floor":25,"key":"Replay:Wax Seal"},{"floor":40,"key":"Mercury Hourglass"},{"floor":41,"key":"Molten Egg 2"},{"floor":44,"key":"Ancient Tea Set"},{"floor":45,"key":"Vajra"}],"event_choices":[{"damage_healed":0,"gold_gain":0,"player_choice":"Relic ","damage_taken":3,"max_hp_gain":0,"max_hp_loss":0,"event_name":"betterThird:BetterScrap","floor":4,"gold_loss":0,"cards_obtained":["Draining Mist"]},{"damage_healed":0,"gold_gain":0,"player_choice":"Leave","damage_taken":0,"max_hp_gain":0,"max_hp_loss":0,"event_name":"The Cleric","floor":6,"gold_loss":0},{"damage_healed":0,"gold_gain":175,"player_choice":"AGREE","damage_taken":105,"max_hp_gain":0,"max_hp_loss":0,"event_name":"betterThird:BetterSerpent","floor":14,"gold_loss":0}],"is_beta":false,"boss_relics":[{"not_picked":["Velvet Choker","Runic Pyramid"],"picked":"Cursed Key"},{"not_picked":["Kintsugi","Tiny House"],"picked":"ChewingGum"}],"items_purged_floors":[48],"is_endless":false,"potions_floor_spawned":[5,8,10,11,13,15,16,19,21,22,23,25,26,29,30,31,32,33,36,40,42,43,44,46,47,49],"killed_by":"downfall:CharBossMerchant","ascension_level":0}}