{"host":"soyfmymeou4emntr","time":1608235108,"event":{"mods":["BaseMod","Minty Spire (QoL Compilation)","Relic Sorter","Relic Stats","StSLib"],"gold_per_floor":[109,109,128,128,142,142,173,323,348,9,9,44,64,77,77,152,152,167,82,82,97,111,142,142,157,157,170,189,189,207,232,232,232,232],"floor_reached":33,"playtime":3425,"items_purged":["Doubt"],"score":598,"play_id":"bf33276c-1959-4150-9797-45184d14e225","local_time":"20201217125828","is_ascension_mode":true,"campfire_choices":[{"data":"Flying Knee","floor":6.0,"key":"SMITH"},{"data":"Dramatic Entrance","floor":11.0,"key":"SMITH"},{"data":"Footwork","floor":15.0,"key":"SMITH"},{"floor":24.0,"key":"REST"},{"floor":32,"key":"REST"}],"circlet_count":0,"master_deck":["AscendersBane","Strike_G","Strike_G+1","Strike_G","Strike_G","Defend_G","Defend_G","Defend_G","Defend_G","Defend_G","Survivor","Neutralize+1","Well Laid Plans+1","Masterful Stab","Flying Knee+1","PiercingWail","Crippling Poison","Backstab+1","Dramatic Entrance+1","Terror","Footwork+1","Die Die Die","Finisher+1","Neutralize","Blur+1","Dodge and Roll","Footwork","Venomology","Decay","Dash+1","PiercingWail"],"relics":["Ring of the Snake","Bag of Preparation","Boot","White Beast Statue","WristBlade","Tiny Chest","Girya","Vajra","Whetstone"],"acts_visited":["Exordium","TheCity"],"potions_floor_usage":[28,30,31,33,33,33],"damage_taken":[{"damage":4.0,"enemies":"Small Slimes","floor":1.0,"turns":4.0},{"damage":2.0,"enemies":"2 Louse","floor":3.0,"turns":4.0},{"damage":0.0,"enemies":"Cultist","floor":5.0,"turns":4.0},{"damage":7.0,"enemies":"Lagavulin","floor":7.0,"turns":5.0},{"damage":8.0,"enemies":"Gremlin Nob","floor":12.0,"turns":3.0},{"damage":0.0,"enemies":"Blue Slaver","floor":13.0,"turns":1.0},{"damage":0.0,"enemies":"Looter","floor":14.0,"turns":1.0},{"damage":42.0,"enemies":"Slime Boss","floor":16.0,"turns":14.0},{"damage":0.0,"enemies":"Shell Parasite","floor":18.0,"turns":1.0},{"damage":6.0,"enemies":"2 Thieves","floor":21.0,"turns":4.0},{"damage":0.0,"enemies":"Snake Plant","floor":22.0,"turns":1.0},{"damage":22.0,"enemies":"Gremlin Leader","floor":23.0,"turns":5.0},{"damage":0.0,"enemies":"Shelled Parasite and Fungi","floor":25.0,"turns":3.0},{"damage":8.0,"enemies":"Cultist and Chosen","floor":27.0,"turns":4.0},{"damage":1,"enemies":"Centurion and Healer","floor":28,"turns":3},{"damage":2,"enemies":"Chosen and Byrds","floor":30,"turns":7},{"damage":4,"enemies":"Slavers","floor":31,"turns":4},{"damage":71,"enemies":"Collector","floor":33,"turns":9}],"seed_played":"-5348608160590030726","potions_obtained":[{"floor":1.0,"key":"ColorlessPotion"},{"floor":3.0,"key":"ColorlessPotion"},{"floor":7.0,"key":"DistilledChaos"},{"floor":13.0,"key":"Regen Potion"},{"floor":14.0,"key":"SteroidPotion"},{"floor":16.0,"key":"AttackPotion"},{"floor":18.0,"key":"GamblersBrew"},{"floor":22.0,"key":"BlessingOfTheForge"},{"floor":23.0,"key":"Weak Potion"},{"floor":25.0,"key":"Dexterity Potion"},{"floor":27.0,"key":"SteroidPotion"},{"floor":28,"key":"Fire Potion"},{"floor":30,"key":"DuplicationPotion"},{"floor":31,"key":"DistilledChaos"}],"is_trial":false,"path_per_floor":["M","?","M","?","M","R","E","?","T","$","R","E","M","M","R","B",null,"M","?","?","M","M","E","R","M","T","M","M","?","M","E","R","B"],"character_chosen":"THE_SILENT","items_purchased":["Crippling Poison","Backstab","Dramatic Entrance"],"campfire_rested":2,"item_purchase_floors":[10,10,10],"current_hp_per_floor":[55,55,53,46,46,46,39,39,39,39,39,31,31,31,31,4,51,51,51,51,45,45,23,42,42,42,34,33,33,31,27,46,0,0],"gold":232,"neow_bonus":"UPGRADE_CARD","is_daily":false,"chose_seed":false,"campfire_upgraded":3,"win_rate":0.0,"timestamp":1608235108,"path_taken":["M","?","M","?","M","R","E","?","T","$","R","E","M","M","R","BOSS","M","?","?","M","M","E","R","M","T","M","?","?","M","E","R","BOSS"],"items_purchased_type":["Card","Card","Card"],"build_version":"2020-12-13","purchased_purges":1,"victory":false,"max_hp_per_floor":[66,66,66,66,66,66,66,66,66,66,66,66,66,66,66,66,66,66,66,66,66,66,66,66,66,66,66,66,66,66,66,66,66,66],"relic_stats":{"counters":[18,77],"Tiny Chest":0,"Bag of Preparation":[28],"Whetstone":["Strike_G","Backstab"],"Boot":[13],"obtain_stats":[{"Girya":23,"WristBlade":17,"Vajra":26,"Tiny Chest":19,"Bag of Preparation":7,"Whetstone":31,"Boot":9,"White Beast Statue":12,"Ring of the Snake":0},{"Girya":12,"WristBlade":8,"Vajra":13,"Tiny Chest":9,"Bag of Preparation":4,"Whetstone":17,"Boot":4,"White Beast Statue":5,"Ring of the Snake":0},{"Girya":47,"WristBlade":36,"Vajra":50,"Tiny Chest":37,"Bag of Preparation":17,"Whetstone":68,"Boot":17,"White Beast Statue":20,"Ring of the Snake":0}],"Ring of the Snake":[36]},"card_choices":[{"not_picked":["Reflex","Dodge and Roll"],"picked":"Well Laid Plans","floor":1.0},{"not_picked":["Dodge and Roll","Choke"],"picked":"Masterful Stab","floor":3.0},{"not_picked":["Outmaneuver","Reflex"],"picked":"Flying Knee","floor":5.0},{"not_picked":["Backflip","Cloak And Dagger"],"picked":"PiercingWail","floor":7.0},{"not_picked":["Expertise","Slice","Sucker Punch"],"picked":"SKIP","floor":12.0},{"not_picked":["Quick Slash","Deflect"],"picked":"Terror","floor":13.0},{"not_picked":["Quick Slash","Blur"],"picked":"Footwork","floor":14.0},{"not_picked":["Doppelganger","A Thousand Cuts"],"picked":"Die Die Die","floor":16.0},{"not_picked":["Noxious Fumes+1","Poisoned Stab"],"picked":"Finisher+1","floor":18.0},{"not_picked":["Acrobatics","Dagger Spray","Prepared"],"picked":"SKIP","floor":21.0},{"not_picked":["Acrobatics","Dagger Spray","Prepared"],"picked":"SKIP","floor":21.0},{"not_picked":["Deadly Poison","Poisoned Stab","Bouncing Flask+1"],"picked":"SKIP","floor":22.0},{"not_picked":["Bane","All Out Attack"],"picked":"Blur+1","floor":23.0},{"not_picked":["Flechettes","Terror"],"picked":"Dodge and Roll","floor":25.0},{"not_picked":["Envenom","Blade Dance"],"picked":"Footwork","floor":27.0},{"not_picked":["Deflect","Outmaneuver"],"picked":"Venomology","floor":28},{"not_picked":["Underhanded Strike+1","Backstab"],"picked":"Dash+1","floor":30},{"not_picked":["Dagger Spray+1","Underhanded Strike"],"picked":"PiercingWail","floor":31}],"player_experience":2582762,"relics_obtained":[{"floor":7.0,"key":"Bag of Preparation"},{"floor":9.0,"key":"Boot"},{"floor":12.0,"key":"White Beast Statue"},{"floor":23.0,"key":"Girya"},{"floor":26.0,"key":"Vajra"},{"floor":31,"key":"Whetstone"}],"event_choices":[{"damage_healed":0.0,"max_hp_gain":0.0,"max_hp_loss":0.0,"gold_gain":0.0,"event_name":"Living Wall","player_choice":"Grow","floor":2.0,"gold_loss":0.0,"damage_taken":0.0,"cards_upgraded":["Well Laid Plans"]},{"cards_removed":["Strike_G"],"damage_healed":0.0,"max_hp_gain":0.0,"max_hp_loss":0.0,"gold_gain":0.0,"event_name":"Golden Wing","player_choice":"Card Removal","floor":4.0,"gold_loss":0.0,"damage_taken":7.0},{"damage_healed":0.0,"max_hp_gain":0.0,"max_hp_loss":0.0,"gold_gain":150.0,"event_name":"Liars Game","player_choice":"AGREE","floor":8.0,"gold_loss":0.0,"damage_taken":0.0,"cards_obtained":["Doubt"]},{"damage_healed":0.0,"max_hp_gain":0.0,"max_hp_loss":0.0,"gold_gain":0.0,"event_name":"Addict","player_choice":"Obtained Relic","floor":19.0,"gold_loss":85.0,"damage_taken":0.0,"relics_obtained":["Tiny Chest"]},{"damage_healed":0.0,"max_hp_gain":0.0,"max_hp_loss":0.0,"gold_gain":0.0,"event_name":"Match and Keep!","player_choice":"1 cards matched","floor":20.0,"gold_loss":0.0,"damage_taken":0.0,"cards_obtained":["Neutralize"]},{"damage_healed":0,"gold_gain":0,"player_choice":"Smashed Altar","damage_taken":0,"max_hp_gain":0,"max_hp_loss":0,"event_name":"Forgotten Altar","floor":29,"gold_loss":0,"cards_obtained":["Decay"]}],"is_beta":false,"boss_relics":[{"not_picked":["SlaversCollar","HoveringKite"],"picked":"WristBlade"}],"items_purged_floors":[10],"is_endless":false,"potions_floor_spawned":[1,3,7,13,14,16,18,21,22,23,25,27,28,30,31],"killed_by":"Collector","ascension_level":20}}