{"host":"o5jvvi5yapo90aia","time":1608183928,"event":{"mods":["BaseMod","CapriCore","Minty Spire (QoL Compilation)","MostiFishMod","Prisma Mod","Spicy Shops","StSLib","TestMod","The Immortal","【东方二次创作】八云紫mod","【人物mod】游戏王New YuGiOh mod","【功能Mod】Neow奖励"],"gold_per_floor":[125,50,50,77,77,115,139,163,215,251,251,301,380,430,430,542,542,567,567,601,619,172,172,230,230,230,230,274,58,108,141,141,261,261,292,327,355,386,57,115,115,160,160,206,254,288,327,382,382,397,412,412,412,30,93,108],"floor_reached":57,"playtime":1909,"items_purged":["Strike_R","MostiFishMod:UniRed","Defend_R","Defend_R"],"score":4015,"play_id":"99cc4bbd-c0eb-490b-b795-a20e8f50581f","local_time":"20201217134528","is_ascension_mode":true,"campfire_choices":[{"data":"MostiFishMod:SephirahHod","floor":15,"key":"SMITH"},{"floor":23,"key":"RECALL"},{"data":"FragmentationRealm_purple+1","floor":25,"key":"PURGE"},{"data":"Defend_R","floor":32,"key":"PURGE"},{"data":"Defend_R","floor":49,"key":"PURGE"},{"data":"Well Laid Plans+1","floor":53,"key":"PURGE"}],"circlet_count":0,"master_deck":["AscendersBane","MostiFishMod:SephirahHod+1","Body Slam","MostiFishMod:Neurotoxin","PrismaMod:IllyaBride","Shrug It Off","testmod-FightingIntention","MostiFishMod:InterfaceCompatibility","JustLucky+1","Pommel Strike","MokouMod:ImperishableFlame+1"],"relics":["DaveBox","testmod-TestBox","MostiFishMod:Hod","BirthdayGift-Icosahedron","testmod-Temperance","Question Card","PrismaticShard","Blue Candle","CeramicFish","Golden Idol","Dream Catcher","Anchor","Pen Nib","ImportantClient","Black Star","Membership Card","Tiny Chest","TheAbacus","Singing Bowl","PreservedInsect","Art of War","HornCleat","Shuriken","Eternal Feather","ClockworkSouvenir","Ice Cream","Orrery","Kunai","White Beast Statue","testmod-NegativeEmotionEnhancer","Toy Ornithopter","Medical Kit","ImprovedEquipment","Meat on the Bone","Matryoshka","Lantern","Centennial Puzzle","Smiling Mask","Omamori","testmod-Nyarlathotep","Bronze Scales","SynthV","ThornShield","testmod-BouquetWithThorns","Happy Flower","testmod-AssaultLearning","SynthV:C4"],"acts_visited":["Exordium","TheCity","TheBeyond","TheEnding"],"potions_floor_usage":[],"damage_taken":[{"damage":0,"enemies":"Small Slimes","floor":1,"turns":2},{"damage":0,"enemies":"2 Louse","floor":4,"turns":1},{"damage":0,"enemies":"3 Sentries","floor":6,"turns":2},{"damage":0,"enemies":"Jaw Worm","floor":7,"turns":1},{"damage":0,"enemies":"Looter","floor":8,"turns":1},{"damage":0,"enemies":"2 Fungi Beasts","floor":10,"turns":2},{"damage":0,"enemies":"Gremlin Nob","floor":12,"turns":2},{"damage":0,"enemies":"3 Sentries","floor":13,"turns":2},{"damage":0,"enemies":"3 Sentries","floor":14,"turns":2},{"damage":0,"enemies":"The Guardian","floor":16,"turns":3},{"damage":0,"enemies":"2 Thieves","floor":18,"turns":2},{"damage":0,"enemies":"Spheric Guardian","floor":20,"turns":1},{"damage":0,"enemies":"Gremlin Leader","floor":24,"turns":2},{"damage":0,"enemies":"Book of Stabbing","floor":28,"turns":1},{"damage":0,"enemies":"Gremlin Leader","floor":30,"turns":1},{"damage":0,"enemies":"Cultist and Chosen","floor":31,"turns":1},{"damage":0,"enemies":"Collector","floor":33,"turns":3},{"damage":0,"enemies":"3 Darklings","floor":35,"turns":1},{"damage":0,"enemies":"Orb Walker","floor":36,"turns":1},{"damage":0,"enemies":"Transient","floor":37,"turns":3},{"damage":0,"enemies":"Maw","floor":38,"turns":2},{"damage":0,"enemies":"Giant Head","floor":40,"turns":2},{"damage":0,"enemies":"Spire Growth","floor":42,"turns":1},{"damage":0,"enemies":"Nemesis","floor":45,"turns":1},{"damage":0,"enemies":"4 Shapes","floor":46,"turns":1},{"damage":0,"enemies":"3 Darklings","floor":47,"turns":1},{"damage":0,"enemies":"Reptomancer","floor":48,"turns":1},{"damage":0,"enemies":"Donu and Deca","floor":50,"turns":1},{"damage":0,"enemies":"Awakened One","floor":51,"turns":2},{"damage":0,"enemies":"Shield and Spear","floor":55,"turns":1},{"damage":0,"enemies":"The Heart","floor":56,"turns":3}],"seed_played":"-3141584394208237303","potions_obtained":[{"floor":7,"key":"Explosive Potion"},{"floor":12,"key":"Strength Potion"},{"floor":33,"key":"Swift Potion"},{"floor":46,"key":"Swift Potion"}],"is_trial":false,"path_per_floor":["M","$","?","M","?","E","M","M","T","M","?","E","?","E","R","B",null,"M","?","M","?","$","R","E","R","T","?","E","$","E","M","R","B",null,"M","M","M","M","$","E","?","M","T","T","E","M","M","E","R","B","B",null,"R","$","E","B",null],"character_chosen":"IRONCLAD","items_purchased":["Membership Card","Tiny Chest","TheAbacus","Singing Bowl","ClockworkSouvenir","Ice Cream","Orrery","Toy Ornithopter","Medical Kit","ImprovedEquipment","SynthV","ThornShield","testmod-BouquetWithThorns","Happy Flower","Pommel Strike"],"campfire_rested":0,"item_purchase_floors":[22,22,22,22,29,29,29,39,39,39,54,54,54,54,54],"current_hp_per_floor":[71,71,64,67,56,59,62,65,65,68,42,45,48,51,51,54,70,73,73,75,75,75,75,75,75,75,75,77,85,87,89,89,89,89,92,95,98,101,101,102,97,98,98,98,101,104,107,110,110,111,112,112,112,112,113,114],"gold":108,"neow_bonus":"BOSS_RELIC","is_daily":false,"chose_seed":false,"campfire_upgraded":1,"win_rate":0.0,"timestamp":1608183928,"path_taken":["M","$","?","M","?","E","M","M","T","?","?","E","?","E","R","BOSS","M","?","M","?","$","R","E","R","T","?","E","$","E","M","R","BOSS","M","?","M","M","$","E","?","M","T","?","E","?","M","E","R","BOSS","BOSS","R","$","E","BOSS"],"items_purchased_type":["Relic","Relic","Relic","Relic","Relic","Relic","Relic","Relic","Relic","Relic","Relic","Relic","Relic","Relic","Card"],"build_version":"2020-12-13","purchased_purges":4,"victory":true,"max_hp_per_floor":[75,75,75,75,75,75,75,75,75,75,75,75,75,75,75,75,75,75,75,75,75,75,75,75,75,75,75,77,85,87,89,89,89,89,92,95,98,101,101,102,97,98,98,98,101,104,107,110,110,111,112,112,112,112,113,114],"card_choices":[{"not_picked":["Anger","Carnage"],"picked":"Body Slam","floor":1},{"not_picked":["Protect","MagicAmplify","SideChaos","True Grit"],"picked":"SKIP","floor":4},{"not_picked":["Power Through","Dash","PrismaMod:MiyuMaid","MokouMod:IndiscriminateIgnition"],"picked":"SKIP","floor":6},{"not_picked":["Cloak And Dagger","PrismaMod:IllyaCarnivalDefend","DemoTeacher","Vengeance"],"picked":"SKIP","floor":7},{"not_picked":["Rampage","Dagger Spray","PrismaMod:MiyuUberAOEAttack","FollowUp"],"picked":"SKIP","floor":8},{"not_picked":["Eviscerate","Protect","MostiFishMod:Speedup"],"picked":"MostiFishMod:Neurotoxin","floor":10},{"not_picked":["PrismaMod:IllyaUpgradeOrbs","Headbutt","Night Terror","Dagger Throw"],"picked":"SKIP","floor":12},{"not_picked":["DimensionStaggered_purple","Dash","PrismaMod:MiyuCheapDefend1"],"picked":"PrismaMod:IllyaBride","floor":14},{"not_picked":["Fission","MokouMod:ProfanedFlare","PrismaMod:MiyuCarnivalDefend"],"picked":"testmod-EternalityOfKhronos","floor":16},{"not_picked":["Wild Strike","MostiFishMod:FrostNova+1","Flechettes","SharpContractionReality_purple"],"picked":"SKIP","floor":18},{"not_picked":["GatherUp","Mirror_FourBoundary_purple+1","LikeWater"],"picked":"FragmentationRealm_purple+1","floor":20},{"not_picked":["Terror","PrismaMod:IllyaMinorZwei+1","AntiMana"],"picked":"testmod-FightingIntention","floor":24},{"not_picked":["LibraryManager+1","Searing Blow","WindmillStrike","AdvanceAttack_purple"],"picked":"Singing Bowl","floor":28},{"not_picked":["WaveOfTheHand","MokouMod:RoaringFlare","CardExchange","MokouMod:FlickeringFlame"],"picked":"Singing Bowl","floor":29},{"not_picked":["MokouMod:ScorchedEarth+1","MokouMod:IndiscriminateIgnition","PrismaMod:ChloeDiscardRecovery+1","MokouMod:FujiyamaVolcano"],"picked":"Singing Bowl","floor":29},{"not_picked":["PrismaMod:MiyuCheapChannelVul+1","PrismaMod:IllyaFeed","CooperationSpell","Berserk"],"picked":"Singing Bowl","floor":29},{"not_picked":["Bait_Toxicbait_purple","Worldmountain_purple","PrismaMod:MiyuChannelAttackEvoke","PrismaMod:MiyuEvokeBuffStr"],"picked":"Singing Bowl","floor":29},{"not_picked":["PrismaMod:MiyuDefenseExplosion","WaveOfTheHand","PrismaMod:ChloeCommonAOEAttack+1"],"picked":"MostiFishMod:GatherIntelligence","floor":29},{"not_picked":["Hello World","Panacea","Second Wind","Bandage Up"],"picked":"Singing Bowl","floor":30},{"not_picked":["Tempest+1","DragonAnger","ThirdEye","testmod-Automaton+1"],"picked":"Singing Bowl","floor":31},{"not_picked":["PrismaMod:ChloeDevil","Adrenaline","MokouMod:ResonatingAura"],"picked":"MostiFishMod:InterfaceCompatibility","floor":33},{"not_picked":["PrismaMod:MiyuCheapChannelWeak","Leg Sweep","ClearTheMind","Heel Hook+1"],"picked":"Singing Bowl","floor":35},{"not_picked":["PositiveMatter_Antimatter_Universe_purple","PrismaMod:IllyaFriendMaker+1","Clash+1","SfantasyHide_purple+1"],"picked":"Singing Bowl","floor":36},{"not_picked":["MostiFishMod:InvigoratingSolution","BowlingBash+1","Flying Knee","Accuracy"],"picked":"Singing Bowl","floor":37},{"not_picked":["MokouMod:Firecracker","LoliMage","Clothesline","PrismaMod:IllyaRapidFire+1"],"picked":"Singing Bowl","floor":38},{"not_picked":["PrismaMod:MiyuUberAttack+1","Warcry","Stack"],"picked":"Well Laid Plans+1","floor":40},{"not_picked":["Dagger Spray","PrismaMod:ChloeCheapDefendTwo+1","PrismaMod:MiyuCommonAOEAttack"],"picked":"JustLucky+1","floor":42},{"not_picked":["Realm_recovery_purpleEX","ManaRailgun","Deflect+1","MokouMod:IndiscriminateIgnition"],"picked":"Singing Bowl","floor":45},{"not_picked":["MostiFishMod:Prepare","FollowUp+1","DifficultSpell","MokouMod:IndiscriminateIgnition+1"],"picked":"Singing Bowl","floor":46},{"not_picked":["Nest_LightFlightworm_purple+1","ExpansiveShield","PrismaMod:ChloeUncommonDefend","Evaluate"],"picked":"Singing Bowl","floor":47},{"not_picked":["Pummel","MeetDecomposer_purple","PrismaMod:MiyuDevil+1","PrismaMod:ChloeUncommonAttack+1"],"picked":"Singing Bowl","floor":48},{"not_picked":["PrismaMod:ChloeRuleBreaker","SuddenShock","DragonAnger"],"picked":"MokouMod:ImperishableFlame+1","floor":55}],"player_experience":1305956,"relics_obtained":[{"floor":1,"key":"Question Card"},{"floor":1,"key":"PrismaticShard"},{"floor":6,"key":"CeramicFish"},{"floor":12,"key":"Dream Catcher"},{"floor":14,"key":"Pen Nib"},{"floor":16,"key":"ImportantClient"},{"floor":24,"key":"PreservedInsect"},{"floor":24,"key":"Art of War"},{"floor":26,"key":"HornCleat"},{"floor":28,"key":"Shuriken"},{"floor":28,"key":"Eternal Feather"},{"floor":30,"key":"Kunai"},{"floor":30,"key":"White Beast Statue"},{"floor":40,"key":"Meat on the Bone"},{"floor":40,"key":"Matryoshka"},{"floor":43,"key":"Lantern"},{"floor":43,"key":"Centennial Puzzle"},{"floor":44,"key":"Smiling Mask"},{"floor":44,"key":"Omamori"},{"floor":48,"key":"testmod-Nyarlathotep"},{"floor":48,"key":"Bronze Scales"},{"floor":55,"key":"testmod-AssaultLearning"},{"floor":55,"key":"SynthV:C4"}],"event_choices":[{"cards_removed":["Strike_R"],"damage_healed":0,"gold_gain":0,"player_choice":"Card Removal","damage_taken":7,"max_hp_gain":0,"max_hp_loss":0,"event_name":"Golden Wing","floor":3,"gold_loss":0},{"damage_healed":0,"gold_gain":0,"player_choice":"Success","damage_taken":11,"relics_obtained":["Blue Candle"],"max_hp_gain":0,"max_hp_loss":0,"event_name":"Scrap Ooze","floor":5,"gold_loss":0},{"damage_healed":0,"gold_gain":0,"player_choice":"Take Damage","damage_taken":26,"relics_obtained":["Golden Idol"],"max_hp_gain":0,"max_hp_loss":0,"event_name":"Golden Idol","floor":11,"gold_loss":0},{"damage_healed":0,"gold_gain":0,"player_choice":"Searched \u00273\u0027 times","damage_taken":0,"relics_obtained":["Anchor"],"max_hp_gain":0,"max_hp_loss":0,"event_name":"Dead Adventurer","floor":13,"gold_loss":0},{"damage_healed":0,"gold_gain":0,"player_choice":"Ignored","damage_taken":0,"max_hp_gain":0,"max_hp_loss":0,"event_name":"Ghosts","floor":19,"gold_loss":0},{"damage_healed":0,"gold_gain":0,"cards_transformed":["Strike_R","Strike_R"],"player_choice":"Became Test Subject","damage_taken":0,"max_hp_gain":0,"max_hp_loss":0,"event_name":"Drug Dealer","floor":21,"gold_loss":0,"cards_obtained":["MostiFishMod:UniRed","Shrug It Off"]},{"damage_healed":0,"gold_gain":0,"player_choice":"Ignored","damage_taken":0,"max_hp_gain":0,"max_hp_loss":0,"event_name":"Duplicator","floor":27,"gold_loss":0},{"damage_healed":0,"gold_gain":0,"player_choice":"Max HP","damage_taken":0,"max_hp_gain":0,"max_hp_loss":5,"event_name":"Winding Halls","floor":41,"gold_loss":0}],"is_beta":false,"boss_relics":[{"not_picked":["testmod-Nine","RhineCircuit"],"picked":"Black Star"},{"not_picked":["TakeMeEscape","Cursed Key"],"picked":"testmod-NegativeEmotionEnhancer"}],"items_purged_floors":[2,22,22,39],"is_endless":false,"potions_floor_spawned":[7,12,14,16,18,20,31,33,35,36,37,38,40,42,45,46,47,48,55],"ascension_level":20}}