{"host":"ycjouya8nk9d76s1","time":1608232733,"event":{"mods":["BaseMod","Downfall","Minty Spire (QoL Compilation)","Shop Mod","StSLib"],"gold_per_floor":[99,99,109,140,65,91,91,16,16,16,1,11,24,124,139,240,240,240,250,250,270,270,288,314,331,342,267,92,92,92,108,125,222,222,222,238,3,33,33,44,99,134,234,234,245,6,18,30,42,42,42,74,24,24,24],"floor_reached":56,"playtime":8754,"items_purged":["Guardian:Defend_Guardian","Guardian:Strike_Guardian"],"score":1444,"play_id":"77c89de2-4f65-40a9-a79e-d3211dfec9de","local_time":"20201217201853","is_ascension_mode":false,"campfire_choices":[{"floor":1.0,"key":"RECALL"},{"floor":5.0,"key":"REST"},{"floor":8.0,"key":"REST"},{"data":"Guardian:TemporalShield","floor":10.0,"key":"SMITH"},{"data":"Guardian:SpikerProtocol","floor":18.0,"key":"SMITH"},{"data":"Guardian:TwinSlam","floor":20.0,"key":"SMITH"},{"data":"Guardian:PiercingHide","floor":22.0,"key":"SMITH"},{"data":"Guardian:BronzeOrb","floor":27.0,"key":"SMITH"},{"data":"Guardian:FloatingOrbs","floor":35.0,"key":"SMITH"},{"data":"Guardian:AncientConstruct","floor":44,"key":"SMITH"},{"data":"Guardian:EvasiveProtocol","floor":54,"key":"SMITH"}],"circlet_count":0,"master_deck":["Guardian:CurlUp+1","Guardian:TwinSlam+1","Guardian:SentryBeam+1","Guardian:ExploitGems+1","Guardian:TemporalShield+1","Guardian:BronzeOrb+1","Guardian:PiercingHide+1","Guardian:Incinerate+1","Guardian:StasisField+1","Guardian:TemporalStrike+1","Guardian:Repulse+1","Guardian:SpikerProtocol+1","Guardian:WalkerClaw+1","Guardian:SentryBeam+1","Guardian:ShieldSpikes+1","Guardian:FloatingOrbs+1","Impatience+1","Guardian:ArmoredProtocol+1","Guardian:Reroute+1","Guardian:ArmoredProtocol+1","Guardian:AncientConstruct+1","Guardian:EvasiveProtocol+1","Guardian:RollAttack+1","Guardian:CrystalBeam+1"],"relics":["Astrolabe","Letter Opener","Molten Egg 2","Runic Pyramid","downfall:RedIOU","SlaversCollar","Happy Flower","OrangePellets","Bag of Preparation","Kunai","Anchor","Nunchaku","Potion Belt","Sling","Blood Vial"],"acts_visited":["Exordium","TheCity","TheBeyond","TheEnding"],"potions_floor_usage":[45,45,50,50,55,55],"damage_taken":[{"damage":0.0,"enemies":"Jaw Worm","floor":3.0,"turns":3.0},{"damage":57.0,"enemies":"Gremlin Nob","floor":4.0,"turns":7.0},{"damage":4.0,"enemies":"3 Sentries","floor":6.0,"turns":6.0},{"damage":0.0,"enemies":"downfall:FleeingMerchant","floor":11.0,"turns":4.0},{"damage":0.0,"enemies":"Cultist","floor":12.0,"turns":2.0},{"damage":0.0,"enemies":"2 Louse","floor":13.0,"turns":1.0},{"damage":0.0,"enemies":"downfall:Heads","floor":14.0,"turns":3.0},{"damage":0.0,"enemies":"Lots of Slimes","floor":15.0,"turns":2.0},{"damage":0.0,"enemies":"downfall:Silent","floor":16.0,"turns":5.0},{"damage":0.0,"enemies":"3 Byrds","floor":19.0,"turns":2.0},{"damage":0.0,"enemies":"Centurion and Healer","floor":21.0,"turns":3.0},{"damage":0.0,"enemies":"Shelled Parasite and Fungi","floor":23.0,"turns":2.0},{"damage":0.0,"enemies":"Snake Plant","floor":25.0,"turns":2.0},{"damage":4.0,"enemies":"Cultist and Chosen","floor":26.0,"turns":3.0},{"damage":0.0,"enemies":"downfall:FleeingMerchant","floor":28.0,"turns":4.0},{"damage":0.0,"enemies":"Centurion and Healer","floor":31.0,"turns":3.0},{"damage":0.0,"enemies":"Shelled Parasite and Fungi","floor":32.0,"turns":3.0},{"damage":6.0,"enemies":"downfall:Ironclad","floor":33.0,"turns":8.0},{"damage":0.0,"enemies":"3 Darklings","floor":36.0,"turns":3.0},{"damage":0.0,"enemies":"downfall:FleeingMerchant","floor":37.0,"turns":2.0},{"damage":0.0,"enemies":"Nemesis","floor":38.0,"turns":5.0},{"damage":0,"enemies":"Orb Walker","floor":40,"turns":3},{"damage":0,"enemies":"Reptomancer","floor":42,"turns":5},{"damage":0,"enemies":"downfall:LadyInBlue","floor":43,"turns":4},{"damage":0,"enemies":"Jaw Worm Horde","floor":45,"turns":3},{"damage":0,"enemies":"Sphere and 2 Shapes","floor":47,"turns":4},{"damage":0,"enemies":"Maw","floor":48,"turns":5},{"damage":0,"enemies":"Transient","floor":49,"turns":5},{"damage":0,"enemies":"downfall:Watcher","floor":50,"turns":4},{"damage":9,"enemies":"downfall:CharBossMerchant","floor":52,"turns":9},{"damage":0,"enemies":"downfall:NeowBoss","floor":55,"turns":21}],"seed_played":"-1810880856107630696","potions_obtained":[{"floor":6.0,"key":"EssenceOfSteel"},{"floor":12.0,"key":"LiquidBronze"},{"floor":13.0,"key":"hexamod:EctoCoolerPotion"},{"floor":16.0,"key":"DuplicationPotion"},{"floor":23.0,"key":"FairyPotion"},{"floor":25.0,"key":"SpeedPotion"},{"floor":38,"key":"champ:CounterPotion"},{"floor":43,"key":"SkillPotion"},{"floor":43,"key":"Explosive Potion"},{"floor":45,"key":"BlessingOfTheForge"},{"floor":48,"key":"PowerPotion"},{"floor":49,"key":"Ancient Potion"}],"is_trial":false,"path_per_floor":["R","?","M","E","R","E","T","R","?","R","$","M","M","?","M","B",null,"R","M","R","M","R","M","T","M","M","R","$","?","?","M","M","B",null,"R","M","$","E","?","M","T","E","?","R","M","$","M","M","M","B",null,"E","$","R","B",null],"character_chosen":"GUARDIAN","items_purchased":["Impatience","Happy Flower","OrangePellets","Bag of Preparation","Guardian:EvasiveProtocol","Guardian:RollAttack+1","Sling","Swift Potion"],"campfire_rested":2,"item_purchase_floors":[28,37,37,37,46,46,46,53],"current_hp_per_floor":[80,80,80,23,47,43,43,67,67,67,67,67,67,67,67,67,80,80,80,80,80,80,80,80,80,76,86,86,86,86,86,86,80,90,90,90,90,90,90,90,90,90,90,90,90,90,90,90,90,90,90,81,81,81,83],"gold":24,"neow_bonus":"BOSS_RELIC","is_daily":false,"chose_seed":false,"campfire_upgraded":8,"win_rate":0.0,"timestamp":1608232733,"path_taken":["R","?","M","E","R","E","T","R","?","R","$","M","?","?","M","BOSS","R","M","R","M","R","M","T","M","M","R","$","?","?","M","M","BOSS","R","?","$","E","?","M","T","E","?","R","M","$","M","M","M","BOSS","E","$","R","BOSS"],"items_purchased_type":["Card","Relic","Relic","Relic","Card","Card","Relic","Potion"],"build_version":"2020-12-13","purchased_purges":2,"victory":true,"max_hp_per_floor":[80,80,80,80,80,80,80,80,80,80,80,80,80,80,80,80,80,80,80,80,80,80,80,80,80,80,90,90,90,90,90,90,90,90,90,90,90,90,90,90,90,90,90,90,90,90,90,90,90,90,90,90,90,90,90],"card_choices":[{"not_picked":["Guardian:WalkerClaw","Guardian:Gem_Lightblue"],"picked":"Guardian:TemporalShield","floor":3.0},{"not_picked":["Guardian:RefractedBeam","Guardian:PrismaticBarrier"],"picked":"Guardian:BronzeOrb","floor":4.0},{"not_picked":["Guardian:TemporalStrike","Guardian:ChargeCore"],"picked":"Guardian:PiercingHide","floor":6.0},{"not_picked":["Guardian:Gem_Fragmented","Guardian:PrimingBeam+1"],"picked":"Guardian:Incinerate+1","floor":11.0},{"not_picked":["Guardian:Gem_Red","Guardian:Gem_Lightblue"],"picked":"Guardian:StasisField","floor":12.0},{"not_picked":["Guardian:Gem_Cyan","Guardian:Gem_Fragmented"],"picked":"Guardian:TemporalStrike+1","floor":13.0},{"not_picked":["Guardian:ExploitGems","Guardian:Harden"],"picked":"Guardian:SpikerProtocol","floor":14.0},{"not_picked":["Guardian:TemporalStrike+1","Guardian:ShieldCharger"],"picked":"Guardian:WalkerClaw+1","floor":15.0},{"not_picked":["Guardian:ExploitGems","Guardian:AncientConstruct"],"picked":"Guardian:Gem_Orange","floor":16.0},{"not_picked":["Guardian:Gem_Cyan","Guardian:CrystalBeam+1"],"picked":"Guardian:SentryBeam+1","floor":19.0},{"not_picked":["Guardian:Emergency","Guardian:Planning"],"picked":"Guardian:Gem_Fragmented","floor":21.0},{"not_picked":["Guardian:ConstructionForm","Guardian:CrystalBeam+1"],"picked":"Guardian:Gem_Purple","floor":23.0},{"not_picked":["Guardian:Gem_Lightblue","Guardian:Suspension+1"],"picked":"Guardian:ShieldSpikes+1","floor":25.0},{"not_picked":["Guardian:Harden","Guardian:Gem_Lightblue","Guardian:TemporalShield"],"picked":"SKIP","floor":26.0},{"not_picked":["Guardian:Planning","Guardian:PolyBeam+1"],"picked":"Guardian:FloatingOrbs","floor":28.0},{"not_picked":["Guardian:PiercingHide","Guardian:FloatingOrbs"],"picked":"Guardian:ArmoredProtocol","floor":31.0},{"not_picked":["Guardian:SpikerProtocol","Guardian:Gem_Fragmented"],"picked":"Guardian:Reroute+1","floor":32.0},{"not_picked":["Guardian:StasisStrike+1","Guardian:AncientConstruct"],"picked":"Guardian:Gem_Orange","floor":33.0},{"not_picked":["Guardian:CrystalBeam+1","Guardian:Reroute+1"],"picked":"Guardian:ArmoredProtocol+1","floor":36.0},{"not_picked":["Guardian:Gem_Cyan","Guardian:Preprogram","Guardian:Incinerate+1"],"picked":"SKIP","floor":37.0},{"not_picked":["Guardian:PiercingHide+1","Guardian:StasisField","Guardian:ArmoredProtocol"],"picked":"SKIP","floor":38},{"not_picked":["Guardian:Repulse","Guardian:Preprogram"],"picked":"Guardian:Gem_Green","floor":40},{"not_picked":["Guardian:FloatingOrbs","Guardian:Repulse+1"],"picked":"Guardian:AncientConstruct","floor":42},{"not_picked":["Guardian:SentryBeam+1","Guardian:ChargeUp"],"picked":"Guardian:Gem_Green","floor":45},{"not_picked":["Guardian:Planning","Guardian:Clone","Guardian:TemporalStrike+1"],"picked":"SKIP","floor":47},{"not_picked":["Guardian:GuardianWhirl+1","Guardian:PiercingHide+1","Guardian:TemporalStrike+1"],"picked":"SKIP","floor":48},{"not_picked":["Guardian:Gem_Green","Guardian:TemporalStrike+1"],"picked":"Guardian:Gem_Orange","floor":49},{"not_picked":["Guardian:RollAttack+1","Guardian:Repulse+1"],"picked":"Guardian:CrystalBeam+1","floor":52}],"player_experience":192586,"relics_obtained":[{"floor":4.0,"key":"Mercury Hourglass"},{"floor":6.0,"key":"Letter Opener"},{"floor":7.0,"key":"Molten Egg 2"},{"floor":38,"key":"Kunai"},{"floor":41,"key":"Anchor"},{"floor":42,"key":"Nunchaku"},{"floor":43,"key":"Potion Belt"},{"floor":52,"key":"Blood Vial"}],"event_choices":[{"cards_removed":["Guardian:Strike_Guardian"],"damage_healed":0.0,"max_hp_gain":0.0,"max_hp_loss":0.0,"gold_gain":0.0,"event_name":"The Cleric","player_choice":"Card Removal","floor":2.0,"gold_loss":0.0,"damage_taken":0.0}],"is_beta":false,"boss_relics":[{"not_picked":["Runic Dome","Guardian:StasisSlotReductionRelic"],"picked":"Runic Pyramid"},{"not_picked":["Tiny House","Pandora\u0027s Box"],"picked":"SlaversCollar"}],"items_purged_floors":[28,37],"is_endless":false,"potions_floor_spawned":[6,12,13,16,23,25,32,33,38,40,45,48,49],"ascension_level":0}}