{"host":"sum4dy402bbv9y4o","time":1608233735,"event":{"mods":["Aspiration","BaseMod","Conspire","Highlight Path","Minty Spire (QoL Compilation)","StSLib"],"gold_per_floor":[111,125,13,13,13,47,64,64,64,84,99,110,110,124,124,124,124],"floor_reached":16,"playtime":634,"items_purged":[],"score":208,"play_id":"3bbb475d-0a4e-4136-919f-866359bfb215","local_time":"20201217223535","is_ascension_mode":true,"campfire_choices":[{"data":"Noxious Fumes","floor":8,"key":"SMITH"},{"floor":13,"key":"REST"},{"data":"Poisoned Stab","floor":15,"key":"SMITH"}],"circlet_count":0,"master_deck":["AscendersBane","Strike_G","Strike_G","Strike_G","Strike_G","Strike_G","Defend_G","Defend_G","Defend_G","Defend_G","Survivor","Neutralize+1","Dodge and Roll","Backstab","Noxious Fumes+1","Leg Sweep","Sucker Punch","Poisoned Stab+1","Slice","Poisoned Stab"],"relics":["Ring of the Snake","Bag of Preparation","The Specimen"],"acts_visited":["Exordium"],"potions_floor_usage":[7,11,16],"damage_taken":[{"damage":2,"enemies":"Jaw Worm","floor":1,"turns":4},{"damage":1,"enemies":"Cultist","floor":2,"turns":6},{"damage":23,"enemies":"3 Sentries","floor":6,"turns":10},{"damage":1,"enemies":"Small Slimes","floor":7,"turns":3},{"damage":13,"enemies":"3 Louse","floor":10,"turns":3},{"damage":1,"enemies":"Gremlin Gang","floor":11,"turns":5},{"damage":0,"enemies":"2 Fungi Beasts","floor":12,"turns":4},{"damage":0,"enemies":"3 Louse","floor":14,"turns":2},{"damage":46,"enemies":"Slime Boss","floor":16,"turns":11}],"seed_played":"-7514610150231544479","potions_obtained":[{"floor":2,"key":"SmokeBomb"},{"floor":6,"key":"DuplicationPotion"},{"floor":7,"key":"Fruit Juice"},{"floor":10,"key":"CunningPotion"}],"is_trial":false,"path_per_floor":["M","M","$","?","?","E","M","R","T","M","M","M","R","M","R","B"],"character_chosen":"THE_SILENT","items_purchased":["Noxious Fumes","Leg Sweep"],"campfire_rested":1,"item_purchase_floors":[3,3],"current_hp_per_floor":[57,56,56,56,56,33,37,37,37,24,23,23,44,44,44,0,0],"gold":124,"neow_bonus":"UPGRADE_CARD","is_daily":false,"chose_seed":false,"campfire_upgraded":2,"win_rate":0.0,"timestamp":1608233735,"path_taken":["M","M","$","?","?","E","?","R","T","?","?","M","R","M","R","BOSS"],"items_purchased_type":["Card","Card"],"build_version":"2020-12-13","purchased_purges":0,"victory":false,"max_hp_per_floor":[66,66,66,66,66,66,71,71,71,71,71,71,71,71,71,71,71],"card_choices":[{"not_picked":["Acrobatics","Blade Dance"],"picked":"Dodge and Roll","floor":1},{"not_picked":["Bane","Catalyst"],"picked":"Backstab","floor":2},{"not_picked":["Terror","Heel Hook"],"picked":"Sucker Punch","floor":6},{"not_picked":["Eviscerate","Dodge and Roll"],"picked":"Poisoned Stab","floor":7},{"not_picked":["Outmaneuver","Deadly Poison","Backflip"],"picked":"SKIP","floor":10},{"not_picked":["conspire:PoisonWeapons","Well Laid Plans"],"picked":"Slice","floor":11},{"not_picked":["Concentrate","Bouncing Flask","Crippling Poison"],"picked":"SKIP","floor":12},{"not_picked":["Slice","Distraction"],"picked":"Poisoned Stab","floor":14}],"player_experience":2816911,"relics_obtained":[{"floor":6,"key":"Bag of Preparation"},{"floor":9,"key":"The Specimen"}],"event_choices":[{"cards_removed":["Defend_G"],"damage_healed":0,"gold_gain":0,"player_choice":"Offered Basic","damage_taken":0,"max_hp_gain":0,"max_hp_loss":0,"event_name":"Bonfire Elementals","floor":5,"gold_loss":0}],"is_beta":false,"boss_relics":[],"items_purged_floors":[],"is_endless":false,"potions_floor_spawned":[2,6,7,10],"killed_by":"Slime Boss","ascension_level":20}}