{"host":"hvwa7s69zr612rn1","time":1608183369,"event":{"mods":["BaseMod","Colored Map","Colored Powertips","Koishi","Minty Spire (QoL Compilation)","StSLib"],"gold_per_floor":[115,130,130,130,83,83,117,117,117,131,165,176,5,15,15,113,113,131,144,144,59,77,104,104,114,141,240,59,59,87,87,87,191,241,260,270,288,288,16,16,47,0,23,23,23,41,41,68,68,68],"floor_reached":51,"playtime":2902,"items_purged":["Shame","Koishi:BasicDefend","Koishi:BasicDefend"],"score":892,"play_id":"6479c5d0-699d-4f17-b33c-7b2d0113966b","local_time":"20201217163609","is_ascension_mode":true,"campfire_choices":[{"data":"Koishi:SubterraneanRose","floor":6,"key":"SMITH"},{"data":"Koishi:SprinkleStarAndHeart","floor":8,"key":"SMITH"},{"data":"Koishi:UnconsciousUrges","floor":15,"key":"SMITH"},{"data":"Koishi:SubterraneanRose","floor":24,"key":"SMITH"},{"data":"Koishi:GrowingPain","floor":29,"key":"SMITH"},{"data":"Koishi:Provoke","floor":32,"key":"SMITH"},{"data":"Koishi:IdleWhim","floor":40,"key":"SMITH"},{"data":"Koishi:FidgetySnatcher","floor":45,"key":"SMITH"},{"data":"Koishi:BramblyRoseGarden","floor":49,"key":"SMITH"}],"circlet_count":0,"master_deck":["Koishi:BasicStrike","Koishi:BasicStrike+1","Koishi:BasicStrike+1","Koishi:BasicStrike+1","Koishi:BasicDefend","Koishi:BasicDefend+1","Koishi:Provoke+1","Koishi:HauntingSlash","Mayhem+1","Koishi:SubterraneanRose+1","Koishi:SprinkleStarAndHeart+1","Koishi:FidgetySnatcher+1","Koishi:LastRemote","Koishi:SubterraneanRose+1","Koishi:UnconsciousUrges+1","Koishi:FreudianInstinct","Koishi:GrowingPain+1","Koishi:IdleWhim+1","Koishi:ApparitionsStalkTheNight","Koishi:LastRemote","Koishi:DNAsFlaw","Koishi:SilentAndRestless+1","Koishi:RorschachInDanmaku+1","Koishi:MindStellarRelief","Koishi:BramblyRoseGarden+1"],"relics":["Koishi:ImaginaryFriend","Whetstone","HornCleat","Boot","SacredBark","Bag of Preparation","Strawberry","Centennial Puzzle","Du-Vu Doll","Tiny House","Pen Nib","Incense Burner","Red Mask","Lantern","Koishi:LettersToReimu","Potion Belt"],"acts_visited":["Exordium","TheCity","TheBeyond"],"potions_floor_usage":[7,22,23,33,48,50,50,50],"damage_taken":[{"damage":4,"enemies":"Jaw Worm","floor":1,"turns":5},{"damage":0,"enemies":"Small Slimes","floor":2,"turns":4},{"damage":28,"enemies":"Lagavulin","floor":7,"turns":11},{"damage":0,"enemies":"Cultist","floor":10,"turns":3},{"damage":8,"enemies":"3 Sentries","floor":11,"turns":10},{"damage":0,"enemies":"Looter","floor":12,"turns":3},{"damage":3,"enemies":"Large Slime","floor":14,"turns":7},{"damage":0,"enemies":"Hexaghost","floor":16,"turns":9},{"damage":8,"enemies":"Spheric Guardian","floor":18,"turns":5},{"damage":6,"enemies":"Chosen","floor":19,"turns":5},{"damage":11,"enemies":"Shelled Parasite and Fungi","floor":22,"turns":6},{"damage":0,"enemies":"Gremlin Leader","floor":23,"turns":6},{"damage":3,"enemies":"Centurion and Healer","floor":25,"turns":8},{"damage":5,"enemies":"Book of Stabbing","floor":30,"turns":4},{"damage":16,"enemies":"Champ","floor":33,"turns":11},{"damage":6,"enemies":"3 Darklings","floor":35,"turns":8},{"damage":9,"enemies":"3 Shapes","floor":36,"turns":6},{"damage":19,"enemies":"Transient","floor":37,"turns":5},{"damage":10,"enemies":"Nemesis","floor":41,"turns":7},{"damage":6,"enemies":"Jaw Worm Horde","floor":46,"turns":5},{"damage":3,"enemies":"Reptomancer","floor":48,"turns":6},{"damage":9,"enemies":"Donu and Deca","floor":50,"turns":10}],"seed_played":"6118279282464430466","potions_obtained":[{"floor":2,"key":"DuplicationPotion"},{"floor":7,"key":"Energy Potion"},{"floor":14,"key":"ColorlessPotion"},{"floor":19,"key":"EntropicBrew"},{"floor":25,"key":"LiquidMemories"},{"floor":33,"key":"BlessingOfTheForge"},{"floor":34,"key":"Block Potion"},{"floor":48,"key":"SteroidPotion"}],"is_trial":false,"path_per_floor":["M","M","?","?","?","R","E","R","T","M","E","M","$","M","R","B",null,"M","M","?","?","M","E","R","M","T","?","$","R","E","?","R","B",null,"M","M","M","?","$","R","E","?","T","?","R","M","$","E","R","B",null],"character_chosen":"KOISHI","items_purchased":["Koishi:SubterraneanRose","Koishi:UnconsciousUrges","Koishi:LastRemote","Pen Nib"],"campfire_rested":0,"item_purchase_floors":[13,13,28,39],"current_hp_per_floor":[57,59,47,47,47,47,23,23,23,24,17,18,18,15,15,18,60,53,49,49,49,39,47,47,46,46,46,46,46,41,29,29,16,77,71,64,46,46,46,46,37,37,37,37,37,32,32,31,31,24],"gold":68,"neow_bonus":"RANDOM_COLORLESS_2","is_daily":false,"chose_seed":false,"campfire_upgraded":9,"win_rate":0.0,"timestamp":1608183369,"path_taken":["M","M","?","?","?","R","E","R","T","M","E","?","?","M","R","BOSS","M","M","?","?","M","E","R","M","T","?","$","R","E","?","R","BOSS","M","M","M","?","$","R","E","?","T","?","R","?","?","E","R","BOSS"],"items_purchased_type":["Card","Card","Card","Relic"],"build_version":"2020-12-13","purchased_purges":3,"victory":true,"max_hp_per_floor":[60,60,60,60,60,60,60,60,60,60,60,60,60,60,60,60,60,60,60,60,60,60,67,67,67,67,67,67,67,67,72,72,72,77,77,77,77,73,73,73,73,73,73,73,73,73,73,73,73,73],"card_choices":[{"not_picked":["HandOfGreed","The Bomb"],"picked":"Mayhem","floor":0},{"not_picked":["Koishi:Prune","Koishi:PhantomStrike","Koishi:SubconsciousSweep"],"picked":"SKIP","floor":1},{"not_picked":["Koishi:FourthEye","Koishi:BloodcurdlingScream"],"picked":"Koishi:SubterraneanRose","floor":2},{"not_picked":["Koishi:PhantomStrike","Koishi:HeartfeltFancy"],"picked":"Koishi:SprinkleStarAndHeart","floor":7},{"not_picked":["Koishi:TraumaticStroke","Koishi:Prune","Koishi:StingingMind"],"picked":"SKIP","floor":10},{"not_picked":["Koishi:Possession","Koishi:EmbryosDream"],"picked":"Koishi:FidgetySnatcher","floor":11},{"not_picked":["Koishi:EmbryosDream","Koishi:FleetingPhantom"],"picked":"Koishi:LastRemote","floor":12},{"not_picked":["Koishi:Possession","Koishi:JumpScare"],"picked":"Koishi:FreudianInstinct","floor":14},{"not_picked":["Koishi:ImGoingToCallYouNow","Koishi:TerrifyingSpectre"],"picked":"Koishi:GrowingPain","floor":16},{"not_picked":["Koishi:StingingMind+1","Koishi:FourthEye"],"picked":"Koishi:IdleWhim","floor":18},{"not_picked":["Koishi:EmbersOfLove","Koishi:UnseenTerror"],"picked":"Koishi:ApparitionsStalkTheNight","floor":19},{"not_picked":["Koishi:ReleaseOfTheId","Koishi:PredatoryInstincts+1","Koishi:Bloodlust"],"picked":"SKIP","floor":22},{"not_picked":["Koishi:DreadfulBlow","Koishi:ImGoingToCallYouNow","Koishi:StingingMind"],"picked":"SKIP","floor":23},{"not_picked":["Koishi:SpiritedAway","Koishi:HeartfeltFancy","Koishi:Prune+1"],"picked":"SKIP","floor":25},{"not_picked":["Koishi:MindNumbingTerror","Koishi:Jaunt+1"],"picked":"Koishi:DNAsFlaw","floor":30},{"not_picked":["Koishi:RollingInRichesHeart","Koishi:ImGoingToCallYouNow"],"picked":"Koishi:SilentAndRestless","floor":33},{"not_picked":["Koishi:VengefulSpirit","Koishi:HeartfeltFancy+1"],"picked":"Koishi:RorschachInDanmaku+1","floor":35},{"not_picked":["Koishi:UnansweredLove","Koishi:SubconsciousSweep","Koishi:UnconsciousUprising"],"picked":"SKIP","floor":36},{"not_picked":["Koishi:FourthEye","Koishi:VengefulSpirit+1"],"picked":"Koishi:MindStellarRelief","floor":37},{"not_picked":["Koishi:DNAsFlaw","Koishi:FourthEye","Koishi:ReflexRadar+1"],"picked":"SKIP","floor":41},{"not_picked":["Koishi:DanmakuParanoia+1","Koishi:SubconsciousSweep"],"picked":"Koishi:BramblyRoseGarden","floor":46},{"not_picked":["Koishi:Possession","Koishi:CatchAndRose","Koishi:UnconsciousUrges+1"],"picked":"SKIP","floor":48}],"player_experience":320180,"relics_obtained":[{"floor":7,"key":"Whetstone"},{"floor":9,"key":"HornCleat"},{"floor":11,"key":"Boot"},{"floor":23,"key":"Strawberry"},{"floor":26,"key":"Centennial Puzzle"},{"floor":30,"key":"Du-Vu Doll"},{"floor":41,"key":"Incense Burner"},{"floor":43,"key":"Lantern"},{"floor":48,"key":"Potion Belt"}],"event_choices":[{"damage_healed":0,"gold_gain":0,"player_choice":"Entered Light","damage_taken":12,"max_hp_gain":0,"max_hp_loss":0,"event_name":"Shining Light","floor":3,"gold_loss":0,"cards_upgraded":["Koishi:BasicDefend","Koishi:BasicStrike"]},{"damage_healed":0,"gold_gain":0,"player_choice":"Grow","damage_taken":0,"max_hp_gain":0,"max_hp_loss":0,"event_name":"Living Wall","floor":4,"gold_loss":0,"cards_upgraded":["Mayhem"]},{"damage_healed":0,"gold_gain":0,"player_choice":"Left Gold","damage_taken":0,"max_hp_gain":0,"max_hp_loss":0,"event_name":"World of Goop","floor":5,"gold_loss":47},{"damage_healed":0,"gold_gain":0,"player_choice":"Ignored","damage_taken":0,"max_hp_gain":0,"max_hp_loss":0,"event_name":"The Mausoleum","floor":20,"gold_loss":0},{"damage_healed":0,"gold_gain":0,"player_choice":"Obtained Relic","damage_taken":0,"relics_obtained":["Bag of Preparation"],"max_hp_gain":0,"max_hp_loss":0,"event_name":"Addict","floor":21,"gold_loss":85},{"damage_healed":0,"gold_gain":99,"player_choice":"Stole From Cult","damage_taken":0,"max_hp_gain":0,"max_hp_loss":0,"event_name":"Nest","floor":27,"gold_loss":0},{"damage_healed":0,"gold_gain":0,"player_choice":"Shed Blood","damage_taken":17,"max_hp_gain":5,"max_hp_loss":0,"event_name":"Forgotten Altar","floor":31,"gold_loss":0},{"damage_healed":0,"gold_gain":0,"player_choice":"Max HP","damage_taken":0,"max_hp_gain":0,"max_hp_loss":4,"event_name":"Winding Halls","floor":38,"gold_loss":0},{"damage_healed":0,"gold_gain":0,"player_choice":"Paid","damage_taken":0,"relics_obtained":["Red Mask"],"max_hp_gain":0,"max_hp_loss":0,"event_name":"Tomb of Lord Red Mask","floor":42,"gold_loss":47},{"damage_healed":0,"gold_gain":0,"player_choice":"Gave Potion","damage_taken":0,"relics_obtained":["Koishi:LettersToReimu"],"max_hp_gain":0,"max_hp_loss":0,"event_name":"WeMeetAgain","floor":44,"gold_loss":0}],"is_beta":false,"boss_relics":[{"not_picked":["Ectoplasm","Fusion Hammer"],"picked":"SacredBark"},{"not_picked":["Cursed Key","Sozu"],"picked":"Tiny House"}],"items_purged_floors":[13,28,39],"is_endless":false,"potions_floor_spawned":[2,7,14,19,25,33,48],"ascension_level":1}}