{"host":"v0dnu0zs4qo0v13s","time":1608164019,"event":{"mods":["BaseMod","Colored Map","Colored Powertips","Minty Spire (QoL Compilation)","Relic Stats","StSLib","SuperFastMode","everything is the same but u backflip on backflip"],"gold_per_floor":[115,126,51,69,86,117,117,151,174,174,184,219,219,232,232,336,336,348,146,146,245,245,245,259,35,35,55,71,71,21,21,21,117,117,137,148,98,98,9,42,42,61,113,113,125,145,145,163,163,163],"floor_reached":51,"playtime":3359,"items_purged":["Defend_B","Strike_B","Defend_B","Defend_B","Writhe","Defend_B"],"score":866,"play_id":"458c2d1d-61ce-455d-8cdc-4e1d3db73658","local_time":"20201216191339","is_ascension_mode":true,"campfire_choices":[{"data":"Glacier","floor":7.0,"key":"SMITH"},{"data":"Coolheaded","floor":10.0,"key":"SMITH"},{"floor":13.0,"key":"REST"},{"data":"Sunder","floor":15.0,"key":"SMITH"},{"data":"Multi-Cast","floor":23.0,"key":"SMITH"},{"data":"Electrodynamics","floor":29.0,"key":"SMITH"},{"data":"Zap","floor":32.0,"key":"SMITH"},{"floor":41.0,"key":"REST"},{"floor":44,"key":"REST"},{"floor":47,"key":"REST"},{"floor":49,"key":"REST"}],"circlet_count":0,"master_deck":["Strike_B+1","Zap+1","Dualcast","Glacier+1","Rip and Tear","Coolheaded+1","Fusion","Creative AI","Ball Lightning+1","Sunder+1","Multi-Cast+1","Static Discharge","Hologram","Electrodynamics+1","Reboot","Double Energy+1","Reboot","Melter","Tempest+1","Tempest+1","Conserve Battery+1","Loop+1","Reboot","Reinforced Body+1","Undo+1"],"relics":["Cracked Core","NeowsBlessing","Art of War","Smiling Mask","PreservedInsect","Whetstone","Nuclear Battery","Runic Capacitor","Bottled Tornado","Mercury Hourglass","SlaversCollar","Dream Catcher","Strawberry"],"acts_visited":["Exordium","TheCity","TheBeyond"],"potions_floor_usage":[50],"damage_taken":[{"damage":0.0,"enemies":"Jaw Worm","floor":1.0,"turns":1.0},{"damage":0.0,"enemies":"2 Louse","floor":2.0,"turns":1.0},{"damage":0.0,"enemies":"Cultist","floor":4.0,"turns":1.0},{"damage":1.0,"enemies":"Blue Slaver","floor":5.0,"turns":4.0},{"damage":2.0,"enemies":"3 Sentries","floor":6.0,"turns":10.0},{"damage":7.0,"enemies":"Lagavulin","floor":8.0,"turns":9.0},{"damage":4.0,"enemies":"2 Fungi Beasts","floor":11.0,"turns":4.0},{"damage":14.0,"enemies":"3 Sentries","floor":12.0,"turns":5.0},{"damage":20.0,"enemies":"Gremlin Gang","floor":14.0,"turns":7.0},{"damage":9.0,"enemies":"Slime Boss","floor":16.0,"turns":8.0},{"damage":7.0,"enemies":"Chosen","floor":18.0,"turns":4.0},{"damage":0.0,"enemies":"Spheric Guardian","floor":24.0,"turns":2.0},{"damage":12.0,"enemies":"Cultist and Chosen","floor":27.0,"turns":3.0},{"damage":0.0,"enemies":"Sentry and Sphere","floor":28.0,"turns":3.0},{"damage":3.0,"enemies":"Champ","floor":33.0,"turns":11.0},{"damage":8.0,"enemies":"Orb Walker","floor":35.0,"turns":3.0},{"damage":11.0,"enemies":"3 Shapes","floor":36.0,"turns":3.0},{"damage":33.0,"enemies":"Nemesis","floor":40.0,"turns":5.0},{"damage":20,"enemies":"3 Darklings","floor":42,"turns":1},{"damage":9,"enemies":"Jaw Worm Horde","floor":45,"turns":2},{"damage":17,"enemies":"Spire Growth","floor":46,"turns":4},{"damage":14,"enemies":"4 Shapes","floor":48,"turns":4},{"damage":15,"enemies":"Donu and Deca","floor":50,"turns":4}],"seed_played":"5154354370025603254","potions_obtained":[{"floor":2.0,"key":"Swift Potion"},{"floor":5.0,"key":"EssenceOfSteel"},{"floor":12.0,"key":"SkillPotion"},{"floor":14.0,"key":"SpeedPotion"},{"floor":16.0,"key":"FearPotion"},{"floor":24.0,"key":"FocusPotion"},{"floor":33.0,"key":"FocusPotion"},{"floor":42,"key":"Fire Potion"},{"floor":45,"key":"Weak Potion"}],"is_trial":false,"path_per_floor":["M","M","$","M","M","E","R","E","T","R","M","E","R","M","R","B",null,"M","$","?","?","?","R","M","$","T","M","M","R","$","?","R","B",null,"M","M","$","?","$","E","R","M","T","R","M","M","R","M","R","B",null],"character_chosen":"DEFECT","items_purchased":["Runic Capacitor","Fruit Juice","EssenceOfSteel","Melter"],"campfire_rested":5,"item_purchase_floors":[19,25,25,39],"current_hp_per_floor":[68,68,68,68,67,65,65,58,58,58,54,40,62,42,42,33,65,58,58,58,58,58,58,58,63,63,51,51,51,51,51,51,48,72,64,53,53,53,53,20,44,24,31,57,48,31,57,43,69,54],"gold":163,"neow_bonus":"THREE_ENEMY_KILL","is_daily":false,"chose_seed":false,"campfire_upgraded":6,"win_rate":0.0,"timestamp":1608164019,"path_taken":["M","M","$","M","M","E","R","E","T","R","M","E","R","M","R","BOSS","M","$","?","?","?","R","?","$","T","M","M","R","$","?","R","BOSS","M","M","$","?","$","E","R","M","T","R","M","M","R","M","R","BOSS"],"items_purchased_type":["Relic","Potion","Potion","Card"],"build_version":"2020-12-13","purchased_purges":6,"victory":true,"max_hp_per_floor":[75,75,75,75,75,75,75,75,75,75,75,75,75,75,75,75,75,75,75,75,75,75,75,75,80,80,80,80,80,80,80,80,80,80,80,80,80,80,80,80,80,80,87,87,87,87,87,87,87,87],"relic_stats":{"Dream Catcher":4,"counters":[23,98],"PreservedInsect":77,"Art of War":[26],"Whetstone":["Strike_B","Ball Lightning"],"Smiling Mask":500,"obtain_stats":[{"NeowsBlessing":0,"PreservedInsect":9,"Runic Capacitor":19,"Whetstone":12,"Bottled Tornado":26,"Smiling Mask":8,"Nuclear Battery":17,"Mercury Hourglass":31,"SlaversCollar":34,"Dream Catcher":40,"Strawberry":43,"Art of War":6,"Cracked Core":0},{"NeowsBlessing":0,"PreservedInsect":6,"Runic Capacitor":11,"Whetstone":8,"Bottled Tornado":12,"Smiling Mask":6,"Nuclear Battery":10,"Mercury Hourglass":14,"SlaversCollar":15,"Dream Catcher":18,"Strawberry":19,"Art of War":5,"Cracked Core":0},{"NeowsBlessing":0,"PreservedInsect":26,"Runic Capacitor":54,"Whetstone":35,"Bottled Tornado":56,"Smiling Mask":26,"Nuclear Battery":50,"Mercury Hourglass":62,"SlaversCollar":73,"Dream Catcher":84,"Strawberry":85,"Art of War":17,"Cracked Core":0}],"Mercury Hourglass":[149]},"card_choices":[{"not_picked":["Hologram","Recycle"],"picked":"Glacier","floor":1.0},{"not_picked":["Hello World","Go for the Eyes"],"picked":"Rip and Tear","floor":2.0},{"not_picked":["Steam","Ball Lightning","Barrage"],"picked":"SKIP","floor":4.0},{"not_picked":["Steam","Scrape"],"picked":"Coolheaded","floor":5.0},{"not_picked":["Steam Power","Conserve Battery"],"picked":"Fusion","floor":6.0},{"not_picked":["Leap","Beam Cell"],"picked":"Creative AI","floor":8.0},{"not_picked":["Leap","Sweeping Beam"],"picked":"Ball Lightning","floor":11.0},{"not_picked":["Go for the Eyes","Compile Driver","Creative AI"],"picked":"SKIP","floor":12.0},{"not_picked":["Hologram","Streamline"],"picked":"Sunder","floor":14.0},{"not_picked":["Machine Learning","Amplify"],"picked":"Multi-Cast","floor":16.0},{"not_picked":["Lockon","Stack+1"],"picked":"Static Discharge","floor":18.0},{"not_picked":["Redo","Sweeping Beam"],"picked":"Hologram","floor":24.0},{"not_picked":["Turbo","Recycle"],"picked":"Electrodynamics","floor":27.0},{"not_picked":["Sunder+1","Cold Snap","Barrage"],"picked":"SKIP","floor":28.0},{"not_picked":["Hyperbeam","Biased Cognition"],"picked":"Reboot","floor":33.0},{"not_picked":["Leap","Conserve Battery+1"],"picked":"Double Energy+1","floor":35.0},{"not_picked":["Conserve Battery+1","Redo","Stack+1"],"picked":"SKIP","floor":36.0},{"not_picked":["Streamline","Scrape"],"picked":"Tempest+1","floor":40.0},{"not_picked":["Go for the Eyes+1","White Noise"],"picked":"Tempest+1","floor":41.0},{"not_picked":["Compile Driver+1","Sweeping Beam+1"],"picked":"Conserve Battery+1","floor":42},{"not_picked":["Streamline","Rip and Tear"],"picked":"Loop+1","floor":44},{"not_picked":["Go for the Eyes+1","Gash+1","Streamline"],"picked":"SKIP","floor":45},{"not_picked":["Chaos+1","Fusion+1"],"picked":"Reboot","floor":46},{"not_picked":["Aggregate","Auto Shields+1"],"picked":"Reinforced Body+1","floor":47},{"not_picked":["Gash+1","Leap"],"picked":"Undo+1","floor":48}],"player_experience":613673,"relics_obtained":[{"floor":6.0,"key":"Art of War"},{"floor":8.0,"key":"Smiling Mask"},{"floor":9.0,"key":"PreservedInsect"},{"floor":12.0,"key":"Whetstone"},{"floor":26.0,"key":"Bottled Tornado"},{"floor":40.0,"key":"Dream Catcher"},{"floor":43,"key":"Strawberry"}],"event_choices":[{"cards_removed":["Strike_B"],"damage_healed":0.0,"max_hp_gain":0.0,"max_hp_loss":0.0,"gold_gain":0.0,"event_name":"Back to Basics","player_choice":"Elegance","floor":20.0,"gold_loss":0.0,"damage_taken":0.0},{"damage_healed":0.0,"max_hp_gain":0.0,"max_hp_loss":0.0,"gold_gain":99.0,"event_name":"Nest","player_choice":"Stole From Cult","floor":21.0,"gold_loss":0.0,"damage_taken":0.0},{"cards_removed":["Strike_B"],"damage_healed":0.0,"max_hp_gain":0.0,"max_hp_loss":0.0,"gold_gain":0.0,"event_name":"Purifier","player_choice":"Purged","floor":22.0,"gold_loss":0.0,"damage_taken":0.0},{"damage_healed":0.0,"max_hp_gain":0.0,"max_hp_loss":0.0,"gold_gain":0.0,"event_name":"The Mausoleum","player_choice":"Opened","floor":31.0,"gold_loss":0.0,"damage_taken":0.0,"relics_obtained":["Mercury Hourglass"],"cards_obtained":["Writhe"]},{"damage_healed":0.0,"max_hp_gain":0.0,"max_hp_loss":0.0,"gold_gain":0.0,"event_name":"Duplicator","player_choice":"Copied","floor":38.0,"gold_loss":0.0,"damage_taken":0.0,"cards_obtained":["Reboot"]}],"is_beta":false,"boss_relics":[{"not_picked":["Philosopher\u0027s Stone","Sozu"],"picked":"Nuclear Battery"},{"not_picked":["FrozenCore","Black Star"],"picked":"SlaversCollar"}],"items_purged_floors":[3,19,25,30,37,39],"is_endless":false,"potions_floor_spawned":[2,5,12,14,16,24,33,42,45,46,48],"ascension_level":6}}