{"host":"27wa8ufp4ryspt1p","time":1608173889,"event":{"mods":["2.2 Compatiblity","Abigail Mod","Act Like it!","Aspiration","BaseMod","Better Altar","Better Note","Better Skull","Better Third Choice","Colored Map","Conspire","Downfall","Elementarium","Energized Spire","Friendly Minions","Gensokyo","GifTheSpireLib","Gold Saver","Halation","Hallownest","HololiveMod","Hubris","Humility","Infinite Spire","Keyboard Shortcuts","Menagerie","Mimic Mod","Minty Spire (QoL Compilation)","Pale of the Ancients","Quarter Circle Forward PUNCH!","Reimu??????","Relic Sorter","Relic Stats","Replay The Spire","Reworked Bosses","Shop Mod","Spicy Shops","Spikes Relics","StSLib","Stuff the Spire","SuperFastMode","The Cursed","The Exalted","The Factory","The Judge","The Necromancer","Trackpad","Waifu the Spire","Wandering Minibosses","[IsaacMod]????","??????REMEMod","????"],"gold_per_floor":[80,126,167,56,100,100,132,132,175,209,229,254,334,351,45,143,143,527,404,5,77,77,77,161,245,336,443,433,623,922,1010,176,255,255],"floor_reached":33,"playtime":1324,"items_purged":[],"score":979,"play_id":"928ce088-8862-441f-a48b-14cce42ea777","local_time":"20201216205809","daily_mods":["SealedDeck","Colorless Cards","Heirloom","Elite Swarm","Lethality"],"is_ascension_mode":true,"campfire_choices":[{"floor":6,"key":"RECALL"},{"data":"Bromod:QuickThinking","floor":8,"key":"SMITH"},{"data":"Sadistic Nature","floor":23,"key":"SMITH"},{"data":"Enlightenment","floor":23,"key":"SMITH"},{"data":"Hololive_CallOmaruPolka","floor":28,"key":"SMITH"},{"data":"ReplayTheSpireMod:Brewmster","floor":32,"key":"SMITH"}],"circlet_count":0,"master_deck":["AscendersBane","Bomb","Hololive_CocoNews","Hololive_CocoNews","expansioncontent:SuperHexaguard","Hololive_CallNatsuiroMatsuri","Hololive_CocoNews","Hololive_CallMoonaHoshinova+1","Replay:SS_forest_6","Enlightenment+1","ReplayTheSpireMod:Private Reserves","Bromod:QuickThinking+1","StuffTheSpire:FreeRealEstate+1","Hololive_CallAZKi","ReplayTheSpireMod:Private Reserves+1","REME_Flogging","Hololive_HuntDinosaur+1","REME_Flogging","Hololive_CallOmaruPolka+1","StuffTheSpire:FreeRealEstate+1","Hololive_CallMoonaHoshinova","REME_ProfessionalPlagiarism+1","Hololive_CallHimemoriLuna+1","Hololive_Rebound+1","Hololive_Rebound+1","Sadistic Nature+1","Hololive_FlyingPonyTail+1","Hololive_Rebound+1","Apotheosis+1","Hololive_RevenueBasedLive+1","Hololive_IdolExercise+1","Hololive_RevenueBasedLive+1","Hololive_DDD+1","ReplayTheSpireMod:Brewmster+1","Hololive_CallUsadaPekora","BlessedFruit+1","BlessedFruit+1","Sadistic Nature"],"relics":["Hololive_TheStar","HushsDoor","REME_ComplimentaryCards","aspiration:AnachronicSnailShell","SalivaCoin","Toxic Egg 2","MerchantsRug","Replay:Mystery Machine","Hololive_LightStick","Bromod:ArcaneFury","DoctorsRemote","conspire:Dentures","energizedSpire:NeverEndingSparkler","Elementarium:HuntersBracer","Replay:Bandana","halation:PenCase","trackpad:ZombieHeart","trackpad:DisasterInABottle","Void","qcfpunch:Unceasing_Flame","UnicornStump","REME_PuzzleBoxRelic","HeavenlyBonsai","infinitespire:BottledMercury"],"acts_visited":["Gensokyo:Gensokyo","Elementarium:Elementarium"],"potions_floor_usage":[],"damage_taken":[{"damage":13,"enemies":"Gensokyo:3_Fairies","floor":2,"turns":3},{"damage":1,"enemies":"Gensokyo:Gryphon","floor":5,"turns":4},{"damage":0,"enemies":"Gensokyo:Aya","floor":7,"turns":2},{"damage":0,"enemies":"Gensokyo:Gryphon","floor":9,"turns":4},{"damage":0,"enemies":"Gensokyo:Cirno","floor":10,"turns":4},{"damage":3,"enemies":"Gensokyo:Gryphon","floor":11,"turns":2},{"damage":0,"enemies":"Gensokyo:2_Kodama","floor":14,"turns":2},{"damage":0,"enemies":"Gensokyo:Yukari","floor":16,"turns":4},{"damage":0,"enemies":"Elementarium:2_ELEMENTALS","floor":18,"turns":8},{"damage":0,"enemies":"Elementarium:Cyclone","floor":21,"turns":3},{"damage":0,"enemies":"Elementarium:Hydrostalker","floor":24,"turns":3},{"damage":0,"enemies":"Elementarium:WarGolem","floor":25,"turns":2},{"damage":0,"enemies":"Elementarium:VoidBeast","floor":26,"turns":4},{"damage":2,"enemies":"Elementarium:FIRE_NOBILITY","floor":27,"turns":4},{"damage":0,"enemies":"Elementarium:ElementalPortal","floor":29,"turns":5},{"damage":0,"enemies":"Elementarium:FIRE_NOBILITY","floor":31,"turns":3},{"damage":18,"enemies":"Elementarium:PHOENIXES","floor":33,"turns":4}],"seed_played":"2305228641841525111","potions_obtained":[{"floor":2,"key":"SteroidPotion"},{"floor":3,"key":"Flashbang"},{"floor":10,"key":"EntropicBrew"},{"floor":11,"key":"Ancient Potion"},{"floor":24,"key":"Ancient Potion"},{"floor":27,"key":"Fire Potion"},{"floor":29,"key":"champ:CounterPotion"}],"is_trial":true,"path_per_floor":["?","M","?","$","MIM","R","E","R","MIM","E","M","T","?","M","R_BF","B",null,"M","?","$","M","AVR","R","M","E","MIM","E","R","E","?","E","R","B"],"character_chosen":"Hololive_HololiveCharacter","items_purchased":["MerchantsRug","conspire:Dentures","Hololive_CallMoonaHoshinova","Replay:Bandana","Hololive_Rebound+1","Sadistic Nature","Hololive_RevenueBasedLive+1","Hololive_CallUsadaPekora","REME_PuzzleBoxRelic","HeavenlyBonsai","Sadistic Nature","infinitespire:BottledMercury"],"campfire_rested":0,"item_purchase_floors":[4,15,15,20,20,20,28,32,32,32,32,32],"current_hp_per_floor":[27,22,13,13,12,12,12,12,20,28,25,25,25,25,25,25,29,29,29,29,30,30,30,30,30,31,31,31,32,13,15,15,0,0],"gold":255,"neow_bonus":"","is_daily":false,"chose_seed":false,"campfire_upgraded":5,"win_rate":0.0,"timestamp":1608173889,"path_taken":["?","M","?","?","?","R","E","R","MIM","E","M","?","?","M","R_BF","BOSS","M","?","$","M","AVR","R","M","E","MIM","E","R","E","?","E","R","BOSS"],"items_purchased_type":["Relic","Relic","Card","Relic","Card","Card","Card","Card","Relic","Relic","Card","Relic"],"build_version":"2020-12-13","purchased_purges":0,"victory":false,"max_hp_per_floor":[30,30,30,30,30,30,30,30,30,30,30,30,30,30,30,30,30,30,30,30,30,30,30,30,30,31,33,33,34,34,36,36,38,38],"relic_stats":{"counters":[17,60],"obtain_stats":[{"infinitespire:BottledMercury":32,"UnicornStump":31,"Elementarium:HuntersBracer":19,"Replay:Mystery Machine":7,"HeavenlyBonsai":32,"trackpad:DisasterInABottle":26,"qcfpunch:Unceasing_Flame":29,"Replay:Bandana":20,"trackpad:ZombieHeart":25,"aspiration:AnachronicSnailShell":0,"Toxic Egg 2":3,"Void":27,"KeepersGift":0,"conspire:Dentures":15,"MerchantsRug":4,"DoctorsRemote":12,"Hololive_LightStick":9,"energizedSpire:NeverEndingSparkler":17,"Hololive_TheStar":0,"halation:PenCase":22,"SalivaCoin":0,"REME_PuzzleBoxRelic":32,"HushsDoor":0,"REME_ComplimentaryCards":0,"Bromod:ArcaneFury":10},{"infinitespire:BottledMercury":16,"UnicornStump":16,"Elementarium:HuntersBracer":9,"Replay:Mystery Machine":3,"HeavenlyBonsai":16,"trackpad:DisasterInABottle":13,"qcfpunch:Unceasing_Flame":15,"Replay:Bandana":9,"trackpad:ZombieHeart":12,"aspiration:AnachronicSnailShell":0,"Toxic Egg 2":1,"Void":14,"KeepersGift":0,"conspire:Dentures":7,"MerchantsRug":1,"DoctorsRemote":6,"Hololive_LightStick":4,"energizedSpire:NeverEndingSparkler":8,"Hololive_TheStar":0,"halation:PenCase":10,"SalivaCoin":0,"REME_PuzzleBoxRelic":16,"HushsDoor":0,"REME_ComplimentaryCards":0,"Bromod:ArcaneFury":5},{"infinitespire:BottledMercury":57,"UnicornStump":57,"Elementarium:HuntersBracer":33,"Replay:Mystery Machine":9,"HeavenlyBonsai":57,"trackpad:DisasterInABottle":45,"qcfpunch:Unceasing_Flame":54,"Replay:Bandana":33,"trackpad:ZombieHeart":41,"aspiration:AnachronicSnailShell":0,"Toxic Egg 2":3,"Void":49,"KeepersGift":0,"conspire:Dentures":21,"MerchantsRug":3,"DoctorsRemote":19,"Hololive_LightStick":13,"energizedSpire:NeverEndingSparkler":25,"Hololive_TheStar":0,"halation:PenCase":36,"SalivaCoin":0,"REME_PuzzleBoxRelic":57,"HushsDoor":0,"REME_ComplimentaryCards":0,"Bromod:ArcaneFury":17}]},"card_choices":[{"not_picked":[],"picked":"Bomb","floor":0},{"not_picked":["Degenerate","Hololive_LuckPotion","Hololive_Trident","Hololive_CocoNews"],"picked":"SKIP","floor":2},{"not_picked":["Hololive_CocoNews","Hololive_Trident","Hololive_Breathe+1"],"picked":"Hololive_CallAZKi","floor":3},{"not_picked":["expansioncontent:BronzeBeam","Degenerate","Replay:SS_forest_6"],"picked":"ReplayTheSpireMod:Private Reserves+1","floor":5},{"not_picked":["Hololive_Recruit+1","Hololive_BeCareful+1","Feint+1"],"picked":"REME_Flogging","floor":7},{"not_picked":["Hololive_LuckPotion+1","Hololive_Psychosis","Hololive_Drill"],"picked":"Hololive_HuntDinosaur+1","floor":9},{"not_picked":["Hololive_HighAtkLowDef+1","Thinking Ahead+1","Hololive_DDD+1"],"picked":"REME_Flogging","floor":10},{"not_picked":["Hololive_Psychosis","REME_ShortnessOfBreath+1","Hololive_Trident"],"picked":"Hololive_CallOmaruPolka","floor":11},{"not_picked":["Hololive_CocoNews","Hololive_RevenueBasedLive+1","Hololive_Rebound+1"],"picked":"StuffTheSpire:FreeRealEstate+1","floor":14},{"not_picked":["hubris:EnhanceAbility","Thinking Ahead+1","Hololive_Nanodesu"],"picked":"REME_ProfessionalPlagiarism+1","floor":16},{"not_picked":["Hololive_CocoNews","Hololive_RevenueBasedLive+1","Hololive_Trident"],"picked":"Hololive_CallHimemoriLuna+1","floor":18},{"not_picked":["expansioncontent:Chronoboost","Hololive_ILoveYou+1","Replay:Sssssssssshield+1"],"picked":"Hololive_FlyingPonyTail+1","floor":21},{"not_picked":["Hololive_Trident","Hololive_Psychosis","expansioncontent:Torchfire"],"picked":"Hololive_Rebound+1","floor":24},{"not_picked":["Battery+1","Panache","Hololive_StarCraft+1"],"picked":"Apotheosis+1","floor":25},{"not_picked":["Hololive_CallYogiri","expansioncontent:Collect","expansioncontent:LastStand+1"],"picked":"Hololive_RevenueBasedLive+1","floor":26},{"not_picked":["expansioncontent:QuickStudy+1","Hololive_FlareMind+1","Mayhem"],"picked":"Hololive_IdolExercise+1","floor":27},{"not_picked":["REME_Flogging","hubris:EnhanceAbility","Midas Touch+1"],"picked":"Hololive_DDD+1","floor":29},{"not_picked":["Violence+1","Secret Technique+1","Master of Strategy+1"],"picked":"ReplayTheSpireMod:Brewmster","floor":31}],"player_experience":3913602,"relics_obtained":[{"floor":3,"key":"Toxic Egg 2"},{"floor":7,"key":"Replay:Mystery Machine"},{"floor":9,"key":"Hololive_LightStick"},{"floor":10,"key":"Bromod:ArcaneFury"},{"floor":12,"key":"DoctorsRemote"},{"floor":25,"key":"trackpad:ZombieHeart"},{"floor":26,"key":"trackpad:DisasterInABottle"},{"floor":27,"key":"Void"},{"floor":29,"key":"qcfpunch:Unceasing_Flame"},{"floor":31,"key":"UnicornStump"}],"event_choices":[{"damage_healed":0,"gold_gain":0,"player_choice":"Sling","damage_taken":0,"relics_obtained":["Elementarium:HuntersBracer"],"max_hp_gain":0,"max_hp_loss":0,"event_name":"Elementarium:BigGameHunter","floor":19,"gold_loss":123},{"damage_healed":0,"gold_gain":271,"player_choice":"GO GO GO ","damage_taken":22,"relics_obtained":[],"max_hp_gain":0,"max_hp_loss":0,"event_name":"betterSkull:BetterSkull","floor":30,"gold_loss":0,"cards_upgraded":[]}],"is_beta":false,"boss_relics":[{"not_picked":["REME_DemonsWealth","hubris:BlackHole"],"picked":"energizedSpire:NeverEndingSparkler"},{"not_picked":[]}],"items_purged_floors":[],"is_endless":false,"potions_floor_spawned":[2,10,11,24,27,29],"killed_by":"Elementarium:PHOENIXES","ascension_level":20}}