{"host":"3a1ypf1irl30q4k8","time":1608231459,"event":{"mods":["AchievementEnabler","BaseMod","Bestiary","Colored Map","Minty Spire (QoL Compilation)","Relic Stats"],"gold_per_floor":[111,129,149,149,424,457,457,474,474,72,72,104,104,118,118,196,196,216,216,216],"floor_reached":19,"playtime":979,"items_purged":["Strike_R"],"score":310,"play_id":"20b3c1fe-201d-44cc-bfe3-dc2abcec3abe","local_time":"20201217185739","is_ascension_mode":true,"campfire_choices":[{"data":"Sever Soul","floor":7,"key":"SMITH"},{"floor":11,"key":"REST"},{"floor":13,"key":"REST"},{"data":"Shockwave","floor":15,"key":"SMITH"}],"circlet_count":0,"master_deck":["AscendersBane","Strike_R","Strike_R","Strike_R","Strike_R","Defend_R","Defend_R","Defend_R","Defend_R","Bash","Shrug It Off","Sever Soul+1","Shockwave+1","Regret","True Grit","Battle Trance","Dark Embrace+1","Offering","Double Tap","Inflame+1","Second Wind","Reaper"],"relics":["Burning Blood","Frozen Egg 2","Orichalcum","Question Card","StoneCalendar","Mark of Pain"],"acts_visited":["Exordium","TheCity"],"potions_floor_usage":[6,12,12,16,19],"damage_taken":[{"damage":15,"enemies":"Cultist","floor":1,"turns":5},{"damage":9,"enemies":"2 Louse","floor":2,"turns":4},{"damage":4,"enemies":"Jaw Worm","floor":3,"turns":3},{"damage":30,"enemies":"Gremlin Nob","floor":6,"turns":5},{"damage":18,"enemies":"2 Fungi Beasts","floor":8,"turns":4},{"damage":23,"enemies":"Lagavulin","floor":12,"turns":4},{"damage":4,"enemies":"Looter","floor":14,"turns":2},{"damage":36,"enemies":"Slime Boss","floor":16,"turns":7},{"damage":24,"enemies":"3 Byrds","floor":18,"turns":6},{"damage":91,"enemies":"Masked Bandits","floor":19,"turns":5}],"seed_played":"570760963224562199","potions_obtained":[{"floor":2,"key":"SteroidPotion"},{"floor":6,"key":"LiquidMemories"},{"floor":8,"key":"PowerPotion"},{"floor":12,"key":"Explosive Potion"},{"floor":14,"key":"Weak Potion"}],"is_trial":false,"path_per_floor":["M","M","M","T","?","E","R","M","T","$","R","E","R","M","R","B",null,"M","?"],"character_chosen":"IRONCLAD","items_purchased":["Dark Embrace+1","Offering","Double Tap"],"campfire_rested":2,"item_purchase_floors":[10,10,10],"current_hp_per_floor":[66,63,65,65,65,41,41,29,29,29,53,36,60,62,62,32,70,58,0,0],"gold":216,"neow_bonus":"TEN_PERCENT_HP_BONUS","is_daily":false,"chose_seed":false,"campfire_upgraded":2,"win_rate":0.0,"timestamp":1608231459,"path_taken":["M","M","M","?","?","E","R","?","T","$","R","E","R","M","R","BOSS","M","?"],"items_purchased_type":["Card","Card","Card"],"build_version":"2020-12-13","purchased_purges":1,"victory":false,"max_hp_per_floor":[82,82,82,82,82,82,82,82,82,82,82,82,82,82,82,82,82,82,82,82],"relic_stats":{"counters":[10,45],"StoneCalendar":[49],"Orichalcum":[54],"Question Card":4,"obtain_stats":[{"StoneCalendar":12,"Mark of Pain":17,"Frozen Egg 2":4,"Orichalcum":6,"Question Card":9,"Burning Blood":0},{"StoneCalendar":6,"Mark of Pain":8,"Frozen Egg 2":3,"Orichalcum":4,"Question Card":5,"Burning Blood":0},{"StoneCalendar":25,"Mark of Pain":34,"Frozen Egg 2":12,"Orichalcum":17,"Question Card":21,"Burning Blood":0}],"Burning Blood":54},"card_choices":[{"not_picked":["Armaments","Thunderclap"],"picked":"Shrug It Off","floor":1},{"not_picked":["Sword Boomerang","Iron Wave"],"picked":"Sever Soul","floor":2},{"not_picked":["Evolve","Pummel"],"picked":"Shockwave","floor":3},{"not_picked":["Intimidate","Searing Blow"],"picked":"True Grit","floor":6},{"not_picked":["Power Through","Anger"],"picked":"Battle Trance","floor":8},{"not_picked":["Clash","Wild Strike","Headbutt"],"picked":"Inflame+1","floor":12},{"not_picked":["Searing Blow","Wild Strike","Twin Strike"],"picked":"Second Wind","floor":14},{"not_picked":["Double Tap","Feed","Fiend Fire"],"picked":"Reaper","floor":16},{"not_picked":["Sword Boomerang","Shrug It Off","Wild Strike","Iron Wave"],"picked":"SKIP","floor":18}],"player_experience":852109,"relics_obtained":[{"floor":4,"key":"Frozen Egg 2"},{"floor":6,"key":"Orichalcum"},{"floor":9,"key":"Question Card"},{"floor":12,"key":"StoneCalendar"}],"event_choices":[{"damage_healed":0,"gold_gain":275,"player_choice":"Desecrate","damage_taken":0,"max_hp_gain":0,"max_hp_loss":0,"event_name":"Golden Shrine","floor":5,"gold_loss":0,"cards_obtained":["Regret"]},{"damage_healed":0,"gold_gain":0,"player_choice":"Fought Bandits","damage_taken":0,"max_hp_gain":0,"max_hp_loss":0,"event_name":"Masked Bandits","floor":19,"gold_loss":0}],"is_beta":false,"boss_relics":[{"not_picked":["Busted Crown","Runic Cube"],"picked":"Mark of Pain"}],"items_purged_floors":[10],"is_endless":false,"potions_floor_spawned":[2,6,8,12,14],"killed_by":"Masked Bandits","ascension_level":15}}