{"host":"ih7ofq2zpufcoifs","time":1608202329,"event":{"mods":["BaseMod","Colored Map","Minty Spire (QoL Compilation)"],"gold_per_floor":[364,384,399,1,12,12,37,37,37,112,112,112,446,461,461,535,535,552,4,4,4,18,43,63,76,76,92,102,119,19,52,52,125,125,142,160,176,176,31,56,56,56,81,116,132,132,147,164,164,164,164,164,16,42,42],"floor_reached":56,"playtime":6929,"items_purged":["Strike_R","Strike_R"],"score":2051,"play_id":"8011e40e-fb73-4c95-af05-8c39a108a3c5","local_time":"20201217205209","is_ascension_mode":true,"campfire_choices":[{"data":"Combust","floor":6.0,"key":"SMITH"},{"data":"Wild Strike","floor":8.0,"key":"SMITH"},{"floor":12.0,"key":"REST"},{"data":"Bash","floor":15.0,"key":"SMITH"},{"data":"Feel No Pain","floor":32.0,"key":"SMITH"},{"floor":41.0,"key":"RECALL"},{"data":"Disarm","floor":49.0,"key":"SMITH"},{"data":"Bloodletting","floor":52.0,"key":"SMITH"}],"circlet_count":0,"master_deck":["AscendersBane","Strike_R","Strike_R","Strike_R+1","Defend_R","Defend_R","Defend_R","Defend_R","Bash+1","Combust+1","Wild Strike+1","Headbutt","Metallicize","Heavy Blade","Sword Boomerang+1","Blood for Blood","Disarm+1","Feel No Pain+1","Offering","CurseOfTheBell","Barricade+1","Immolate","Rupture+1","Wild Strike+1","Fire Breathing+1","Second Wind","Bloodletting+1","Feel No Pain+1","Uppercut+1","Offering","Reaper","Battle Trance","Dark Embrace+1","Intimidate+1","Purity","Panacea","Dark Embrace+1","Feel No Pain+1","Dual Wield","Spot Weakness","Second Wind+1"],"relics":["Burning Blood","Sling","Meat on the Bone","Ice Cream","Old Coin","Calling Bell","Bag of Marbles","Matryoshka","Bird Faced Urn","Frozen Egg 2","Orrery","Lantern","HornCleat","Oddly Smooth Stone","Strawberry","Singing Bowl","CaptainsWheel","Runic Pyramid","Medical Kit","Letter Opener","Dream Catcher","Pear"],"acts_visited":["Exordium","TheCity","TheBeyond","TheEnding"],"potions_floor_usage":[55,55],"damage_taken":[{"damage":18.0,"enemies":"Jaw Worm","floor":1.0,"turns":4.0},{"damage":5.0,"enemies":"2 Louse","floor":2.0,"turns":3.0},{"damage":0.0,"enemies":"Small Slimes","floor":3.0,"turns":3.0},{"damage":2.0,"enemies":"Exordium Wildlife","floor":5.0,"turns":3.0},{"damage":10.0,"enemies":"Gremlin Nob","floor":7.0,"turns":3.0},{"damage":12.0,"enemies":"Lagavulin","floor":13.0,"turns":5.0},{"damage":11.0,"enemies":"Lots of Slimes","floor":14.0,"turns":3.0},{"damage":18.0,"enemies":"Slime Boss","floor":16.0,"turns":7.0},{"damage":14.0,"enemies":"3 Byrds","floor":18.0,"turns":4.0},{"damage":25.0,"enemies":"Spheric Guardian","floor":22.0,"turns":4.0},{"damage":11.0,"enemies":"Gremlin Leader","floor":23.0,"turns":5.0},{"damage":11.0,"enemies":"Centurion and Healer","floor":24.0,"turns":5.0},{"damage":13.0,"enemies":"Snecko","floor":25.0,"turns":3.0},{"damage":3.0,"enemies":"Chosen and Byrds","floor":27.0,"turns":4.0},{"damage":23.0,"enemies":"3 Cultists","floor":28.0,"turns":5.0},{"damage":18.0,"enemies":"Snake Plant","floor":29.0,"turns":3.0},{"damage":12.0,"enemies":"Slavers","floor":31.0,"turns":1.0},{"damage":52.0,"enemies":"Collector","floor":33.0,"turns":8.0},{"damage":19.0,"enemies":"Orb Walker","floor":35.0,"turns":4.0},{"damage":31.0,"enemies":"3 Darklings","floor":36.0,"turns":6.0},{"damage":28.0,"enemies":"Spire Growth","floor":37.0,"turns":6.0},{"damage":34.0,"enemies":"Nemesis","floor":40.0,"turns":7.0},{"damage":25.0,"enemies":"Giant Head","floor":44.0,"turns":8.0},{"damage":12.0,"enemies":"4 Shapes","floor":45.0,"turns":3.0},{"damage":33.0,"enemies":"Writhing Mass","floor":47.0,"turns":7.0},{"damage":50.0,"enemies":"Spire Growth","floor":48.0,"turns":6.0},{"damage":81.0,"enemies":"Donu and Deca","floor":50.0,"turns":8.0},{"damage":62.0,"enemies":"Shield and Spear","floor":54.0,"turns":9.0},{"damage":42,"enemies":"The Heart","floor":55,"turns":9}],"seed_played":"-8734868453359802316","potions_obtained":[{"floor":1.0,"key":"Energy Potion"},{"floor":2.0,"key":"SteroidPotion"},{"floor":7.0,"key":"Strength Potion"},{"floor":16.0,"key":"SteroidPotion"},{"floor":18.0,"key":"EssenceOfSteel"},{"floor":22.0,"key":"Explosive Potion"},{"floor":23.0,"key":"Block Potion"},{"floor":24.0,"key":"Strength Potion"},{"floor":31.0,"key":"SpeedPotion"},{"floor":36.0,"key":"DuplicationPotion"},{"floor":47.0,"key":"PowerPotion"}],"is_trial":false,"path_per_floor":["M","M","M","$","M","R","E","R","T","?","?","R","E","M","R","B",null,"M","$","?","T","M","E","M","M","T","M","M","M","$","E","R","B",null,"M","M","M","?","$","E","R","?","T","E","M","$","M","M","R","B",null,"R","$","E","B",null],"character_chosen":"IRONCLAD","items_purchased":["Sling","Metallicize","Heavy Blade","Sword Boomerang","Frozen Egg 2","Orrery","Fire Breathing+1","Second Wind","Medical Kit","Dual Wield","Spot Weakness"],"campfire_rested":1,"item_purchase_floors":[4,4,4,4,19,19,19,19,39,53,53],"current_hp_per_floor":[38,39,45,45,49,49,45,45,45,34,11,33,39,46,46,46,68,64,64,64,64,53,58,65,66,73,84,73,69,69,67,67,47,78,73,67,69,69,69,78,78,70,70,88,90,90,92,87,87,86,91,91,91,102,102],"gold":42,"neow_bonus":"TWO_FIFTY_GOLD","is_daily":false,"chose_seed":false,"campfire_upgraded":6,"win_rate":0.0,"timestamp":1608202329,"path_taken":["M","M","M","$","M","R","E","R","T","?","?","R","E","M","R","BOSS","M","$","?","?","M","E","M","M","T","M","M","M","$","E","R","BOSS","M","M","M","?","$","E","R","?","T","E","M","?","M","?","R","BOSS","R","$","E","BOSS"],"items_purchased_type":["Relic","Card","Card","Card","Relic","Relic","Card","Card","Relic","Card","Card"],"build_version":"2020-12-13","purchased_purges":2,"victory":true,"max_hp_per_floor":[75,75,75,75,75,75,75,75,75,75,75,75,75,75,75,75,75,75,75,75,75,75,75,75,75,82,84,84,86,86,88,88,88,88,88,88,88,84,84,86,86,88,88,88,90,90,92,92,92,92,92,92,92,102,102],"card_choices":[{"not_picked":["Flame Barrier","Anger"],"picked":"Combust","floor":1.0},{"not_picked":["Twin Strike","Heavy Blade"],"picked":"Wild Strike","floor":2.0},{"not_picked":["Disarm","Feel No Pain"],"picked":"Headbutt","floor":3.0},{"not_picked":["Thunderclap","Cleave"],"picked":"Blood for Blood","floor":5.0},{"not_picked":["Dark Embrace","Sword Boomerang"],"picked":"Disarm","floor":7.0},{"not_picked":["Bloodletting","Power Through"],"picked":"Feel No Pain","floor":13.0},{"not_picked":["Twin Strike","Clothesline","Pummel"],"picked":"SKIP","floor":14.0},{"not_picked":["Barricade","Berserk"],"picked":"Offering","floor":16.0},{"not_picked":["Anger","Sever Soul","Armaments+1"],"picked":"SKIP","floor":18.0},{"not_picked":["Anger","Havoc"],"picked":"Barricade+1","floor":19.0},{"not_picked":["Cleave","Wild Strike"],"picked":"Immolate","floor":19.0},{"not_picked":["Metallicize+1","Blood for Blood"],"picked":"Rupture+1","floor":19.0},{"not_picked":["Heavy Blade","Sentinel"],"picked":"Wild Strike+1","floor":19.0},{"not_picked":["Uppercut","Intimidate+1"],"picked":"Bloodletting","floor":22.0},{"not_picked":["Clash","Body Slam"],"picked":"Feel No Pain+1","floor":23.0},{"not_picked":["Anger","Headbutt"],"picked":"Uppercut+1","floor":24.0},{"not_picked":["Sever Soul","Cleave","Havoc"],"picked":"SKIP","floor":25.0},{"not_picked":["Rage","Seeing Red","Heavy Blade"],"picked":"Singing Bowl","floor":27.0},{"not_picked":["Headbutt","Shrug It Off"],"picked":"Offering","floor":28.0},{"not_picked":["Pommel Strike+1","Reckless Charge","Iron Wave"],"picked":"Singing Bowl","floor":29.0},{"not_picked":["Armaments","Perfected Strike","Thunderclap"],"picked":"Singing Bowl","floor":31.0},{"not_picked":["Demon Form+1","Berserk+1"],"picked":"Reaper","floor":33.0},{"not_picked":["Warcry","Shrug It Off"],"picked":"Battle Trance","floor":35.0},{"not_picked":["Iron Wave","Seeing Red"],"picked":"Dark Embrace+1","floor":36.0},{"not_picked":["Pummel","Anger"],"picked":"Intimidate+1","floor":37.0},{"not_picked":["Sword Boomerang","Clash","Rampage"],"picked":"Singing Bowl","floor":40.0},{"not_picked":["Sadistic Nature+1","HandOfGreed"],"picked":"Purity","floor":42.0},{"not_picked":["HandOfGreed","Magnetism+1"],"picked":"Panacea","floor":42.0},{"not_picked":["Swift Strike","HandOfGreed","Discovery"],"picked":"Singing Bowl","floor":42.0},{"not_picked":["Shockwave","Flex"],"picked":"Dark Embrace+1","floor":44.0},{"not_picked":["Pommel Strike","Sword Boomerang","Wild Strike"],"picked":"Singing Bowl","floor":45.0},{"not_picked":["Immolate","Blood for Blood","Clothesline"],"picked":"Singing Bowl","floor":47.0},{"not_picked":["Anger+1","Thunderclap+1"],"picked":"Feel No Pain+1","floor":48.0},{"not_picked":["Flame Barrier","Armaments"],"picked":"Second Wind+1","floor":54.0}],"player_experience":383421,"relics_obtained":[{"floor":7.0,"key":"Meat on the Bone"},{"floor":9.0,"key":"Ice Cream"},{"floor":13.0,"key":"Old Coin"},{"floor":17.0,"key":"Bag of Marbles"},{"floor":17.0,"key":"Matryoshka"},{"floor":17.0,"key":"Bird Faced Urn"},{"floor":21.0,"key":"Lantern"},{"floor":21.0,"key":"HornCleat"},{"floor":23.0,"key":"Oddly Smooth Stone"},{"floor":26.0,"key":"Strawberry"},{"floor":26.0,"key":"Singing Bowl"},{"floor":31.0,"key":"CaptainsWheel"},{"floor":40.0,"key":"Letter Opener"},{"floor":44.0,"key":"Dream Catcher"},{"floor":54.0,"key":"Pear"}],"event_choices":[{"damage_healed":0.0,"max_hp_gain":0.0,"max_hp_loss":0.0,"gold_gain":75.0,"event_name":"World of Goop","player_choice":"Gather Gold","floor":10.0,"gold_loss":0.0,"damage_taken":11.0},{"damage_healed":0.0,"max_hp_gain":0.0,"max_hp_loss":0.0,"gold_gain":0.0,"event_name":"Shining Light","player_choice":"Entered Light","floor":11.0,"gold_loss":0.0,"damage_taken":23.0,"cards_upgraded":["Strike_R","Sword Boomerang"]},{"damage_healed":0.0,"max_hp_gain":0.0,"max_hp_loss":4.0,"gold_gain":0.0,"event_name":"Winding Halls","player_choice":"Max HP","floor":38.0,"gold_loss":0.0,"damage_taken":0.0},{"damage_healed":0.0,"max_hp_gain":0.0,"max_hp_loss":0.0,"gold_gain":0.0,"event_name":"SensoryStone","player_choice":"Memory 3","floor":42.0,"gold_loss":0.0,"damage_taken":10.0}],"is_beta":false,"boss_relics":[{"not_picked":["Ectoplasm","Runic Dome"],"picked":"Calling Bell"},{"not_picked":["Runic Cube","Fusion Hammer"],"picked":"Runic Pyramid"}],"items_purged_floors":[4,30],"is_endless":false,"potions_floor_spawned":[1,2,7,16,18,22,23,24,31,36,44,45,47,54],"ascension_level":15}}