{"host":"4iyx5awba3brsmhd","time":1608170981,"event":{"mods":["AchievementEnabler","Act Like it!","BaseMod","Better Match","Colored Powertips","Duelist Mod","Hallownest","Hero for Fun","Hubris","Infinite Spire","Magitek Elite","Marisa????????","Melee Mod","Minty Spire (QoL Compilation)","Quick Restart","Rare Cards Sparkle","Replay The Spire","Robot Space Explorer","Shade Mod","StSLib","SuperFastMode","The Blackbeard","The Blue Laboratory","The Bug Knight","The Cursed","The Necromancer","The Servant 0.9.4","TheWitcher"],"gold_per_floor":[136,64,78,78,93,93,112,139,210,210,225,236,161,172,172,271,271,282,297,297,360,380,380,400,400,400,400,161,161,161,172,172,268,268,333,333,62,74,94,94,119,119,119,119,136,136,136,186,186,186,186],"floor_reached":50,"playtime":3758,"items_purged":["theDuelist:CastleWalls","theDuelist:CastleWalls","theDuelist:Sparks"],"score":631,"play_id":"c6129dff-7a7c-4666-a4a5-b982068f9125","local_time":"20201216210941","is_ascension_mode":true,"campfire_choices":[{"data":"theDuelist:SliferSky","floor":6,"key":"SMITH"},{"data":"theDuelist:CastleDragonSouls","floor":10,"key":"SMITH"},{"floor":15,"key":"REST"},{"floor":23,"key":"REST"},{"floor":27,"key":"REST"},{"floor":29,"key":"REST"},{"data":"theDuelist:CaveDragon","floor":32,"key":"SMITH"},{"floor":40,"key":"REST"},{"floor":42,"key":"REST"},{"floor":46,"key":"REST"},{"floor":49,"key":"REST"}],"circlet_count":0,"master_deck":[],"relics":["theDuelist:MillenniumPuzzle","theDuelist:CardPoolRelic","theDuelist:CardPoolBasicRelic","theDuelist:BoosterPackPoolRelic","theDuelist:CardPoolMinusRelic","theDuelist:CardPoolSaveRelic","theDuelist:CardPoolOptionsRelic","hubris:SphereOfDissonance","hubris:MobiusCoin","Gem_Box","Nloth\u0027s Gift","Replay:Mystery Machine","Fusion Hammer","infinitespire:PuzzleCube","HandDrill","Snake Skull","HollowMod:StagPassRelic","theDuelist:FlowToken","Replay:Kaleidoscope"],"acts_visited":["Exordium","TheCity","TheBeyond"],"potions_floor_usage":[14,16,19],"damage_taken":[{"damage":0,"enemies":"Small Slimes","floor":1,"turns":3},{"damage":6,"enemies":"infinitespire:Voidling","floor":3,"turns":3},{"damage":0,"enemies":"Cultist","floor":5,"turns":2},{"damage":0,"enemies":"Large Slime","floor":7,"turns":2},{"damage":5,"enemies":"Gremlin Nob","floor":8,"turns":4},{"damage":13,"enemies":"Gremlin Gang","floor":11,"turns":4},{"damage":13,"enemies":"Exordium Wildlife","floor":12,"turns":5},{"damage":9,"enemies":"Red Slaver","floor":14,"turns":2},{"damage":0,"enemies":"Slime Boss","floor":16,"turns":4},{"damage":22,"enemies":"Spheric Guardian","floor":18,"turns":5},{"damage":0,"enemies":"Chosen","floor":19,"turns":5},{"damage":18,"enemies":"Snake Plant","floor":21,"turns":3},{"damage":21,"enemies":"3 Cultists","floor":22,"turns":5},{"damage":19,"enemies":"Cultist and Chosen","floor":24,"turns":6},{"damage":0,"enemies":"Sentry and Sphere","floor":31,"turns":6},{"damage":20,"enemies":"Collector","floor":33,"turns":8},{"damage":0,"enemies":"3 Shapes","floor":35,"turns":3},{"damage":2,"enemies":"Orb Walker","floor":38,"turns":3},{"damage":63,"enemies":"4 Shapes","floor":39,"turns":5},{"damage":0,"enemies":"HollowMod:StalkingDevout","floor":41,"turns":4},{"damage":20,"enemies":"Spire Growth","floor":45,"turns":4},{"damage":1,"enemies":"Mind Bloom Boss Battle","floor":48,"turns":5},{"damage":1016,"enemies":"Awakened One","floor":50,"turns":3}],"seed_played":"-7631736357475655945","potions_obtained":[{"floor":1,"key":"FocusPotion"},{"floor":3,"key":"ColorlessPotion"},{"floor":14,"key":"theDuelist:DragonfirePotion"},{"floor":18,"key":"SkillPotion"},{"floor":33,"key":"blueLaboratory:BottleOfRum"},{"floor":39,"key":"Elixir"},{"floor":45,"key":"Weak Potion"}],"is_trial":false,"path_per_floor":["M","$","M","?","M","R","M","E","T","R","M","M","$","M","R","B",null,"M","M","?","M","M","R","M","?","T","R","$","R","?","M","R","B",null,"M","?","$","M","M","R","E","R","T","$","M","R","T","?","R","B"],"character_chosen":"THE_DUELIST","items_purchased":["theDuelist:SliferSky","theDuelist:WaterDragon","HandDrill"],"campfire_rested":8,"item_purchase_floors":[2,28,37],"current_hp_per_floor":[80,80,78,78,78,78,78,73,73,73,60,47,47,38,62,62,80,58,58,58,40,19,43,24,24,24,48,48,72,72,72,72,52,80,80,80,80,78,15,39,39,63,63,63,43,67,67,66,80,0,0],"gold":186,"neow_bonus":"THREE_CARDS","is_daily":false,"chose_seed":false,"campfire_upgraded":3,"win_rate":0.0,"timestamp":1608170981,"path_taken":["M","$","M","?","?","R","?","E","T","R","M","M","$","M","R","BOSS","M","?","?","M","M","R","?","?","T","R","?","R","?","M","R","BOSS","M","?","$","?","M","R","E","R","T","$","M","R","?","?","R","BOSS"],"items_purchased_type":["Card","Card","Relic"],"build_version":"2020-12-13","purchased_purges":3,"victory":false,"max_hp_per_floor":[80,80,80,80,80,80,80,80,80,80,80,80,80,80,80,80,80,80,80,80,80,80,80,80,80,80,80,80,80,80,80,80,80,80,80,80,80,80,80,80,80,80,80,80,80,80,80,80,80,1,1],"card_choices":[{"not_picked":["theDuelist:ExterioFang","theDuelist:AquaDolphin"],"picked":"theDuelist:BeserkDragon","floor":0},{"not_picked":["theDuelist:Hydrogeddon","theDuelist:CyberValley","theDuelist:CurseDragon","theDuelist:BlacklandFireDragon"],"picked":"theDuelist:BlackPtera","floor":1},{"not_picked":["theDuelist:Alpacaribou","theDuelist:CyberTwinDragon"],"picked":"theDuelist:BurstBreath","floor":3},{"not_picked":["theDuelist:NaturiaStagBeetle","theDuelist:MegafleetDragon","theDuelist:CyberneticRevolution","theDuelist:Freezadon"],"picked":"theDuelist:AncientPixieDragon","floor":5},{"not_picked":["theDuelist:NaturiaCliff","theDuelist:CloudianGhost","theDuelist:NaturiaRock","theDuelist:SummoningSwarm"],"picked":"theDuelist:CyberDragonVier","floor":7},{"not_picked":["theDuelist:Anteater","theDuelist:WhiteHornDragon","theDuelist:CyberDragonSieger"],"picked":"theDuelist:CastleDragonSouls","floor":8},{"not_picked":["theDuelist:BattleguardKing","theDuelist:Hinotama","theDuelist:LightningDarts","theDuelist:BigFire"],"picked":"theDuelist:Raigeki","floor":11},{"not_picked":["theDuelist:GaiaDragonChamp","theDuelist:FiveHeaded"],"picked":"theDuelist:GravityLash","floor":12},{"not_picked":["theDuelist:NaturiaRock","theDuelist:NaturiaGaiastrio","theDuelist:CrystalRose","theDuelist:NaturiaLandoise","theDuelist:NaturiaCliff"],"picked":"SKIP","floor":14},{"not_picked":["theDuelist:NaturiaBarkion","theDuelist:Canyon","theDuelist:HeartUnderdog","theDuelist:BlueDuston"],"picked":"theDuelist:Lancephorhynchus","floor":16},{"not_picked":["theDuelist:ForbiddenChalice","theDuelist:Jinzo","theDuelist:JamBreeding","theDuelist:PurplePainOni"],"picked":"theDuelist:LightningDarts","floor":18},{"not_picked":["theDuelist:GishkiAvance","theDuelist:CyberValley","theDuelist:LavaDragon","theDuelist:CyberDragonDrei","theDuelist:CyberEndDragon"],"picked":"SKIP","floor":19},{"not_picked":["theDuelist:Hinotama","theDuelist:DarkCreator","theDuelist:FeatherPho","theDuelist:ShardGreed"],"picked":"theDuelist:HarpieFeather+1","floor":21},{"not_picked":["theDuelist:GoraTurtle+1","theDuelist:Duoterion","theDuelist:CyberDragonCore","theDuelist:AquaDolphin","theDuelist:MorayGreed"],"picked":"SKIP","floor":22},{"not_picked":["theDuelist:RageDeepSea","theDuelist:BlizzardThunderbird","theDuelist:SphereChaos","theDuelist:GishkiEmilia"],"picked":"theDuelist:MaskedDragon","floor":24},{"not_picked":["theDuelist:FishborgBlaster","theDuelist:CyberDragon","theDuelist:Unifrog+1","theDuelist:CyberEltanin","theDuelist:AtlanteanAttackSquad"],"picked":"SKIP","floor":31},{"not_picked":["theDuelist:EvigishkiLevianima","theDuelist:DewlorenTigerKing","theDuelist:TailSwipe","theDuelist:Scapegoat"],"picked":"theDuelist:ArmageddonDragonEmp","floor":33},{"not_picked":["theDuelist:AegisOceanDragon","theDuelist:WhiteHowling+1","theDuelist:CyberLaserDragon"],"picked":"theDuelist:CyberDragonSieger","floor":35},{"not_picked":["theDuelist:ToadallyAwesome","theDuelist:LegendaryOcean+1","theDuelist:CyberLaserDragon+1"],"picked":"theDuelist:Berserking+1","floor":38},{"not_picked":["theDuelist:MadSwordBeast+1","theDuelist:BlackStego+1","theDuelist:FrostflameDragon","theDuelist:CloudianGhost"],"picked":"theDuelist:CaveDragon+1","floor":39},{"not_picked":["theDuelist:Sabersaurus+1","theDuelist:HazyFlameHydra+1","theDuelist:Freezadon","theDuelist:BlackVeloci+1","theDuelist:BlackStego"],"picked":"SKIP","floor":41},{"not_picked":["theDuelist:LegendaryOcean+1","theDuelist:CatapultTurtle+1","theDuelist:WhiteHornDragon+1","theDuelist:Berserking"],"picked":"theDuelist:SilverWing+1","floor":45},{"not_picked":["theDuelist:FishborgArcher","theDuelist:ColdEnchanter","theDuelist:SurvivalFittest+1","theDuelist:BusterBladerDDS+1"],"picked":"theDuelist:WingedDragonRa","floor":48}],"player_experience":406007,"relics_obtained":[{"floor":8,"key":"hubris:SphereOfDissonance"},{"floor":9,"key":"hubris:MobiusCoin"},{"floor":26,"key":"Replay:Mystery Machine"},{"floor":41,"key":"Snake Skull"},{"floor":43,"key":"HollowMod:StagPassRelic"},{"floor":47,"key":"theDuelist:FlowToken"},{"floor":48,"key":"Replay:Kaleidoscope"}],"event_choices":[{"damage_healed":0,"gold_gain":0,"player_choice":"Leave","duelist":true,"damage_taken":0,"max_hp_gain":0,"max_hp_loss":0,"event_name":"Battle City","floor":4,"gold_loss":0},{"damage_healed":0,"gold_gain":0,"player_choice":"Upgraded","damage_taken":0,"max_hp_gain":0,"max_hp_loss":0,"event_name":"Upgrade Shrine","floor":20,"gold_loss":0,"cards_upgraded":["theDuelist:BlackPtera"]},{"damage_healed":0,"gold_gain":0,"player_choice":"Traded Relic","damage_taken":0,"relics_obtained":["Nloth\u0027s Gift"],"max_hp_gain":0,"max_hp_loss":0,"event_name":"N\u0027loth","floor":25,"relics_lost":["theDuelist:CardPoolAddRelic"],"gold_loss":0},{"damage_healed":0,"gold_gain":0,"player_choice":"Leave","duelist":true,"damage_taken":0,"max_hp_gain":0,"max_hp_loss":0,"event_name":"Millennium Items","floor":30,"gold_loss":0},{"damage_healed":0,"gold_gain":0,"player_choice":"Gave Potion","damage_taken":0,"relics_obtained":["infinitespire:PuzzleCube"],"max_hp_gain":0,"max_hp_loss":0,"event_name":"WeMeetAgain","floor":36,"gold_loss":0},{"damage_healed":0,"gold_gain":0,"player_choice":"Fight","damage_taken":0,"max_hp_gain":0,"max_hp_loss":0,"event_name":"MindBloom","floor":48,"gold_loss":0}],"is_beta":false,"boss_relics":[{"not_picked":["Sozu","Ring of Chaos"],"picked":"Gem_Box"},{"not_picked":["Runic Cube","SlaversCollar"],"picked":"Fusion Hammer"}],"items_purged_floors":[13,28,37],"is_endless":false,"potions_floor_spawned":[1,3,14,18,33,39,45],"killed_by":"Awakened One","ascension_level":2}}