{"host":"szp1d6dso4pv7ddl","time":1608179871,"event":{"mods":["AchievementEnabler","Alarm Clock","BaseMod","Bestiary","Block Reminder","Colored Map","Colored Powertips","Curses Come First","Displayed Cursed Tome","Highlight Path","Minty Spire (QoL Compilation)","Permanent Neow","Quick Restart","Relic Stats","StSLib"],"gold_per_floor":[116,129,129,54,67,67,67,79,150,178,178,193,206,225,225,225,225],"floor_reached":16,"playtime":842,"items_purged":["Defend_R"],"score":161,"play_id":"3eb9f802-caed-4a3c-ae14-fb565f347db3","local_time":"20201216203751","is_ascension_mode":true,"campfire_choices":[{"data":"Uppercut","floor":6,"key":"SMITH"},{"floor":11,"key":"REST"},{"data":"Armaments","floor":15,"key":"SMITH"}],"circlet_count":0,"master_deck":["AscendersBane","Strike_R","Strike_R","Strike_R","Strike_R","Defend_R","Defend_R","Bash","Entrench","Uppercut+1","Pommel Strike","Body Slam+1","Armaments+1","Immolate","Shrug It Off","Headbutt","Shrug It Off"],"relics":["Burning Blood","Shuriken","Boot"],"acts_visited":["Exordium"],"potions_floor_usage":[14],"damage_taken":[{"damage":11,"enemies":"Cultist","floor":1,"turns":4},{"damage":11,"enemies":"Jaw Worm","floor":2,"turns":3},{"damage":10,"enemies":"2 Louse","floor":5,"turns":3},{"damage":17,"enemies":"Blue Slaver","floor":8,"turns":3},{"damage":32,"enemies":"3 Sentries","floor":10,"turns":9},{"damage":11,"enemies":"Exordium Thugs","floor":12,"turns":4},{"damage":10,"enemies":"Red Slaver","floor":13,"turns":3},{"damage":9,"enemies":"3 Louse","floor":14,"turns":3},{"damage":30,"enemies":"Hexaghost","floor":16,"turns":10}],"seed_played":"6210730135780173752","potions_obtained":[{"floor":2,"key":"SkillPotion"},{"floor":8,"key":"Energy Potion"},{"floor":10,"key":"BloodPotion"},{"floor":14,"key":"SpeedPotion"}],"is_trial":false,"path_per_floor":["M","M","?","$","M","R","?","M","T","E","R","M","M","M","R","B"],"character_chosen":"IRONCLAD","items_purchased":[],"campfire_rested":1,"item_purchase_floors":[],"current_hp_per_floor":[67,62,55,55,51,51,51,40,40,14,38,33,29,42,42,12,12],"gold":225,"neow_bonus":"TRANSFORM_TWO_CARDS","is_daily":false,"chose_seed":false,"campfire_upgraded":2,"win_rate":0.0,"timestamp":1608179871,"path_taken":["M","M","?","$","M","R","?","M","T","E","R","M","?","M","R","BOSS"],"items_purchased_type":[],"build_version":"2020-12-13","purchased_purges":1,"victory":false,"max_hp_per_floor":[80,80,80,80,80,80,80,80,80,80,80,80,80,80,80,80,80],"relic_stats":{"counters":[9,42],"Shuriken":[1],"Boot":[0],"obtain_stats":[{"Shuriken":9,"Boot":10,"Burning Blood":0},{"Shuriken":4,"Boot":5,"Burning Blood":0},{"Shuriken":13,"Boot":22,"Burning Blood":0}],"Burning Blood":48},"card_choices":[{"not_picked":["Dual Wield","Thunderclap"],"picked":"Pommel Strike","floor":1},{"not_picked":["Dark Embrace","Inflame"],"picked":"Body Slam","floor":2},{"not_picked":["Cleave","Clothesline","Dual Wield"],"picked":"SKIP","floor":5},{"not_picked":["Fire Breathing","Disarm"],"picked":"Armaments","floor":8},{"not_picked":["Armaments","Feel No Pain"],"picked":"Immolate","floor":10},{"not_picked":["Perfected Strike","Warcry"],"picked":"Shrug It Off","floor":12},{"not_picked":["Sword Boomerang","Dark Embrace"],"picked":"Headbutt","floor":13},{"not_picked":["Uppercut","Perfected Strike"],"picked":"Shrug It Off","floor":14}],"player_experience":957981,"relics_obtained":[{"floor":9,"key":"Shuriken"},{"floor":10,"key":"Boot"}],"event_choices":[{"cards_removed":["Pain"],"damage_healed":0,"gold_gain":0,"player_choice":"Card Removal","damage_taken":7,"max_hp_gain":0,"max_hp_loss":0,"event_name":"Golden Wing","floor":3,"gold_loss":0},{"damage_healed":0,"gold_gain":0,"player_choice":"Upgraded","damage_taken":0,"max_hp_gain":0,"max_hp_loss":0,"event_name":"Upgrade Shrine","floor":7,"gold_loss":0,"cards_upgraded":["Body Slam"]}],"is_beta":false,"boss_relics":[],"items_purged_floors":[4],"is_endless":false,"potions_floor_spawned":[2,8,10,14],"killed_by":"Hexaghost","ascension_level":11}}