{"host":"f14d6hm2349s9jse","time":1608217762,"event":{"mods":["2.2 Compatiblity","BaseMod","Minty Spire (QoL Compilation)","StSLib","The Death Knight"],"gold_per_floor":[109,63,63,78,88,88,122,122,148,148,166,186,206,240,240,335,335,352,370,370,370,370,370,80,80,80],"floor_reached":25,"playtime":3506,"items_purged":[],"score":211,"play_id":"83022e6a-87b4-4860-9ad0-99ca8b851f57","local_time":"20201217100922","is_ascension_mode":false,"campfire_choices":[{"data":"DeathKnight:Hysteria","floor":6,"key":"SMITH"},{"floor":8,"key":"REST"},{"data":"DeathKnight:RuneStrike","floor":10,"key":"SMITH"},{"floor":15,"key":"REST"},{"data":"DeathKnight:Marrowrend","floor":23,"key":"SMITH"}],"circlet_count":0,"master_deck":["DeathKnight:Strike_DeathKnight","DeathKnight:Strike_DeathKnight","DeathKnight:Strike_DeathKnight","DeathKnight:Strike_DeathKnight","DeathKnight:Defend_DeathKnight+1","DeathKnight:Defend_DeathKnight","DeathKnight:Defend_DeathKnight+1","DeathKnight:RuneTap","DeathKnight:RuneStrike+1","DeathKnight:IceboundArmor","DeathKnight:Hysteria+1","DeathKnight:HowlingBlast","DeathKnight:BladedArmor","DeathKnight:ThirstingStrike","DeathKnight:DeathsAdvance","DeathKnight:DancingRuneblade","DeathKnight:FoulBulwark","DeathKnight:Marrowrend+1","DeathKnight:SindragosasBreath","DeathKnight:DancingRuneblade+1","DeathKnight:RaiseAlly+1","DeathKnight:UnholyPresence+1","DeathKnight:Culling+1","DeathKnight:IceboundArmor","DeathKnight:IceboundArmor+1"],"relics":["DeathKnight:BrokenRuneblade","NeowsBlessing","Omamori","Ice Cream","War Paint","Darkstone Periapt","Astrolabe","CeramicFish","DeathKnight:TomeOfFrostSpecialization"],"acts_visited":["Exordium","TheCity"],"potions_floor_usage":[14,19,25,25,25],"damage_taken":[{"damage":0,"enemies":"Cultist","floor":1,"turns":1},{"damage":0,"enemies":"Small Slimes","floor":4,"turns":1},{"damage":0,"enemies":"Jaw Worm","floor":5,"turns":1},{"damage":30,"enemies":"3 Sentries","floor":7,"turns":8},{"damage":0,"enemies":"Gremlin Gang","floor":11,"turns":1},{"damage":8,"enemies":"Red Slaver","floor":12,"turns":4},{"damage":12,"enemies":"Blue Slaver","floor":13,"turns":3},{"damage":23,"enemies":"Gremlin Nob","floor":14,"turns":5},{"damage":7,"enemies":"Hexaghost","floor":16,"turns":11},{"damage":29,"enemies":"Spheric Guardian","floor":18,"turns":6},{"damage":45,"enemies":"2 Thieves","floor":19,"turns":4},{"damage":73,"enemies":"Book of Stabbing","floor":25,"turns":5}],"seed_played":"738629179071267411","potions_obtained":[{"floor":4,"key":"LiquidBronze"},{"floor":12,"key":"PowerPotion"},{"floor":13,"key":"PowerPotion"},{"floor":14,"key":"Swift Potion"},{"floor":19,"key":"Explosive Potion"}],"is_trial":false,"path_per_floor":["M","$","?","M","M","R","E","R","T","R","M","M","M","E","R","B",null,"M","M","?","?","?","R","$","E"],"character_chosen":"DEATH_KNIGHT","items_purchased":["DeathKnight:Hysteria","DeathKnight:TomeOfFrostSpecialization","DeathKnight:IceboundArmor+1"],"campfire_rested":2,"item_purchase_floors":[2,24,24],"current_hp_per_floor":[75,75,57,57,57,57,27,49,49,49,49,41,29,6,28,21,75,46,1,1,1,69,69,69,0,0],"gold":80,"neow_bonus":"THREE_ENEMY_KILL","is_daily":false,"chose_seed":false,"campfire_upgraded":3,"win_rate":0.0,"timestamp":1608217762,"path_taken":["M","?","?","M","M","R","E","R","T","R","?","?","M","E","R","BOSS","M","M","?","?","?","R","?","E"],"items_purchased_type":["Card","Relic","Card"],"build_version":"2020-12-13","purchased_purges":0,"victory":false,"max_hp_per_floor":[75,75,75,75,75,75,75,75,75,75,75,75,75,75,75,75,75,75,75,75,75,69,69,69,69,69],"card_choices":[{"not_picked":["DeathKnight:HornOfWinter","DeathKnight:MindFreeze"],"picked":"DeathKnight:IceboundArmor","floor":1},{"not_picked":["DeathKnight:UnholyFrenzy","DeathKnight:DreadStrike"],"picked":"DeathKnight:HowlingBlast","floor":4},{"not_picked":["DeathKnight:PillarOfFrost","DeathKnight:DeathRune"],"picked":"DeathKnight:BladedArmor","floor":5},{"not_picked":["DeathKnight:DeathsAdvance","DeathKnight:MindFreeze"],"picked":"DeathKnight:ThirstingStrike","floor":7},{"not_picked":["DeathKnight:Hemostasis","DeathKnight:RunicCorruption"],"picked":"DeathKnight:DeathsAdvance","floor":11},{"not_picked":["DeathKnight:RaiseAlly","DeathKnight:BludPresence"],"picked":"DeathKnight:DancingRuneblade","floor":12},{"not_picked":["DeathKnight:DeathRune","DeathKnight:BloodPact"],"picked":"DeathKnight:FoulBulwark","floor":13},{"not_picked":["DeathKnight:BladedArmor","DeathKnight:UnholyAssault"],"picked":"DeathKnight:Marrowrend","floor":14},{"not_picked":["DeathKnight:Razorice","DeathKnight:MarkOfBlood"],"picked":"DeathKnight:SindragosasBreath","floor":16},{"not_picked":["DeathKnight:Parry","DeathKnight:IcyTouch"],"picked":"DeathKnight:Culling+1","floor":18},{"not_picked":["DeathKnight:BoneShield","DeathKnight:FesteringStrike+1"],"picked":"DeathKnight:IceboundArmor","floor":19}],"player_experience":2463875,"relics_obtained":[{"floor":7,"key":"Ice Cream"},{"floor":9,"key":"War Paint"},{"floor":14,"key":"Darkstone Periapt"}],"event_choices":[{"damage_healed":0,"gold_gain":0,"player_choice":"Success","damage_taken":18,"relics_obtained":["Omamori"],"max_hp_gain":0,"max_hp_loss":0,"event_name":"Scrap Ooze","floor":3,"gold_loss":0},{"damage_healed":0,"gold_gain":0,"player_choice":"Ignored","damage_taken":0,"max_hp_gain":0,"max_hp_loss":0,"event_name":"Cursed Tome","floor":20,"gold_loss":0},{"damage_healed":0,"gold_gain":0,"player_choice":"Stole Relic","damage_taken":0,"relics_obtained":["CeramicFish"],"max_hp_gain":0,"max_hp_loss":0,"event_name":"Addict","floor":21,"gold_loss":0,"cards_obtained":["Shame"]}],"is_beta":false,"boss_relics":[{"not_picked":["Ectoplasm","Empty Cage"],"picked":"Astrolabe"}],"items_purged_floors":[],"is_endless":false,"potions_floor_spawned":[4,12,13,14,19],"killed_by":"Book of Stabbing","ascension_level":0}}