{"host":"7pe9xwx78c6nlay8","time":1608182275,"event":{"mods":["BaseMod","Minty Spire (QoL Compilation)"],"gold_per_floor":[109,125,125,145,159,178,178,188,188,138,165,165,165,165],"floor_reached":13,"playtime":334,"items_purged":[],"score":135,"play_id":"e141c9fc-9171-4191-8b07-33204604d4a5","local_time":"20201217131755","is_ascension_mode":true,"campfire_choices":[{"data":"Eruption","floor":7,"key":"SMITH"}],"circlet_count":0,"master_deck":["AscendersBane","Strike_P","Strike_P","Strike_P+1","Defend_P","Defend_P","Eruption+1","Vigilance","FollowUp+1","JustLucky","Consecrate","JustLucky","DeusExMachina","JustLucky"],"relics":["PureWater","Eternal Feather","Yang"],"acts_visited":["Exordium"],"potions_floor_usage":[],"damage_taken":[{"damage":7,"enemies":"Small Slimes","floor":1,"turns":2},{"damage":0,"enemies":"Jaw Worm","floor":2,"turns":3},{"damage":0,"enemies":"Cultist","floor":4,"turns":3},{"damage":4,"enemies":"Lots of Slimes","floor":5,"turns":3},{"damage":0,"enemies":"Exordium Wildlife","floor":6,"turns":3},{"damage":8,"enemies":"Gremlin Gang","floor":8,"turns":3},{"damage":32,"enemies":"Gremlin Nob","floor":11,"turns":3},{"damage":0,"enemies":"3 Sentries","floor":13,"turns":2}],"seed_played":"1992880880563155356","potions_obtained":[{"floor":5,"key":"BottledMiracle"},{"floor":6,"key":"DuplicationPotion"}],"is_trial":false,"path_per_floor":["M","M","?","M","M","M","R","M","T","?","E","?","E"],"character_chosen":"WATCHER","items_purchased":[],"campfire_rested":0,"item_purchase_floors":[],"current_hp_per_floor":[58,58,45,45,41,41,41,33,33,33,1,6,6,6],"gold":165,"neow_bonus":"TRANSFORM_TWO_CARDS","is_daily":false,"chose_seed":false,"campfire_upgraded":1,"win_rate":0.0,"timestamp":1608182275,"path_taken":["M","M","?","M","M","M","R","M","T","?","E","?","E"],"items_purchased_type":[],"build_version":"2020-12-13","purchased_purges":0,"victory":false,"max_hp_per_floor":[65,65,65,65,65,65,65,65,65,65,65,65,65,65],"card_choices":[{"not_picked":["Crescendo","Protect"],"picked":"JustLucky","floor":1},{"not_picked":["EmptyBody","ClearTheMind"],"picked":"Consecrate","floor":2},{"not_picked":["EmptyFist","FlurryOfBlows","Vengeance"],"picked":"SKIP","floor":4},{"not_picked":["Study","Crescendo"],"picked":"JustLucky","floor":5},{"not_picked":["FearNoEvil","FlyingSleeves","Sanctity"],"picked":"SKIP","floor":6},{"not_picked":["Indignation","PathToVictory"],"picked":"DeusExMachina","floor":8},{"not_picked":["ReachHeaven","FlurryOfBlows"],"picked":"JustLucky","floor":11}],"player_experience":1531499,"relics_obtained":[{"floor":9,"key":"Eternal Feather"},{"floor":11,"key":"Yang"}],"event_choices":[{"damage_healed":0,"gold_gain":0,"player_choice":"Entered Light","damage_taken":13,"max_hp_gain":0,"max_hp_loss":0,"event_name":"Shining Light","floor":3,"gold_loss":0,"cards_upgraded":["Strike_P","FollowUp"]},{"cards_removed":["Defend_P"],"damage_healed":0,"gold_gain":0,"player_choice":"Card Removal","damage_taken":0,"max_hp_gain":0,"max_hp_loss":0,"event_name":"The Cleric","floor":10,"gold_loss":50},{"cards_removed":["SashWhip"],"damage_healed":5,"gold_gain":0,"player_choice":"Offered Common","damage_taken":0,"max_hp_gain":0,"max_hp_loss":0,"event_name":"Bonfire Elementals","floor":12,"gold_loss":0},{"cards_removed":["SashWhip"],"damage_healed":5,"gold_gain":0,"player_choice":"Offered Special","damage_taken":0,"max_hp_gain":0,"max_hp_loss":0,"event_name":"Bonfire Elementals","floor":12,"gold_loss":0}],"is_beta":false,"boss_relics":[],"items_purged_floors":[],"is_endless":false,"potions_floor_spawned":[5,6,11],"killed_by":"3 Sentries","ascension_level":11}}