{"host":"0uumfqrc8aynrssa","time":1608189100,"event":{"mods":["AchievementEnabler","Act Like it!","AlwaysNeverKeys","Aspiration","Astrologer","BaseMod","Better Altar","Better Match","Better Note","Better Sensory Stone","Better Skull","Better Third Choice","Better Vampires","CapriCore","Colored Map","Colored Powertips","Conspire","Downfall","Energized Spire","Gensokyo","GifTheSpireLib","Hallownest","Hermit","Highlight Path","Infinite Spire","Jorbs\u0027s Wanderer Trilogy","Koishi","Marisa????????","Marked Mod","Minty Spire (QoL Compilation)","Pale of the Ancients","Permanent Neow","RNG Fix","Random Character Button","Rare Cards Sparkle","Reimu??????","Relic Sorter","Remilia??????","Robot Space Explorer","Shop Mod","Spikes Relics","StSLib","Stuff the Spire","The Animator","The Awakened One except there are too many feathers","The Bug Knight","The Cursed","The Hierophant","The Immortal","The IronCluck","The Mystic","The Runesmith","TheBandit","TheFirefly","Trackpad","egg","everything is the same but u backflip on backflip","slay the spire mod where everything is the same but ironclad has a cowboy hat","vexMod"],"gold_per_floor":[99,118,135,135,146,174,252,272,272,272,287,303,316,329,345,444,444,444,473,492,492,417,297,297,316,316,341,355,355,355,369,385,385,385],"floor_reached":33,"playtime":4535,"items_purged":[],"score":293,"play_id":"162bab67-94e7-43c0-a0a3-9392e368aacd","local_time":"20201217021140","is_ascension_mode":false,"campfire_choices":[{"data":"Slimebound:CorrosiveSpit","floor":1,"key":"SMITH"},{"data":"Slimebound:Split","floor":4,"key":"SMITH"},{"data":"Slimebound:ServeAndProtect","floor":10,"key":"SMITH"},{"floor":18,"key":"RECALL"},{"data":"Slimebound:DuplicatedForm","floor":22,"key":"SMITH"},{"data":"Slimebound:SlimeSpikes","floor":26,"key":"SMITH"}],"circlet_count":0,"master_deck":["Slimebound:Strike_Slimebound","Slimebound:Strike_Slimebound","Slimebound:Tackle","Slimebound:Defend_Slimebound","Slimebound:Defend_Slimebound","Slimebound:Defend_Slimebound","Slimebound:Defend_Slimebound","Slimebound:Split+1","Slimebound:CorrosiveSpit+1","Slimebound:SplitLeeching","Slimebound:SplitMire","Slimebound:LeadByExample","Slimebound:LevelUp","Slimebound:ServeAndProtect+1","expansioncontent:Chronoboost","Slimebound:AcidTongue","Slimebound:LevelUp","Slimebound:SlimeSpikes+1","Slimebound:Repurpose","Slimebound:ServeAndProtect","Slimebound:OneTwoCombo","CurseOfTheBell","Slimebound:DuplicatedForm+1","Slimebound:SplitAcid","Gensokyo:AllTheWorldsEvil","Slimebound:SplitBruiser","Slimebound:SlimeBarrage","Slimebound:MassFeed"],"relics":["Slimebound:AbsorbEndCombat","aspiration:Nostalgia","Runesmith:BrokenRuby","CrustySpines","infinitespire:EmpoweringShard","Calling Bell","StuffTheSpire:Gunfinga","Slimebound:MaxSlimesRelic","Ice Cream","vexMod:CardConverter","downfall:HeartBlessingRed","Gensokyo:LionMask","LugNut","StuffTheSpire:Experiment12"],"acts_visited":["Exordium","Gensokyo:Gensokyo"],"potions_floor_usage":[13,27,27,27,33],"damage_taken":[{"damage":8,"enemies":"Gensokyo:Python","floor":2,"turns":3},{"damage":8,"enemies":"Gensokyo:Gryphon","floor":3,"turns":3},{"damage":17,"enemies":"Gensokyo:3_Fairies","floor":5,"turns":4},{"damage":30,"enemies":"Gensokyo:Mamizou","floor":6,"turns":5},{"damage":17,"enemies":"Gensokyo:2_Rabbits","floor":8,"turns":3},{"damage":11,"enemies":"Gensokyo:Kitsune","floor":11,"turns":3},{"damage":13,"enemies":"Gensokyo:5_Fairies","floor":12,"turns":4},{"damage":29,"enemies":"Gensokyo:Gryphon_and_Rabbit","floor":13,"turns":4},{"damage":18,"enemies":"Gensokyo:CorruptedTreant","floor":14,"turns":4},{"damage":8,"enemies":"Gensokyo:LivingMonolith","floor":15,"turns":2},{"damage":28,"enemies":"downfall:Ironclad","floor":16,"turns":9},{"damage":40,"enemies":"Gensokyo:Tenshi","floor":19,"turns":4},{"damage":35,"enemies":"Gensokyo:CosmicMonolith","floor":20,"turns":4},{"damage":27,"enemies":"Gensokyo:2_Gloops","floor":25,"turns":2},{"damage":49,"enemies":"Gensokyo:Koishi","floor":27,"turns":3},{"damage":14,"enemies":"Gensokyo:Mirror_and_Dog","floor":28,"turns":4},{"damage":28,"enemies":"Gensokyo:Monolith_and_Dog","floor":31,"turns":3},{"damage":29,"enemies":"Gensokyo:Chomper_and_Gloop","floor":32,"turns":4},{"damage":31,"enemies":"downfall:Silent","floor":33,"turns":3}],"seed_played":"134341832184448229","potions_obtained":[{"floor":5,"key":"sneckomod:MuddlingPotion"},{"floor":8,"key":"conspire:TimeTravelPotion"},{"floor":11,"key":"DistilledChaos"},{"floor":12,"key":"DuplicationPotion"},{"floor":14,"key":"LiquidBronze"},{"floor":31,"key":"champ:CounterPotion"}],"is_trial":false,"path_per_floor":["R","M","M","R","M","E","T","M","?","R","M","M","M","M","M","B",null,"R","E","M","?","R","?","T","M","R","E","M","?","?","M","M","B"],"character_chosen":"SLIMEBOUND","items_purchased":[],"campfire_rested":0,"item_purchase_floors":[],"current_hp_per_floor":[60,56,58,58,59,48,48,45,45,45,44,41,41,39,45,41,60,60,46,46,48,48,48,48,50,50,31,33,33,35,23,28,0,0],"gold":385,"neow_bonus":"NOSTALGIA","is_daily":false,"chose_seed":false,"campfire_upgraded":5,"win_rate":0.0,"timestamp":1608189100,"path_taken":["R","M","M","R","M","E","T","M","?","R","M","M","M","M","M","BOSS","R","E","M","?","R","?","T","M","R","E","?","?","?","M","M","BOSS"],"items_purchased_type":[],"build_version":"2020-12-13","purchased_purges":0,"victory":false,"max_hp_per_floor":[60,60,60,60,60,60,60,60,60,60,60,60,60,60,60,60,60,60,62,64,66,66,66,66,66,66,68,68,68,70,70,72,72,72],"card_choices":[{"not_picked":["Slimebound:GoopSpray","Slimebound:SplitAcid"],"picked":"Slimebound:SplitLeeching","floor":2},{"not_picked":["Slimebound:Prepare","Slimebound:SlimeBarrage"],"picked":"Slimebound:SplitMire","floor":3},{"not_picked":["Slimebound:GoopTackle","Slimebound:SlimeSpikes"],"picked":"Slimebound:LeadByExample","floor":5},{"not_picked":["Slimebound:Recycling","Slimebound:LeadByExample"],"picked":"Slimebound:LevelUp","floor":6},{"not_picked":["Slimebound:LeechingTouch","Slimebound:GrowthPunch"],"picked":"Slimebound:ServeAndProtect","floor":8},{"not_picked":["Blind","expansioncontent:FaceSlap"],"picked":"expansioncontent:Chronoboost","floor":9},{"not_picked":["Slimebound:SplitMire","Slimebound:Nibble"],"picked":"Slimebound:AcidTongue","floor":11},{"not_picked":["Slimebound:ViciousTackle","Slimebound:Equalize"],"picked":"Slimebound:LevelUp","floor":12},{"not_picked":["Slimebound:LeechingTouch","Slimebound:SplitLeeching"],"picked":"Slimebound:SlimeSpikes","floor":13},{"not_picked":["Slimebound:SplitBruiser","Slimebound:ViciousTackle"],"picked":"Slimebound:Repurpose","floor":14},{"not_picked":["Slimebound:Chomp","Slimebound:ForwardTackle"],"picked":"Slimebound:ServeAndProtect","floor":15},{"not_picked":["Slimebound:DouseInSlime","Slimebound:Recycling"],"picked":"Slimebound:OneTwoCombo","floor":16},{"not_picked":["Slimebound:SamplingLick","Slimebound:ProtectTheBoss"],"picked":"Slimebound:DuplicatedForm","floor":19},{"not_picked":["Slimebound:AcidTongue","Slimebound:GrowthPunch"],"picked":"Slimebound:SplitAcid","floor":20},{"not_picked":["Slimebound:LeechingTouch","Slimebound:GoopSpray+1","Slimebound:RollThrough"],"picked":"SKIP","floor":25},{"not_picked":["Slimebound:LeechEnergy","Slimebound:GoopTackle"],"picked":"Slimebound:SplitBruiser","floor":27},{"not_picked":["Slimebound:FormOfPuddle","Slimebound:GoopTackle+1","Slimebound:ServeAndProtect"],"picked":"SKIP","floor":28},{"not_picked":["Slimebound:RollThrough","Slimebound:GoopSpray","Slimebound:ComboTackle"],"picked":"SKIP","floor":31},{"not_picked":["Slimebound:BestDefense","Slimebound:Nibble"],"picked":"Slimebound:MassFeed","floor":32}],"player_experience":786998,"relics_obtained":[{"floor":6,"key":"CrustySpines"},{"floor":7,"key":"infinitespire:EmpoweringShard"},{"floor":17,"key":"StuffTheSpire:Gunfinga"},{"floor":17,"key":"Slimebound:MaxSlimesRelic"},{"floor":17,"key":"Ice Cream"},{"floor":19,"key":"vexMod:CardConverter"},{"floor":24,"key":"LugNut"},{"floor":27,"key":"StuffTheSpire:Experiment12"}],"event_choices":[{"damage_healed":0,"gold_gain":1,"player_choice":"1","damage_taken":0,"max_hp_gain":0,"max_hp_loss":0,"event_name":"betterStone:BetterStone","floor":9,"gold_loss":0}],"is_beta":false,"boss_relics":[{"not_picked":["vexMod:ImprovementManual","trackpad:Trackpad"],"picked":"Calling Bell"}],"items_purged_floors":[],"is_endless":false,"potions_floor_spawned":[5,8,11,12,14,16,19,20,25,31],"killed_by":"downfall:Silent","ascension_level":0}}