{"host":"jyuuog6ydc2s7nd8","time":1608214449,"event":{"mods":["BaseMod","Better Vampires","Minty Spire (QoL Compilation)","Shop Mod","StSLib","The Hierophant","The Servant 0.9.4","TheBandit","[IsaacMod]ÒÔÈö¼âËþ"],"gold_per_floor":[116,127,127,52,65,93,104,138,138,182,107,126,126,126,126,209,218,231,131,149,24,43,43,74,74,100,112,134,184,296,325,337,421,442,473,375,237,237,102,102,129,129,129,144,177,190,190,190,190,190,190,190,190,15,42,42],"floor_reached":57,"playtime":1825,"items_purged":["Strike_R","Strike_R","Strike_R","Strike_R","Defend_R","Defend_R","Defend_R"],"score":3482,"play_id":"80af1953-850f-4866-9e3d-a0b3bf0eb4bf","local_time":"20201217221409","is_ascension_mode":true,"campfire_choices":[{"data":"Immolate","floor":15.0,"key":"SMITH"},{"data":"Feed","floor":23.0,"key":"SMITH"},{"data":"Second Wind","floor":25.0,"key":"SMITH"},{"data":"Offering","floor":27.0,"key":"SMITH"},{"floor":32.0,"key":"REST"},{"data":"True Grit","floor":40.0,"key":"SMITH"},{"data":"Power Through","floor":42.0,"key":"SMITH"},{"data":"Entrench","floor":47.0,"key":"SMITH"},{"floor":49,"key":"RECALL"},{"data":"Bash","floor":53,"key":"SMITH"}],"circlet_count":0,"master_deck":["AscendersBane","Bash+1","BloodyBrimstone","Immolate+1","Second Wind+1","Shrug It Off+1","Feed+1","Offering+1","Battle Trance+1","True Grit+1","Entrench+1","Power Through+1","Feel No Pain+1"],"relics":["HushsDoor","Runic Dome","BookOfRevelations","Pocketwatch","TungstenRod","BookofShadows","CeramicFish","Anchor","Philosopher\u0027s Stone","GuppysPaw","GuppysCollar","SatanicBible","TheBean","MawBank","Champion Belt","Magic Flower","Paper Frog","Busted Crown","NineLifeCat","CaptainsWheel","TheBible","Darkstone Periapt","Ornamental Fan"],"acts_visited":["Exordium","TheCity","TheBeyond","TheEnding"],"potions_floor_usage":[56,56],"damage_taken":[{"damage":16.0,"enemies":"Small Slimes","floor":1.0,"turns":3.0},{"damage":0.0,"enemies":"Jaw Worm","floor":2.0,"turns":2.0},{"damage":0.0,"enemies":"Cultist","floor":5.0,"turns":3.0},{"damage":8.0,"enemies":"Gremlin Nob","floor":6.0,"turns":3.0},{"damage":23.0,"enemies":"Large Slime","floor":7.0,"turns":4.0},{"damage":10.0,"enemies":"Lagavulin","floor":8.0,"turns":5.0},{"damage":4.0,"enemies":"3 Sentries","floor":10.0,"turns":2.0},{"damage":7.0,"enemies":"Exordium Wildlife","floor":12.0,"turns":2.0},{"damage":0.0,"enemies":"Slime Boss","floor":16.0,"turns":5.0},{"damage":5.0,"enemies":"3 Byrds","floor":18.0,"turns":3.0},{"damage":5.0,"enemies":"Shell Parasite","floor":20.0,"turns":1.0},{"damage":0.0,"enemies":"Snake Plant","floor":22.0,"turns":2.0},{"damage":5.0,"enemies":"Slavers","floor":24.0,"turns":2.0},{"damage":5.0,"enemies":"Shelled Parasite and Fungi","floor":28.0,"turns":1.0},{"damage":0.0,"enemies":"Gremlin Leader","floor":29.0,"turns":3.0},{"damage":0.0,"enemies":"Colosseum Slavers","floor":30.0,"turns":1.0},{"damage":5.0,"enemies":"Colosseum Nobs","floor":30.0,"turns":1.0},{"damage":0.0,"enemies":"Cultist and Chosen","floor":31.0,"turns":2.0},{"damage":0.0,"enemies":"Champ","floor":33.0,"turns":7.0},{"damage":0.0,"enemies":"3 Shapes","floor":35.0,"turns":2.0},{"damage":0.0,"enemies":"Giant Head","floor":41.0,"turns":3.0},{"damage":0.0,"enemies":"3 Darklings","floor":44.0,"turns":2.0},{"damage":0.0,"enemies":"Reptomancer","floor":45.0,"turns":2.0},{"damage":0.0,"enemies":"Transient","floor":46.0,"turns":6.0},{"damage":0,"enemies":"Awakened One","floor":50,"turns":7},{"damage":0,"enemies":"Donu and Deca","floor":51,"turns":6},{"damage":0,"enemies":"Shield and Spear","floor":55,"turns":3},{"damage":0,"enemies":"The Heart","floor":56,"turns":5}],"seed_played":"-2226797720158546081","potions_obtained":[{"floor":2.0,"key":"SmokeBomb"},{"floor":5.0,"key":"LiquidBronze"},{"floor":55,"key":"ColorlessPotion"}],"is_trial":false,"path_per_floor":["M","M","?","?","M","E","M","E","T","E","$","M","?","T","R","B",null,"M","$","M","$","M","R","E","R","T","R","M","E","?","M","R","B",null,"M","?","$","T","$","R","E","R","T","M","E","M","R","?","R","B","B",null,"R","$","E","B",null],"character_chosen":"IRONCLAD","items_purchased":["GuppysPaw","GuppysCollar","SatanicBible","Offering","Entrench","Damocles","NineLifeCat","Power Through","Feel No Pain"],"campfire_rested":1,"item_purchase_floors":[17,17,17,17,34,34,34,39,39],"current_hp_per_floor":[52,52,57,57,57,49,26,16,16,12,12,5,5,5,5,5,19,14,14,9,9,12,12,11,11,11,11,6,6,5,5,15,21,1,5,5,5,5,5,5,5,5,5,2,6,6,6,6,6,6,7,7,7,7,11,8],"gold":42,"neow_bonus":"BOSS_RELIC","is_daily":false,"chose_seed":false,"campfire_upgraded":8,"win_rate":0.0,"timestamp":1608214449,"path_taken":["M","M","?","?","?","E","M","E","T","E","$","M","?","?","R","BOSS","M","$","M","$","M","R","E","R","T","R","M","E","?","M","R","BOSS","M","?","?","?","$","R","E","R","T","M","E","M","R","?","R","BOSS","BOSS","R","$","E","BOSS"],"items_purchased_type":["Relic","Relic","Relic","Card","Card","Relic","Relic","Card","Card"],"build_version":"2020-12-13","purchased_purges":7,"victory":true,"max_hp_per_floor":[75,75,80,80,80,77,77,74,74,71,71,68,68,68,68,65,23,23,23,23,23,26,26,30,30,30,30,30,30,34,34,34,38,1,5,5,5,5,5,5,5,5,5,2,6,6,6,6,6,6,7,7,7,7,11,8],"card_choices":[{"not_picked":[],"picked":"BloodyBrimstone","floor":0.0},{"not_picked":["Pommel Strike","Twin Strike"],"picked":"Immolate","floor":1.0},{"not_picked":["Clash","Evolve","Havoc"],"picked":"SKIP","floor":2.0},{"not_picked":["Rampage","Dual Wield"],"picked":"Bomb","floor":5.0},{"not_picked":["Searing Blow","Whirlwind","Perfected Strike"],"picked":"SKIP","floor":6.0},{"not_picked":["True Grit","Pommel Strike"],"picked":"Second Wind","floor":7.0},{"not_picked":["Demon Form","Headbutt","Inflame"],"picked":"SKIP","floor":8.0},{"not_picked":["Clash","Headbutt"],"picked":"Shrug It Off","floor":10.0},{"not_picked":["Flex","Anger","Perfected Strike"],"picked":"SKIP","floor":12.0},{"not_picked":["Exhume","Impervious"],"picked":"Feed","floor":16.0},{"not_picked":["Headbutt","Clash+1","Flex"],"picked":"SKIP","floor":18.0},{"not_picked":["Disarm","Heavy Blade","Clash"],"picked":"SKIP","floor":20.0},{"not_picked":["Dual Wield","Blood for Blood"],"picked":"Battle Trance+1","floor":22.0},{"not_picked":["Double Tap","Second Wind+1","Clothesline"],"picked":"SKIP","floor":24.0},{"not_picked":["Clash","Thunderclap","Headbutt"],"picked":"SKIP","floor":28.0},{"not_picked":["Feel No Pain","Demon Form"],"picked":"True Grit","floor":29.0},{"not_picked":["Cleave","Fire Breathing","Ghostly Armor"],"picked":"SKIP","floor":31.0},{"not_picked":["Warcry"],"picked":"SKIP","floor":35.0},{"not_picked":["Hemokinesis"],"picked":"SKIP","floor":41.0},{"not_picked":["Flex"],"picked":"SKIP","floor":44.0},{"not_picked":["Uppercut+1"],"picked":"SKIP","floor":45.0},{"not_picked":["Iron Wave"],"picked":"SKIP","floor":46.0},{"not_picked":["Thunderclap"],"picked":"SKIP","floor":55}],"player_experience":1752697,"relics_obtained":[{"floor":6.0,"key":"Pocketwatch"},{"floor":8.0,"key":"TungstenRod"},{"floor":9.0,"key":"BookofShadows"},{"floor":10.0,"key":"CeramicFish"},{"floor":14.0,"key":"Anchor"},{"floor":24.0,"key":"TheBean"},{"floor":26.0,"key":"MawBank"},{"floor":29.0,"key":"Champion Belt"},{"floor":30.0,"key":"Magic Flower"},{"floor":30.0,"key":"Paper Frog"},{"floor":41.0,"key":"CaptainsWheel"},{"floor":43.0,"key":"TheBible"},{"floor":45.0,"key":"Darkstone Periapt"},{"floor":55,"key":"Ornamental Fan"}],"event_choices":[{"damage_healed":0.0,"max_hp_gain":5.0,"max_hp_loss":0.0,"gold_gain":0.0,"event_name":"Big Fish","player_choice":"Donut","floor":3.0,"gold_loss":0.0,"damage_taken":0.0},{"cards_removed":["Strike_R"],"damage_healed":0.0,"max_hp_gain":0.0,"max_hp_loss":0.0,"gold_gain":0.0,"event_name":"The Cleric","player_choice":"Card Removal","floor":4.0,"gold_loss":75.0,"damage_taken":0.0},{"damage_healed":0.0,"max_hp_gain":0.0,"max_hp_loss":0.0,"gold_gain":0.0,"event_name":"Liars Game","player_choice":"Ignored","floor":13.0,"gold_loss":0.0,"damage_taken":0.0},{"damage_healed":0.0,"max_hp_gain":0.0,"max_hp_loss":0.0,"gold_gain":0.0,"event_name":"Colosseum","player_choice":"Fight","floor":30.0,"gold_loss":0.0,"damage_taken":0.0},{"damage_healed":0.0,"max_hp_gain":0.0,"max_hp_loss":0.0,"gold_gain":0.0,"event_name":"Colosseum","player_choice":"Fought Nobs","floor":30.0,"gold_loss":0.0,"damage_taken":0.0},{"cards_removed":["Defend_R"],"damage_healed":0.0,"max_hp_gain":0.0,"max_hp_loss":0.0,"gold_gain":0.0,"event_name":"Designer","player_choice":"Upgrade and Remove","floor":36.0,"gold_loss":110.0,"damage_taken":0.0,"cards_upgraded":["Shrug It Off"]},{"damage_healed":0,"gold_gain":0,"player_choice":"Forge","damage_taken":0,"max_hp_gain":0,"max_hp_loss":0,"event_name":"Accursed Blacksmith","floor":48,"gold_loss":0,"cards_upgraded":["Feel No Pain"]}],"is_beta":false,"boss_relics":[{"not_picked":["Tiny House","Ectoplasm"],"picked":"Philosopher\u0027s Stone"},{"not_picked":[]},{"not_picked":["Runic Cube","Astrolabe"],"picked":"Busted Crown"},{"not_picked":[]}],"items_purged_floors":[11,17,19,21,34,37,54],"is_endless":false,"potions_floor_spawned":[2,5,6,16,18,20,31,33,35,45,55],"ascension_level":20}}