{"host":"fqid566djxhwi0rl","time":1608213911,"event":{"mods":["2.2 Compatiblity","AchievementEnabler","Aspiration","BaseMod","Downfall","Energized Spire","Faster Ascension Climbing","GifTheSpireLib","Minty Spire (QoL Compilation)","Replay The Spire","StSLib","The Blackbeard","The Gatherer","Trackpad","Yuri Mod"],"gold_per_floor":[115,65,77,87,101,133,133,163,163,163,175,250,250,277,277,379,379,393,393,412,427,439,439,477,477,477,507,574,574,624,697,697,801,801,817,835,500,550,562,592,223,223,223,324,292,292],"floor_reached":45,"playtime":2376,"items_purged":["sneckomod:Strike","Amnesia","sneckomod:Strike"],"score":811,"play_id":"b6fd55c8-c0c3-4e11-bc16-0528558fea56","local_time":"20201217160511","is_ascension_mode":true,"campfire_choices":[{"data":"sneckomod:WideSting","floor":7,"key":"SMITH"},{"floor":10,"key":"REST"},{"floor":15,"key":"REST"},{"floor":23,"key":"REST"},{"data":"sneckomod:Nope","floor":25,"key":"SMITH"},{"floor":29,"key":"REST"},{"floor":32,"key":"REST"},{"data":"ReplayUltimateDefense","floor":42,"key":"SMITH"}],"circlet_count":1,"master_deck":["AscendersBane","sneckomod:Defend","sneckomod:Defend","sneckomod:Defend","sneckomod:TailWhip+1","sneckomod:SnekBite","sneckomod:Unknown","sneckomod:Unknown","sneckomod:QuickMove","sneckomod:UnknownCommonAttack","sneckomod:UnknownClassPURPLE","sneckomod:UnknownEthereal","sneckomod:WideSting+1","sneckomod:UnknownColorless","sneckomod:Unknown0Cost","sneckomod:UnknownClassGREEN","sneckomod:UnknownRarePower","sneckomod:Nope+1","sneckomod:SerpentIdol","sneckomod:UnknownExhaust+1","hexamod:FirstSeal","sneckomod:Unknown3Cost","sneckomod:QuickBite+1","sneckomod:SoulExchange","sneckomod:SoulExchange","sneckomod:UnknownUncommonPower+1","ReplayUltimateDefense+1"],"relics":["sneckomod:SneckoSoul","Smiling Mask","trackpad:RapidFire","White Beast Statue","Odd Mushroom","energizedSpire:DeadBattery","SsserpentHead","Pear","ReplayTheSpireMod:Lightbulb","trackpad:ByrdBGone","ReplayTheSpireMod:Ring of Addiction","Potion Belt","Circlet","Dream Catcher","Busted Crown","trackpad:Compendium","Prayer Wheel","Anchor","Replay:Kaleidoscope","Peace Pipe"],"acts_visited":["Exordium","TheCity","TheBeyond"],"potions_floor_usage":[8,11,16,21,21,24,28,28,33,35,35,35,36,39,40,44,44],"damage_taken":[{"damage":13,"enemies":"Jaw Worm","floor":1,"turns":4},{"damage":5,"enemies":"Small Slimes","floor":3,"turns":3},{"damage":0,"enemies":"2 Louse","floor":4,"turns":2},{"damage":10,"enemies":"Gremlin Gang","floor":5,"turns":7},{"damage":17,"enemies":"3 Sentries","floor":6,"turns":9},{"damage":8,"enemies":"Gremlin Nob","floor":8,"turns":4},{"damage":13,"enemies":"Large Slime","floor":11,"turns":3},{"damage":23,"enemies":"The Mushroom Lair","floor":14,"turns":4},{"damage":24,"enemies":"Hexaghost","floor":16,"turns":8},{"damage":11,"enemies":"Shell Parasite","floor":18,"turns":5},{"damage":3,"enemies":"2 Thieves","floor":20,"turns":3},{"damage":7,"enemies":"Snake Plant","floor":21,"turns":3},{"damage":17,"enemies":"3 Cultists","floor":22,"turns":4},{"damage":8,"enemies":"Gremlin Leader","floor":24,"turns":5},{"damage":14,"enemies":"Replay:Snechameleon","floor":27,"turns":5},{"damage":28,"enemies":"Cultist and Chosen","floor":28,"turns":5},{"damage":17,"enemies":"Automaton","floor":33,"turns":8},{"damage":0,"enemies":"Orb Walker","floor":35,"turns":4},{"damage":0,"enemies":"3 Darklings","floor":36,"turns":3},{"damage":9,"enemies":"4 Shapes","floor":39,"turns":3},{"damage":56,"enemies":"Nemesis","floor":40,"turns":5},{"damage":27,"enemies":"2 Orb Walkers","floor":44,"turns":4},{"damage":37,"enemies":"R_Hoarder","floor":45,"turns":6}],"seed_played":"7506892348969494922","potions_obtained":[{"floor":4,"key":"sneckomod:MuddlingPotion"},{"floor":6,"key":"DuplicationPotion"},{"floor":11,"key":"FearPotion"},{"floor":14,"key":"Swift Potion"},{"floor":16,"key":"Fire Potion"},{"floor":16,"key":"Venom Potion"},{"floor":20,"key":"SkillPotion"},{"floor":21,"key":"Ancient Potion"},{"floor":22,"key":"Slimebound:ThreeZeroPotion"},{"floor":24,"key":"Energy Potion"},{"floor":27,"key":"AttackPotion"},{"floor":28,"key":"FearPotion"},{"floor":30,"key":"GamblersBrew"},{"floor":30,"key":"Dexterity Potion"},{"floor":30,"key":"Fire Potion"},{"floor":33,"key":"LiquidBronze"},{"floor":35,"key":"hexamod:EctoCoolerPotion"},{"floor":36,"key":"Explosive Potion"},{"floor":39,"key":"champ:CounterPotion"},{"floor":40,"key":"Slimebound:ThreeZeroPotion"},{"floor":44,"key":"FearPotion"}],"is_trial":false,"path_per_floor":["M","$","M","M","M","E","R","E","T","R","M","?","?","?","R","B",null,"M","?","M","M","M","R","E","R","T","E","M","R","?","T","R","B",null,"M","M","$","?","M","E","$","R","T","?","E"],"character_chosen":"THE_SNECKO","items_purchased":["trackpad:Compendium","sneckomod:SoulExchange","ReplayUltimateDefense","Anchor"],"campfire_rested":5,"item_purchase_floors":[37,37,41,41],"current_hp_per_floor":[68,68,64,65,56,39,39,32,32,60,48,37,37,15,43,20,78,67,67,64,57,40,69,72,72,72,58,31,63,63,63,95,78,101,108,108,108,108,110,57,57,57,57,30,0,0],"gold":292,"neow_bonus":"RANDOM_COMMON_RELIC","is_daily":false,"chose_seed":false,"campfire_upgraded":3,"win_rate":0.0,"timestamp":1608213911,"path_taken":["M","$","M","M","M","E","R","E","T","R","M","?","?","?","R","BOSS","M","?","M","M","M","R","E","R","T","E","?","R","?","?","R","BOSS","M","M","$","?","M","E","$","R","T","?","E"],"items_purchased_type":["Relic","Card","Card","Relic"],"build_version":"2020-12-13","purchased_purges":3,"victory":false,"max_hp_per_floor":[90,90,91,92,93,93,93,94,94,94,95,95,95,96,96,97,97,97,97,97,97,97,97,108,108,108,108,109,109,109,109,109,109,109,109,109,109,109,113,114,114,114,114,112,112,112],"card_choices":[{"not_picked":["sneckomod:UnknownBlock","sneckomod:MixItUp"],"picked":"sneckomod:QuickMove","floor":1},{"not_picked":["sneckomod:IronFang","sneckomod:Unknown1Cost"],"picked":"sneckomod:UnknownCommonAttack","floor":3},{"not_picked":["sneckomod:RainOfDice","sneckomod:WideSting"],"picked":"sneckomod:UnknownClassPURPLE","floor":4},{"not_picked":["sneckomod:QuickMove","sneckomod:ImprovisedGuard"],"picked":"sneckomod:UnknownEthereal","floor":5},{"not_picked":["sneckomod:SlitherStrike","sneckomod:UnknownVulnerable"],"picked":"sneckomod:WideSting","floor":6},{"not_picked":["sneckomod:SoulRoll","sneckomod:IronFang"],"picked":"sneckomod:UnknownColorless","floor":8},{"not_picked":["sneckomod:WideSting","sneckomod:IronFang"],"picked":"sneckomod:Unknown0Cost","floor":11},{"not_picked":["sneckomod:Unknown1Cost","sneckomod:UnknownStrike"],"picked":"sneckomod:UnknownClassGREEN","floor":14},{"not_picked":["sneckomod:Unknown3Cost","sneckomod:Restock"],"picked":"sneckomod:UnknownRarePower","floor":16},{"not_picked":["sneckomod:UnknownCommonSkill","sneckomod:UnknownUncommonSkill"],"picked":"sneckomod:Nope","floor":18},{"not_picked":["sneckomod:WideSting+1","sneckomod:UnknownClassTHE_CHAMP_GRAY"],"picked":"sneckomod:SerpentIdol","floor":20},{"not_picked":["sneckomod:DefensiveFlair","sneckomod:UnknownCommonAttack+1","sneckomod:UnknownClassGREEN"],"picked":"SKIP","floor":21},{"not_picked":["sneckomod:MixItUp","sneckomod:UnknownStrike","sneckomod:UnknownUncommonSkill+1"],"picked":"SKIP","floor":22},{"not_picked":["sneckomod:UnknownStrike","sneckomod:UnknownClassRED+1"],"picked":"sneckomod:UnknownExhaust+1","floor":24},{"not_picked":["sneckomod:UnknownExhaust","sneckomod:UnknownClassTHE_CHAMP_GRAY","sneckomod:SoulCleanse"],"picked":"SKIP","floor":27},{"not_picked":["hexamod:FourthSeal","hexamod:SecondSeal"],"picked":"hexamod:FirstSeal","floor":28},{"not_picked":["sneckomod:UnknownStrength","sneckomod:CheapStock"],"picked":"sneckomod:Unknown3Cost","floor":28},{"not_picked":["sneckomod:DiceCrush","sneckomod:SoulCleanse"],"picked":"sneckomod:QuickBite+1","floor":32},{"not_picked":["sneckomod:Mudshield","sneckomod:UnknownRarePower"],"picked":"sneckomod:SoulExchange","floor":33},{"not_picked":["sneckomod:UnknownCommonSkill+1"],"picked":"SKIP","floor":35},{"not_picked":["sneckomod:QuickMove"],"picked":"SKIP","floor":36},{"not_picked":["sneckomod:UnknownCommonSkill+1"],"picked":"SKIP","floor":39},{"not_picked":[],"picked":"sneckomod:UnknownUncommonPower+1","floor":40}],"player_experience":702975,"relics_obtained":[{"floor":6,"key":"Pocketwatch"},{"floor":8,"key":"trackpad:RapidFire"},{"floor":9,"key":"White Beast Statue"},{"floor":14,"key":"Odd Mushroom"},{"floor":24,"key":"Pear"},{"floor":26,"key":"ReplayTheSpireMod:Lightbulb"},{"floor":27,"key":"trackpad:ByrdBGone"},{"floor":30,"key":"ReplayTheSpireMod:Ring of Addiction"},{"floor":30,"key":"Potion Belt"},{"floor":30,"key":"Circlet"},{"floor":31,"key":"Dream Catcher"},{"floor":40,"key":"Prayer Wheel"},{"floor":43,"key":"Replay:Kaleidoscope"},{"floor":44,"key":"Peace Pipe"}],"event_choices":[{"damage_healed":0,"gold_gain":75,"player_choice":"Gather Gold","damage_taken":11,"max_hp_gain":0,"max_hp_loss":0,"event_name":"World of Goop","floor":12,"gold_loss":0},{"damage_healed":0,"gold_gain":0,"player_choice":"Fought Mushrooms","damage_taken":0,"max_hp_gain":0,"max_hp_loss":0,"event_name":"Mushrooms","floor":14,"gold_loss":0},{"damage_healed":0,"gold_gain":0,"player_choice":"Trade","damage_taken":0,"relics_obtained":["SsserpentHead"],"max_hp_gain":0,"max_hp_loss":0,"event_name":"FaceTrader","floor":19,"gold_loss":0},{"cards_removed":["sneckomod:Strike"],"damage_healed":0,"gold_gain":0,"player_choice":"Removed Attack","damage_taken":0,"max_hp_gain":0,"max_hp_loss":0,"event_name":"Falling","floor":38,"gold_loss":0},{"damage_healed":0,"gold_gain":0,"player_choice":"Fight","damage_taken":0,"max_hp_gain":0,"max_hp_loss":0,"event_name":"Mysterious Sphere","floor":44,"gold_loss":0}],"is_beta":false,"boss_relics":[{"not_picked":["Tiny House","Kintsugi"],"picked":"energizedSpire:DeadBattery"},{"not_picked":["aspiration:RitualDagger","aspiration:RandomNobGenerator"],"picked":"Busted Crown"}],"items_purged_floors":[2,37,41],"is_endless":false,"potions_floor_spawned":[4,6,11,14,16,18,20,21,22,24,27,28,33,35,36,39,40,44],"killed_by":"R_Hoarder","ascension_level":11}}