{"host":"bxn2em57qlx5u4i0","time":1608181176,"event":{"mods":["BaseMod","Colored Map","Colored Powertips","Highlight Path","Minty Spire (QoL Compilation)","Random Character Button","Relic Sorter","Relic Stats","StSLib","SuperFastMode"],"gold_per_floor":[117,117,8,8,8,8,8],"floor_reached":6,"playtime":108,"items_purged":[],"score":64,"play_id":"9e93c572-0e36-4d6a-b5f3-d18bb8ef742a","local_time":"20201216235936","is_ascension_mode":true,"campfire_choices":[],"circlet_count":0,"master_deck":["AscendersBane","Strike_G","Strike_G","Strike_G+1","Strike_G+1","Defend_G","Defend_G","Defend_G","Defend_G","Defend_G","Survivor","Neutralize","Poisoned Stab"],"relics":["Ring of the Snake","Potion Belt"],"acts_visited":["Exordium"],"potions_floor_usage":[6],"damage_taken":[{"damage":4,"enemies":"Small Slimes","floor":1,"turns":5},{"damage":32,"enemies":"Lagavulin","floor":6,"turns":5}],"seed_played":"-8726808270058060239","potions_obtained":[{"floor":0,"key":"AttackPotion"},{"floor":0,"key":"GamblersBrew"}],"is_trial":false,"path_per_floor":["M","?","$","?","?","E"],"character_chosen":"THE_SILENT","items_purchased":["FairyPotion"],"campfire_rested":0,"item_purchase_floors":[3],"current_hp_per_floor":[55,20,20,19,19,0,0],"gold":8,"neow_bonus":"THREE_SMALL_POTIONS","is_daily":false,"chose_seed":false,"campfire_upgraded":0,"win_rate":0.0,"timestamp":1608181176,"path_taken":["M","?","$","?","?","E"],"items_purchased_type":["Potion"],"build_version":"2020-12-13","purchased_purges":0,"victory":false,"max_hp_per_floor":[66,66,66,66,66,66,66],"relic_stats":{"counters":[2,10],"obtain_stats":[{"Potion Belt":2,"Ring of the Snake":0},{"Potion Belt":1,"Ring of the Snake":0},{"Potion Belt":5,"Ring of the Snake":0}],"Ring of the Snake":[4]},"card_choices":[{"not_picked":["Underhanded Strike","Distraction"],"picked":"Poisoned Stab","floor":1}],"player_experience":2803150,"relics_obtained":[],"event_choices":[{"damage_healed":0,"gold_gain":0,"player_choice":"Success","damage_taken":35,"relics_obtained":["Potion Belt"],"max_hp_gain":0,"max_hp_loss":0,"event_name":"Scrap Ooze","floor":2,"gold_loss":0},{"damage_healed":0,"gold_gain":0,"player_choice":"Entered Light","damage_taken":20,"max_hp_gain":0,"max_hp_loss":0,"event_name":"Shining Light","floor":4,"gold_loss":0,"cards_upgraded":["Strike_G","Strike_G"]},{"cards_removed":["Strike_G"],"damage_healed":0,"gold_gain":0,"player_choice":"Offered Basic","damage_taken":0,"max_hp_gain":0,"max_hp_loss":0,"event_name":"Bonfire Elementals","floor":5,"gold_loss":0}],"is_beta":false,"boss_relics":[],"items_purged_floors":[],"is_endless":false,"potions_floor_spawned":[],"killed_by":"Lagavulin","ascension_level":20}}