{"host":"yassvrowvc2yfwp2","time":1608211966,"event":{"mods":["2.2 Compatiblity","Act Like it!","BaseMod","Better Note","Downfall","HololiveMod","Jorbs\u0027s Wanderer Trilogy","Minty Spire (QoL Compilation)","Prisma Mod","Rare Cards Sparkle","Reimu£®≤©¿ˆ¡È√Œ£©","Replay The Spire","Spicy Shops","StSLib","The Bug Knight","The Cursed","The Servant 0.9.4"],"gold_per_floor":[99,153,176,176,176,215,215,238,253,253,96,96,119,104,127,243,243,243,274,274,312,327,327,352,382,382,307,330,345,368,368,391,491,491,550,573,565,106,106,124,174,24,62,62,85,100,131,170,193,193],"floor_reached":51,"playtime":2369,"items_purged":[],"score":1046,"play_id":"d86d6018-32b6-4829-99e2-d23135ac2369","local_time":"20201217213246","daily_mods":["Insanity","ControlledChaos","Binary"],"is_ascension_mode":false,"campfire_choices":[{"data":"hexamod:GhostOfSpirePresent","floor":1,"key":"SMITH"},{"floor":5,"key":"REST"},{"data":"hexamod:GhostOfSpirePresent","floor":10,"key":"SMITH"},{"floor":18,"key":"RECALL"},{"floor":27,"key":"REST"},{"floor":39,"key":"DIG"},{"floor":44,"key":"DIG"}],"circlet_count":0,"master_deck":["hexamod:InspiringFlames","hexamod:GhostOfSpirePresent+1","hexamod:RadiantFlame","hexamod:BacktrackSmack","hexamod:EmpoweredFlame","hexamod:InspiringFlames","hexamod:EtherealExpedition","hexamod:RainOfEmbers","hexamod:FastForward","hexamod:FourthSeal","hexamod:GhostOfSpirePresent+1","hexamod:StepThrough","hexamod:ShieldOfDarkness","hexamod:ThermalTransfer","hexamod:RadiantFlame","hexamod:FastForward","hexamod:FastForward","hexamod:RainOfEmbers","hexamod:SecondSeal","hexamod:ShieldOfDarkness","hexamod:BacktrackSmack","hexamod:Hexaguard","hexamod:BacktrackSmack","hexamod:SpectersWail","hexamod:NightmareGuise","hexamod:BacktrackSmack","hexamod:SecondSeal","hexamod:ShieldOfDarkness","hexamod:HeatShield","hexamod:NightmareStrike","hexamod:AdvancingGuard","hexamod:ShieldOfDarkness","hexamod:RainOfEmbers","hexamod:RainOfEmbers","hexamod:Firestarter","hexamod:HeatShield","hexamod:SecondSeal","hexamod:InspiringFlames","hexamod:SwordOfDarkness","hexamod:ShieldOfDarkness","hexamod:GhostLash","hexamod:HeatMetal","hexamod:FastForward","hexamod:HeatShield","hexamod:ThermalTransfer","hexamod:ShieldOfDarkness","hexamod:FastForward","hexamod:ShieldOfDarkness","hexamod:ExtraCrispy","hexamod:SoulSteal","hexamod:PhantomCloak","hexamod:EtherealExpedition","hexamod:ApocalypseNow","hexamod:SpectersWail","hexamod:GhostShield","hexamod:TimeWarp","hexamod:FourthSeal","hexamod:FastForward+1","hexamod:GhostLash","hexamod:NightmareGuise","hexamod:ThirdSeal","hexamod:HeatMetal+1","hexamod:BurningTouch+1","hexamod:GiftsFromTheDead","hexamod:ChargedBarrage","hexamod:GhostflameBarrier+1","hexamod:EmpoweredFlame+1","hexamod:SpectralSpark","hexamod:Toasty","Writhe","Decay","stsjorbsmod:Withering","hexamod:NecessarySacrifice+1","hexamod:SpectersWail+1","hexamod:SecondSeal","hexamod:GhostLash","hexamod:EmpoweredFlame","hexamod:RainOfEmbers+1","hexamod:GhostOfSpirePresent","hexamod:SpectralSpark+1","hexamod:DynamicBlow+1","Parasite","hexamod:GhostLash+1","hexamod:SecondSeal","hexamod:GhostLash+1"],"relics":["hexamod:SpiritBrand","Frozen Eye","Toy Ornithopter","Replay:Bottled Steam","Guardian:PocketSentry","downfall:ShatteredFragment","ReplayTheSpireMod:CursedCoin","Bronze Scales","hexamod:IceCube","White Beast Statue","Boot","Ornamental Fan","downfall:HeartBlessingRed","Replay:Ancient Bell","Lantern","Mirror","Replay:Multitool","Du-Vu Doll","Blue Doll","hexamod:SoulOfChaos","Art of War","Replay:Rubber Ducky","Replay:Baseball"],"acts_visited":["Exordium","TheCity","TheBeyond"],"potions_floor_usage":[21,25,28,29,30,30,32,36,36,38,48],"damage_taken":[{"damage":15,"enemies":"3 Sentries","floor":2,"turns":6},{"damage":0,"enemies":"Cultist","floor":3,"turns":3},{"damage":0,"enemies":"2 Louse","floor":6,"turns":5},{"damage":3,"enemies":"Jaw Worm","floor":8,"turns":3},{"damage":1,"enemies":"2 Fungi Beasts","floor":9,"turns":3},{"damage":0,"enemies":"downfall:FleeingMerchant","floor":11,"turns":4},{"damage":0,"enemies":"3 Louse","floor":13,"turns":3},{"damage":0,"enemies":"downfall:FleeingMerchant","floor":14,"turns":4},{"damage":1,"enemies":"Large Slime","floor":15,"turns":4},{"damage":18,"enemies":"downfall:Silent","floor":16,"turns":7},{"damage":4,"enemies":"Chosen","floor":19,"turns":4},{"damage":28,"enemies":"Slavers","floor":21,"turns":6},{"damage":7,"enemies":"Sentry and Sphere","floor":22,"turns":4},{"damage":6,"enemies":"Book of Stabbing","floor":25,"turns":4},{"damage":11,"enemies":"Snake Plant","floor":28,"turns":3},{"damage":0,"enemies":"Centurion and Healer","floor":29,"turns":3},{"damage":0,"enemies":"3 Cultists","floor":30,"turns":5},{"damage":0,"enemies":"Shelled Parasite and Fungi","floor":32,"turns":4},{"damage":6,"enemies":"downfall:Defect","floor":33,"turns":6},{"damage":18,"enemies":"3 Darklings","floor":36,"turns":4},{"damage":0,"enemies":"downfall:FleeingMerchant","floor":38,"turns":4},{"damage":0,"enemies":"2 Orb Walkers","floor":40,"turns":5},{"damage":0,"enemies":"Giant Head","floor":43,"turns":7},{"damage":0,"enemies":"3 Shapes","floor":45,"turns":4},{"damage":5,"enemies":"Jaw Worm Horde","floor":46,"turns":4},{"damage":0,"enemies":"4 Shapes","floor":47,"turns":5},{"damage":0,"enemies":"Writhing Mass","floor":48,"turns":5},{"damage":0,"enemies":"Maw","floor":49,"turns":5},{"damage":0,"enemies":"downfall:Watcher","floor":50,"turns":6}],"seed_played":"-4230686447748436371","potions_obtained":[{"floor":2,"key":"SmokeBomb"},{"floor":3,"key":"SpeedPotion"},{"floor":6,"key":"Fire Potion"},{"floor":16,"key":"SkillPotion"},{"floor":19,"key":"Fire Potion"},{"floor":21,"key":"SneckoOil"},{"floor":22,"key":"PowerPotion"},{"floor":25,"key":"Energy Potion"},{"floor":28,"key":"LiquidMemories"},{"floor":29,"key":"Dexterity Potion"},{"floor":30,"key":"Strength Potion"},{"floor":30,"key":"ColorlessPotion"},{"floor":32,"key":"FearPotion"},{"floor":33,"key":"DuplicationPotion"},{"floor":36,"key":"Regen Potion"},{"floor":36,"key":"SkillPotion"},{"floor":38,"key":"Ancient Potion"},{"floor":48,"key":"Flashbang"}],"is_trial":false,"path_per_floor":["R","E","M","?","R","M","T","M","M","R","$","?","M","$","M","B",null,"R","M","?","E","M","?","T","E","?","R","M","M","M","?","M","B",null,"R","M","?","$","R","?","T","?","E","R","M","M","M","M","M","B",null],"character_chosen":"THE_SPIRIT","items_purchased":["Guardian:PocketSentry","ReplayTheSpireMod:CursedCoin","Bronze Scales","Du-Vu Doll","hexamod:EmpoweredFlame"],"campfire_rested":2,"item_purchase_floors":[11,14,14,38,38],"current_hp_per_floor":[70,55,55,55,70,70,70,67,66,66,66,45,45,45,44,26,70,70,66,66,43,36,36,36,35,35,56,50,55,65,65,70,64,70,70,62,62,67,67,67,67,80,80,80,80,75,75,80,80,80],"gold":193,"neow_bonus":"","is_daily":true,"chose_seed":false,"campfire_upgraded":2,"win_rate":0.0,"timestamp":1608211966,"path_taken":["R","E","M","?","R","M","T","M","M","R","$","?","M","?","M","BOSS","R","M","?","E","M","?","T","E","?","R","?","M","M","?","M","BOSS","R","M","?","$","R","?","T","?","E","R","M","?","M","M","M","BOSS"],"items_purchased_type":["Relic","Relic","Relic","Relic","Card"],"build_version":"2020-12-13","purchased_purges":0,"victory":true,"max_hp_per_floor":[70,70,70,70,70,70,70,70,70,70,70,70,70,70,70,70,70,70,70,70,70,70,70,70,70,70,70,70,70,70,70,70,70,70,70,70,70,70,70,70,70,80,80,80,80,80,80,80,80,80],"card_choices":[{"not_picked":["hexamod:Firestarter"],"picked":"hexamod:ExtraCrispy","floor":2},{"not_picked":["hexamod:Firestarter"],"picked":"hexamod:SoulSteal","floor":3},{"not_picked":["hexamod:BacktrackSmack"],"picked":"hexamod:PhantomCloak","floor":6},{"not_picked":["hexamod:SwordOfDarkness","hexamod:RainOfEmbers"],"picked":"SKIP","floor":8},{"not_picked":["hexamod:BurningTouch","hexamod:GhostLash"],"picked":"SKIP","floor":9},{"not_picked":["hexamod:ChargedBarrage"],"picked":"hexamod:EtherealExpedition","floor":11},{"not_picked":["hexamod:Haunt"],"picked":"hexamod:ApocalypseNow","floor":13},{"not_picked":["hexamod:SwordOfDarkness"],"picked":"hexamod:SpectersWail","floor":14},{"not_picked":["hexamod:RainOfEmbers"],"picked":"hexamod:GhostShield","floor":15},{"not_picked":["hexamod:FifthSeal"],"picked":"hexamod:TimeWarp","floor":16},{"not_picked":["hexamod:GhostLash"],"picked":"hexamod:FourthSeal","floor":19},{"not_picked":["hexamod:StepThrough"],"picked":"hexamod:FastForward+1","floor":21},{"not_picked":["hexamod:ThermalTransfer"],"picked":"hexamod:GhostLash","floor":22},{"not_picked":["hexamod:GhostShield"],"picked":"hexamod:HeatMetal+1","floor":25},{"not_picked":["hexamod:AdvancingGuard+1"],"picked":"hexamod:BurningTouch+1","floor":28},{"not_picked":["hexamod:GhostLash+1"],"picked":"hexamod:GiftsFromTheDead","floor":29},{"not_picked":["hexamod:FastForward+1"],"picked":"hexamod:ChargedBarrage","floor":29},{"not_picked":["hexamod:ThermalTransfer+1"],"picked":"hexamod:GhostflameBarrier+1","floor":30},{"not_picked":["hexamod:InspiringFlames"],"picked":"hexamod:EmpoweredFlame+1","floor":32},{"not_picked":["hexamod:SwordOfDarkness+1"],"picked":"hexamod:SpectralSpark","floor":32},{"not_picked":["hexamod:ApocalypticArmor"],"picked":"hexamod:Toasty","floor":33},{"not_picked":["Sickly"],"picked":"Writhe","floor":34},{"not_picked":["Regret"],"picked":"Decay","floor":34},{"not_picked":["Delirium"],"picked":"stsjorbsmod:Withering","floor":34},{"not_picked":["hexamod:StepThrough+1"],"picked":"hexamod:NecessarySacrifice+1","floor":36},{"not_picked":["hexamod:BurningTouch+1"],"picked":"hexamod:SpectersWail+1","floor":36},{"not_picked":["hexamod:FastForward"],"picked":"hexamod:GhostLash","floor":38},{"not_picked":["hexamod:GhostShield"],"picked":"hexamod:RainOfEmbers+1","floor":40},{"not_picked":["hexamod:SpectersWail+1"],"picked":"hexamod:GhostOfSpirePresent","floor":43},{"not_picked":["hexamod:GiftsFromTheDead"],"picked":"hexamod:SpectralSpark+1","floor":45},{"not_picked":["hexamod:BacktrackSmack+1","hexamod:RainOfEmbers"],"picked":"SKIP","floor":46},{"not_picked":["hexamod:RainOfEmbers+1"],"picked":"hexamod:DynamicBlow+1","floor":47},{"not_picked":["hexamod:ShieldOfDarkness"],"picked":"hexamod:GhostLash+1","floor":48},{"not_picked":["hexamod:BurningTouch+1"],"picked":"hexamod:SecondSeal","floor":48},{"not_picked":["hexamod:GhostShield"],"picked":"hexamod:GhostLash+1","floor":49}],"player_experience":1923819,"relics_obtained":[{"floor":2,"key":"Toy Ornithopter"},{"floor":7,"key":"Replay:Bottled Steam"},{"floor":21,"key":"White Beast Statue"},{"floor":24,"key":"Boot"},{"floor":25,"key":"Ornamental Fan"},{"floor":39,"key":"Blue Doll"},{"floor":40,"key":"hexamod:SoulOfChaos"},{"floor":41,"key":"Art of War"},{"floor":43,"key":"Replay:Rubber Ducky"},{"floor":44,"key":"Replay:Baseball"}],"event_choices":[{"cards_removed":["ReplayTheSpireMod:Restless Dread"],"damage_healed":0,"gold_gain":0,"player_choice":"Elegance","damage_taken":0,"max_hp_gain":0,"max_hp_loss":0,"event_name":"Back to Basics","floor":20,"gold_loss":0},{"damage_healed":0,"gold_gain":0,"cards_transformed":["hexamod:RainOfEmbers","hexamod:BacktrackSmack"],"player_choice":"Became Test Subject","damage_taken":0,"max_hp_gain":0,"max_hp_loss":0,"event_name":"Drug Dealer","floor":23,"gold_loss":0,"cards_obtained":["hexamod:NightmareGuise","hexamod:ThirdSeal"]},{"damage_healed":0,"gold_gain":0,"player_choice":"Fight","damage_taken":0,"max_hp_gain":0,"max_hp_loss":0,"event_name":"Mysterious Sphere","floor":40,"gold_loss":0}],"is_beta":false,"boss_relics":[{"not_picked":["Hololive_TopUpMoneyS","Ectoplasm"],"picked":"hexamod:IceCube"},{"not_picked":["Calling Bell","Runic Pyramid"],"picked":"Replay:Ancient Bell"},{"not_picked":["Replay:Wax Seal","Grinning Jar"],"picked":"Lantern"},{"not_picked":["Replay:Accelerometer","Onion Ring"],"picked":"Mirror"},{"not_picked":["WingedGreaves","Replay:PocketPolymizer"],"picked":"Replay:Multitool"}],"items_purged_floors":[],"is_endless":false,"potions_floor_spawned":[3,9,13,15,16,22,25,28,29,30,32,33,36,38,40,43,45,46,47,49],"ascension_level":0}}