{"host":"sum4dy402bbv9y4o","time":1608235938,"event":{"mods":["Aspiration","BaseMod","Conspire","Highlight Path","Minty Spire (QoL Compilation)","StSLib"],"gold_per_floor":[111,15,90,105,105,105,138,138,138,151,151,151,201,43,43,116,116,128,128,0,17,17,48,48,82,82,82,82,99,111,121,121,195,195,215,43,62,72,86,86,104,104,182,182,182,198,198,216,216,216,216],"floor_reached":50,"playtime":1758,"items_purged":["conspire:GhostlyStrike"],"score":1010,"play_id":"31104945-9a3a-4e3d-9f88-701146e660c8","local_time":"20201217231218","is_ascension_mode":true,"campfire_choices":[{"data":"Dualcast","floor":6,"key":"SMITH"},{"floor":8,"key":"REST"},{"floor":15,"key":"REST"},{"floor":27,"key":"REST"},{"floor":32,"key":"REST"},{"floor":40,"key":"REST"},{"floor":42,"key":"REST"},{"data":"Berserk","floor":44,"key":"SMITH"},{"floor":49,"key":"REST"}],"circlet_count":0,"master_deck":["AscendersBane","conspire:GhostlyStrike+1","conspire:GhostlyStrike","conspire:GhostlyDefend","conspire:GhostlyDefend","conspire:GhostlyDefend","Zap","Dualcast+1","Capacitor","Ball Lightning+1","Lockon","Seek","Sweeping Beam","Ball Lightning","Conserve Battery","Cold Snap","Electrodynamics","BootSequence","RitualDagger","Self Repair","Rebound","Barrage","All Out Attack","Corpse Explosion","EmptyFist","Go for the Eyes","Consecrate","Berserk+1","Gash","BowlingBash","Parasite","Seek","Writhe"],"relics":["Cracked Core","aspiration:Nostalgia","PureWater","Symbiotic Virus","Thread and Needle","aspiration:ChemicalBlood","aspiration:BursterCore","PrismaticShard","aspiration:FaultyCoupler","Orichalcum","Pantograph","Empty Cage","Runic Capacitor","conspire:BottledYoYo"],"acts_visited":["Exordium","TheCity","TheBeyond"],"potions_floor_usage":[7,25,25,30,31,33,35,35,38,38,38,39,41,46,46,46,48,50,50],"damage_taken":[{"damage":0,"enemies":"2 Louse","floor":1,"turns":2},{"damage":2,"enemies":"Jaw Worm","floor":4,"turns":3},{"damage":33,"enemies":"3 Sentries","floor":7,"turns":7},{"damage":0,"enemies":"Small Slimes","floor":10,"turns":2},{"damage":32,"enemies":"Hexaghost","floor":16,"turns":8},{"damage":0,"enemies":"3 Byrds","floor":18,"turns":1},{"damage":0,"enemies":"Chosen","floor":21,"turns":2},{"damage":0,"enemies":"Gremlin Leader","floor":23,"turns":5},{"damage":40,"enemies":"Book of Stabbing","floor":25,"turns":4},{"damage":2,"enemies":"Centurion and Healer","floor":29,"turns":5},{"damage":14,"enemies":"Shelled Parasite and Fungi","floor":30,"turns":4},{"damage":0,"enemies":"3 Cultists","floor":31,"turns":3},{"damage":24,"enemies":"Champ","floor":33,"turns":9},{"damage":33,"enemies":"3 Darklings","floor":35,"turns":3},{"damage":2,"enemies":"3 Shapes","floor":37,"turns":5},{"damage":28,"enemies":"3 Darklings","floor":38,"turns":4},{"damage":0,"enemies":"Sphere and 2 Shapes","floor":39,"turns":3},{"damage":13,"enemies":"4 Shapes","floor":41,"turns":3},{"damage":27,"enemies":"Writhing Mass","floor":46,"turns":7},{"damage":11,"enemies":"Jaw Worm Horde","floor":48,"turns":3},{"damage":74,"enemies":"conspire:OrnateMirror","floor":50,"turns":5}],"seed_played":"4684889336714810508","potions_obtained":[{"floor":4,"key":"EssenceOfSteel"},{"floor":16,"key":"GamblersBrew"},{"floor":25,"key":"SkillPotion"},{"floor":31,"key":"Energy Potion"},{"floor":35,"key":"AttackPotion"},{"floor":35,"key":"LiquidMemories"},{"floor":39,"key":"ColorlessPotion"},{"floor":41,"key":"Ancient Potion"},{"floor":50,"key":"Dexterity Potion"}],"is_trial":false,"path_per_floor":["M","$","?","M","?","R","E","R","T","M","?","?","T","$","R","B",null,"M","?","$","M","?","E","$","E","T","R","?","M","M","M","R","B",null,"M","$","M","M","M","R","M","R","T","R","?","M","?","M","R","B"],"character_chosen":"DEFECT","items_purchased":["Ball Lightning","Lockon","Conserve Battery","Cold Snap","Self Repair","Rebound","Runic Capacitor"],"campfire_rested":7,"item_purchase_floors":[2,2,14,14,20,20,36],"current_hp_per_floor":[64,64,53,51,51,51,18,39,39,39,39,18,18,18,39,7,55,55,49,49,56,44,51,51,11,11,32,28,33,26,26,47,54,67,41,41,39,18,18,39,26,47,47,47,47,30,44,33,54,0,0],"gold":216,"neow_bonus":"NOSTALGIA","is_daily":false,"chose_seed":false,"campfire_upgraded":2,"win_rate":0.0,"timestamp":1608235938,"path_taken":["M","$","?","M","?","R","E","R","T","M","?","?","?","$","R","BOSS","M","?","$","M","?","E","$","E","T","R","?","M","M","M","R","BOSS","M","$","M","M","M","R","M","R","T","R","?","M","?","M","R","BOSS"],"items_purchased_type":["Card","Card","Card","Card","Card","Card","Relic"],"build_version":"2020-12-13","purchased_purges":1,"victory":false,"max_hp_per_floor":[71,71,71,71,71,71,71,71,71,71,71,71,71,71,71,71,71,71,71,71,71,71,71,71,71,71,71,71,71,71,71,71,71,71,71,71,71,71,71,71,71,71,71,71,71,71,71,71,71,71,71],"card_choices":[{"not_picked":["Coolheaded","Rebound"],"picked":"Capacitor","floor":1},{"not_picked":["Double Energy","Turbo"],"picked":"Seek","floor":4},{"not_picked":["Steam","Compile Driver"],"picked":"Sweeping Beam","floor":7},{"not_picked":["Chaos","Static Discharge"],"picked":"Ball Lightning","floor":10},{"not_picked":["Thunder Strike","Seek"],"picked":"Electrodynamics","floor":16},{"not_picked":["Auto Shields","Sweeping Beam"],"picked":"BootSequence","floor":18},{"not_picked":["Streamline","Sweeping Beam"],"picked":"Barrage","floor":21},{"not_picked":["Steam","Prepared"],"picked":"All Out Attack","floor":23},{"not_picked":["Heel Hook","Warcry+1"],"picked":"Corpse Explosion","floor":25},{"not_picked":["Turbo","Hologram"],"picked":"EmptyFist","floor":29},{"not_picked":["Redo","Quick Slash"],"picked":"Go for the Eyes","floor":30},{"not_picked":["Anger","Cleave"],"picked":"Consecrate","floor":31},{"not_picked":["Corpse Explosion","Creative AI"],"picked":"Berserk","floor":33},{"not_picked":["Compile Driver","Clothesline+1"],"picked":"Gash","floor":35},{"not_picked":["Turbo","Undo","Heatsinks"],"picked":"SKIP","floor":37},{"not_picked":["Go for the Eyes","Eviscerate+1","Caltrops"],"picked":"SKIP","floor":38},{"not_picked":["Consecrate","Riddle With Holes"],"picked":"BowlingBash","floor":39},{"not_picked":["Dodge and Roll","Caltrops","Good Instincts"],"picked":"SKIP","floor":41},{"not_picked":["Underhanded Strike","Sweeping Beam"],"picked":"Seek","floor":46},{"not_picked":["Slice","Storm","Blind"],"picked":"SKIP","floor":48}],"player_experience":2817545,"relics_obtained":[{"floor":7,"key":"Symbiotic Virus"},{"floor":9,"key":"Thread and Needle"},{"floor":13,"key":"aspiration:ChemicalBlood"},{"floor":22,"key":"PrismaticShard"},{"floor":23,"key":"aspiration:FaultyCoupler"},{"floor":25,"key":"Orichalcum"},{"floor":26,"key":"Pantograph"},{"floor":43,"key":"conspire:BottledYoYo"}],"event_choices":[{"damage_healed":0,"gold_gain":75,"player_choice":"Gather Gold","damage_taken":11,"max_hp_gain":0,"max_hp_loss":0,"event_name":"World of Goop","floor":3,"gold_loss":0},{"damage_healed":0,"gold_gain":0,"player_choice":"Agree","damage_taken":0,"max_hp_gain":0,"max_hp_loss":0,"event_name":"conspire:LoneGhost","floor":5,"gold_loss":0},{"damage_healed":0,"gold_gain":0,"player_choice":"Ignored","damage_taken":0,"max_hp_gain":0,"max_hp_loss":0,"event_name":"Golden Idol","floor":11,"gold_loss":0},{"damage_healed":0,"gold_gain":0,"player_choice":"Entered Light","damage_taken":21,"max_hp_gain":0,"max_hp_loss":0,"event_name":"Shining Light","floor":12,"gold_loss":0,"cards_upgraded":["conspire:GhostlyStrike","Ball Lightning"]},{"damage_healed":0,"gold_gain":0,"player_choice":"Joined the Cult","damage_taken":6,"max_hp_gain":0,"max_hp_loss":0,"event_name":"Nest","floor":19,"gold_loss":0,"cards_obtained":["RitualDagger"]},{"damage_healed":0,"gold_gain":0,"player_choice":"Leave","damage_taken":0,"max_hp_gain":0,"max_hp_loss":0,"event_name":"conspire:Investor","floor":28,"gold_loss":0},{"damage_healed":14,"gold_gain":0,"player_choice":"Writhe","damage_taken":0,"max_hp_gain":0,"max_hp_loss":0,"event_name":"Winding Halls","floor":47,"gold_loss":0,"cards_obtained":["Writhe"]}],"is_beta":false,"boss_relics":[{"not_picked":["SacredBark","conspire:RoyalGoblet"],"picked":"aspiration:BursterCore"},{"not_picked":["Calling Bell","Coffee Dripper"],"picked":"Empty Cage"}],"items_purged_floors":[14],"is_endless":false,"potions_floor_spawned":[4,16,25,29,31,33,35,39],"killed_by":"conspire:OrnateMirror","ascension_level":20}}