{"host":"oc5h2hqz0xgb0igf","time":1608186329,"event":{"mods":["AchievementEnabler","BaseMod","Card Forge","Colored Map","Colored Powertips","Minty Spire (QoL Compilation)","Rare Cards Sparkle","StSLib"],"gold_per_floor":[110,110,110,130,405,440,440,475,475,475,494,505,520,551,551,647,647,661,661,505,518,533,565,565,565,565,565,595,609,309,339,339,434,434,451,468,468,486,341,376,376,405,457,467,493,127,127,141,141,141,141,141,19,48,48],"floor_reached":56,"playtime":3303,"items_purged":[],"score":1984,"play_id":"9a94cdf9-aa53-4790-8dd4-685f3d9257cb","local_time":"20201216222529","is_ascension_mode":true,"campfire_choices":[{"data":"Alpha","floor":7,"key":"SMITH"},{"data":"Establishment","floor":15,"key":"SMITH"},{"data":"MasterReality","floor":24,"key":"SMITH"},{"data":"Protect","floor":27,"key":"SMITH"},{"data":"Scrawl","floor":32,"key":"SMITH"},{"floor":41,"key":"RECALL"},{"floor":47,"key":"REST"},{"floor":49,"key":"REST"},{"floor":52,"key":"REST"}],"circlet_count":0,"master_deck":["Alpha+1","DeceiveReality+1","Establishment+1","MasterReality+1","Protect+1","Scrawl+1","Vault+1","DeceiveReality+1","Vault+1","DeceiveReality+1","Alpha+1"],"relics":["PureWater","Hammer of Thor","Seething Fire","Anvil of the Gods","NeowsBlessing","HornCleat","Eternal Feather","Pear","Ancient Tea Set","Black Star","Nunchaku","PreservedInsect","Letter Opener","Strawberry","Oddly Smooth Stone","Regal Pillow","Vajra","Art of War","Medical Kit","Gremlin Horn","War Paint","Philosopher\u0027s Stone","ClockworkSouvenir","Toxic Egg 2","Juzu Bracelet","Blood Vial","The Courier","Potion Belt","Omamori","Thread and Needle","Melange","Anchor","Bronze Scales"],"acts_visited":["Exordium","TheCity","TheBeyond","TheEnding"],"potions_floor_usage":[18,28,54,55,55],"damage_taken":[{"damage":0,"enemies":"Small Slimes","floor":1,"turns":4},{"damage":0,"enemies":"Cultist","floor":4,"turns":5},{"damage":22,"enemies":"3 Sentries","floor":6,"turns":8},{"damage":0,"enemies":"Gremlin Nob","floor":8,"turns":5},{"damage":0,"enemies":"2 Louse","floor":11,"turns":4},{"damage":0,"enemies":"Red Slaver","floor":12,"turns":3},{"damage":0,"enemies":"Looter","floor":13,"turns":3},{"damage":0,"enemies":"Lagavulin","floor":14,"turns":5},{"damage":0,"enemies":"The Guardian","floor":16,"turns":8},{"damage":10,"enemies":"2 Thieves","floor":18,"turns":3},{"damage":12,"enemies":"3 Byrds","floor":21,"turns":4},{"damage":9,"enemies":"Centurion and Healer","floor":22,"turns":5},{"damage":0,"enemies":"Gremlin Leader","floor":23,"turns":5},{"damage":0,"enemies":"Slavers","floor":28,"turns":4},{"damage":0,"enemies":"Shelled Parasite and Fungi","floor":29,"turns":6},{"damage":0,"enemies":"Book of Stabbing","floor":31,"turns":5},{"damage":0,"enemies":"Champ","floor":33,"turns":8},{"damage":0,"enemies":"Orb Walker","floor":35,"turns":4},{"damage":0,"enemies":"3 Darklings","floor":36,"turns":2},{"damage":0,"enemies":"Transient","floor":38,"turns":7},{"damage":0,"enemies":"Nemesis","floor":40,"turns":5},{"damage":0,"enemies":"Giant Head","floor":42,"turns":8},{"damage":0,"enemies":"Sphere and 2 Shapes","floor":44,"turns":4},{"damage":0,"enemies":"Nemesis","floor":45,"turns":5},{"damage":0,"enemies":"Maw","floor":48,"turns":5},{"damage":0,"enemies":"Donu and Deca","floor":50,"turns":5},{"damage":0,"enemies":"Shield and Spear","floor":54,"turns":3},{"damage":27,"enemies":"The Heart","floor":55,"turns":8}],"seed_played":"-7646788481292171044","potions_obtained":[{"floor":1,"key":"EntropicBrew"},{"floor":6,"key":"Energy Potion"},{"floor":8,"key":"LiquidBronze"},{"floor":22,"key":"LiquidMemories"},{"floor":23,"key":"BlessingOfTheForge"},{"floor":28,"key":"Explosive Potion"},{"floor":33,"key":"Fire Potion"},{"floor":37,"key":"BottledMiracle"}],"is_trial":false,"path_per_floor":["M","?","$","M","?","E","R","E","T","$","M","M","M","E","R","B",null,"M","?","$","M","M","E","R","?","T","R","E","M","$","E","R","B",null,"M","M","?","M","$","E","R","E","T","M","E","$","R","M","R","B",null,"R","$","E","B",null],"character_chosen":"WATCHER","items_purchased":["PreservedInsect","Art of War","Medical Kit","ClockworkSouvenir","Thread and Needle","Alpha+1","Melange"],"campfire_rested":3,"item_purchase_floors":[20,30,30,39,46,46,53],"current_hp_per_floor":[72,72,72,72,72,50,50,50,60,60,60,60,60,60,66,66,82,72,72,72,60,51,58,64,64,64,70,70,70,70,70,76,76,89,89,89,89,89,89,89,89,89,89,89,89,89,89,89,89,89,89,89,89,89,62],"gold":48,"neow_bonus":"THREE_ENEMY_KILL","is_daily":false,"chose_seed":false,"campfire_upgraded":5,"win_rate":0.0,"timestamp":1608186329,"path_taken":["M","?","?","?","?","E","R","E","T","$","M","M","M","E","R","BOSS","M","?","$","M","M","E","R","?","T","R","E","?","$","E","R","BOSS","M","M","?","M","?","E","R","E","T","M","E","$","R","M","R","BOSS","R","$","E","BOSS"],"items_purchased_type":["Relic","Relic","Relic","Relic","Relic","Card","Relic"],"build_version":"2020-12-13","purchased_purges":0,"victory":true,"max_hp_per_floor":[72,72,72,72,72,72,72,72,82,82,82,82,82,82,82,82,82,82,82,82,82,82,89,89,89,89,89,89,89,89,89,89,89,89,89,89,89,89,89,89,89,89,89,89,89,89,89,89,89,89,89,89,89,89,89],"card_choices":[{"not_picked":["FearNoEvil","Collect","BowlingBash"],"picked":"SKIP","floor":1},{"not_picked":["Perseverance","FollowUp","Swivel"],"picked":"SKIP","floor":4},{"not_picked":["ThirdEye","EmptyBody","JustLucky"],"picked":"SKIP","floor":6},{"not_picked":["EmptyMind","Evaluate","FlyingSleeves"],"picked":"SKIP","floor":8},{"not_picked":["Evaluate","BowlingBash","SashWhip"],"picked":"SKIP","floor":11},{"not_picked":["BattleHymn","FearNoEvil","SandsOfTime"],"picked":"SKIP","floor":12},{"not_picked":["Prostrate","Meditate","FlurryOfBlows"],"picked":"SKIP","floor":13},{"not_picked":["Tantrum","EmptyMind","Devotion"],"picked":"SKIP","floor":14},{"not_picked":["PathToVictory","DeceiveReality+1","JustLucky+1"],"picked":"SKIP","floor":18},{"not_picked":["Swivel+1","MentalFortress","FlurryOfBlows+1"],"picked":"SKIP","floor":21},{"not_picked":["TalkToTheHand","JustLucky","Prostrate+1"],"picked":"SKIP","floor":22},{"not_picked":["Crescendo","Blasphemy","DevaForm"],"picked":"SKIP","floor":23},{"not_picked":["CrushJoints+1","Judgement","Sanctity"],"picked":"SKIP","floor":28},{"not_picked":["WreathOfFlame","BowlingBash","Evaluate+1"],"picked":"SKIP","floor":29},{"not_picked":["PathToVictory","Adaptation","InnerPeace"],"picked":"SKIP","floor":31},{"not_picked":["FlurryOfBlows","CarveReality","BowlingBash"],"picked":"SKIP","floor":35},{"not_picked":["Meditate","SashWhip+1","DeceiveReality+1"],"picked":"SKIP","floor":36},{"not_picked":["FlurryOfBlows+1","FearNoEvil","Evaluate+1"],"picked":"SKIP","floor":38},{"not_picked":["CutThroughFate","Protect+1","FlurryOfBlows"],"picked":"SKIP","floor":40},{"not_picked":["DeusExMachina+1","ClearTheMind+1","PathToVictory+1"],"picked":"SKIP","floor":42},{"not_picked":["DeceiveReality+1","FlyingSleeves+1","PathToVictory+1"],"picked":"SKIP","floor":44},{"not_picked":["Halt+1","Vengeance+1","InnerPeace+1"],"picked":"SKIP","floor":45},{"not_picked":["EmptyFist","WindmillStrike","JustLucky+1"],"picked":"SKIP","floor":48},{"not_picked":["Halt+1","ThirdEye+1","FlurryOfBlows"],"picked":"SKIP","floor":54}],"player_experience":110510,"relics_obtained":[{"floor":6,"key":"HornCleat"},{"floor":8,"key":"Eternal Feather"},{"floor":9,"key":"Pear"},{"floor":14,"key":"Ancient Tea Set"},{"floor":23,"key":"Letter Opener"},{"floor":23,"key":"Strawberry"},{"floor":26,"key":"Oddly Smooth Stone"},{"floor":28,"key":"Regal Pillow"},{"floor":28,"key":"Vajra"},{"floor":31,"key":"Gremlin Horn"},{"floor":31,"key":"War Paint"},{"floor":40,"key":"Toxic Egg 2"},{"floor":40,"key":"Juzu Bracelet"},{"floor":42,"key":"Blood Vial"},{"floor":42,"key":"The Courier"},{"floor":45,"key":"Potion Belt"},{"floor":45,"key":"Omamori"},{"floor":54,"key":"Anchor"},{"floor":54,"key":"Bronze Scales"}],"event_choices":[{"damage_healed":0,"gold_gain":0,"player_choice":"Upgraded","damage_taken":0,"max_hp_gain":0,"max_hp_loss":0,"event_name":"Upgrade Shrine","floor":2,"gold_loss":0,"cards_upgraded":["DeceiveReality"]},{"damage_healed":0,"gold_gain":275,"player_choice":"Desecrate","damage_taken":0,"max_hp_gain":0,"max_hp_loss":0,"event_name":"Golden Shrine","floor":5,"gold_loss":0,"cards_obtained":["Regret"]},{"damage_healed":0,"gold_gain":0,"player_choice":"Opened","damage_taken":0,"relics_obtained":["Nunchaku"],"max_hp_gain":0,"max_hp_loss":0,"event_name":"The Mausoleum","floor":19,"gold_loss":0},{"cards_removed":["Protect"],"damage_healed":0,"gold_gain":0,"player_choice":"Purged","damage_taken":0,"max_hp_gain":0,"max_hp_loss":0,"event_name":"Purifier","floor":25,"gold_loss":0},{"damage_healed":0,"gold_gain":0,"player_choice":"Got Potions","damage_taken":0,"max_hp_gain":0,"max_hp_loss":0,"event_name":"Lab","floor":37,"gold_loss":0}],"is_beta":false,"boss_relics":[{"not_picked":["Astrolabe","Calling Bell"],"picked":"Black Star"},{"not_picked":["Velvet Choker","Runic Dome"],"picked":"Philosopher\u0027s Stone"}],"items_purged_floors":[],"is_endless":false,"potions_floor_spawned":[1,6,8,13,16,22,23,28,33,35,38,40,42],"ascension_level":2}}