{"host":"uwh382mre4waz4ff","time":1608176334,"event":{"mods":["AchievementEnabler","BaseMod","Better Note","Better Third Choice","BetterRewards","Downfall","Highlight Path","HololiveMod","Minty Spire (QoL Compilation)","StSLib"],"gold_per_floor":[76,96,116,129,148,176,176,187,187,213,242,242,94,139,151,277,289,336,348,392,503,550,612,657,719,780,827,219,248,280,294,294,398,398,428,79,109,109,109,140,181,181,208,208,208,208,118,145,145,160,160,160,6,31,31],"floor_reached":56,"playtime":2642,"items_purged":["Pain","Hololive_Strike","Hololive_Strike"],"score":2396,"play_id":"240491a4-fad5-4d43-aec1-2d1284185d6b","local_time":"20201217113854","is_ascension_mode":true,"campfire_choices":[{"data":"Apotheosis","floor":7,"key":"SMITH"},{"floor":12,"key":"REST"},{"floor":15,"key":"REST"},{"floor":32,"key":"REST"},{"floor":42,"key":"REST"},{"floor":45,"key":"REST"},{"floor":49,"key":"RECALL"},{"floor":52,"key":"REST"}],"circlet_count":0,"master_deck":["AscendersBane","Hololive_Defend+1","Hololive_FlyingPonyTail+1","Hololive_CallDoris+1","Hololive_CallCivia+1","Hololive_CallNekomataOkayu+1","Hololive_CallNakiriAyame+1","Hololive_CallMinatoAqua+1","Apotheosis+1","Hololive_CocoNews+1","Hololive_CallAmaneKanata+1","Hololive_CallMomosuzuNene+28","Hololive_MaximGun+1","Hololive_CallAiraniIofifteen+1","Hololive_CallHoushouMarine+1","Hololive_CallRoboco+1","Hololive_CallOmaruPolka+1","Hololive_CallAkiRosenthal+1","Hololive_CallHoshimachiSuisei+1","Hololive_DurableLive+1","Hololive_BringToTrial+1","Hololive_StrengthChampion+3","Hololive_CallOmaruPolka+1","Hololive_CallHoushouMarine+1","Hololive_CallTsunomakiWatame+1","Hololive_CallYogiri+1","Hololive_CallShiroganeNoel+1","Hololive_OvertimeWork+1","Hololive_CallInugamiKorone+1","Hololive_FlareMind+1","Hololive_DevilCharm+1","Hololive_CocoNews+1","Hololive_Nanodesu+1","Hololive_CallFriendA+1","Hololive_CallUsadaPekora+1","Hololive_CallInugamiKorone+1","Hololive_CallRosalyn+1","Hololive_CallDoris+1","Hololive_MaximGun+1","Hololive_CallUruhaRushia","Hololive_CallNatsuiroMatsuri+1","Hololive_IdolExercise","Hololive_CallMoonaHoshinova+1"],"relics":["Hololive_TheStar","Bottled Tornado","Dream Catcher","Mercury Hourglass","MawBank","Velvet Choker","Molten Egg 2","WingedGreaves","Ancient Tea Set","Happy Flower","Meat on the Bone","Sozu","Anchor","Mark of the Bloom","Strawberry","HornCleat","Blood Vial","Juzu Bracelet","Whetstone","Pen Nib"],"acts_visited":["Exordium","TheCity","TheBeyond","TheEnding"],"potions_floor_usage":[6,14,14,14,23,23,28,55,55,55],"damage_taken":[{"damage":0,"enemies":"Cultist","floor":1,"turns":3},{"damage":0,"enemies":"Small Slimes","floor":2,"turns":3},{"damage":0,"enemies":"Jaw Worm","floor":3,"turns":3},{"damage":3,"enemies":"3 Louse","floor":4,"turns":4},{"damage":0,"enemies":"Blue Slaver","floor":5,"turns":3},{"damage":0,"enemies":"3 Sentries","floor":6,"turns":5},{"damage":0,"enemies":"Looter","floor":8,"turns":3},{"damage":3,"enemies":"Lagavulin","floor":10,"turns":5},{"damage":1,"enemies":"3 Louse","floor":11,"turns":3},{"damage":0,"enemies":"3 Sentries","floor":14,"turns":3},{"damage":0,"enemies":"Slime Boss","floor":16,"turns":5},{"damage":0,"enemies":"2 Thieves","floor":18,"turns":4},{"damage":0,"enemies":"3 Byrds","floor":20,"turns":2},{"damage":0,"enemies":"Cultist and Chosen","floor":22,"turns":4},{"damage":0,"enemies":"Slavers","floor":23,"turns":4},{"damage":0,"enemies":"Chosen and Byrds","floor":24,"turns":3},{"damage":0,"enemies":"Book of Stabbing","floor":25,"turns":4},{"damage":0,"enemies":"Snake Plant","floor":27,"turns":1},{"damage":0,"enemies":"Centurion and Healer","floor":29,"turns":5},{"damage":0,"enemies":"Slavers","floor":30,"turns":3},{"damage":0,"enemies":"3 Cultists","floor":31,"turns":3},{"damage":0,"enemies":"Collector","floor":33,"turns":6},{"damage":0,"enemies":"3 Shapes","floor":35,"turns":3},{"damage":0,"enemies":"3 Darklings","floor":37,"turns":3},{"damage":0,"enemies":"Reptomancer","floor":40,"turns":5},{"damage":0,"enemies":"Giant Head","floor":41,"turns":4},{"damage":0,"enemies":"Maw","floor":48,"turns":5},{"damage":0,"enemies":"Donu and Deca","floor":50,"turns":6},{"damage":0,"enemies":"Shield and Spear","floor":54,"turns":5},{"damage":0,"enemies":"The Heart","floor":55,"turns":8}],"seed_played":"-2542602100030895527","potions_obtained":[{"floor":3,"key":"Guardian:BlockOnCardUsePotion"},{"floor":6,"key":"AttackPotion"},{"floor":8,"key":"SkillPotion"},{"floor":10,"key":"GamblersBrew"},{"floor":11,"key":"PowerPotion"},{"floor":14,"key":"Block Potion"},{"floor":18,"key":"AttackPotion"},{"floor":23,"key":"CultistPotion"},{"floor":29,"key":"Regen Potion"},{"floor":31,"key":"FearPotion"}],"is_trial":false,"path_per_floor":["M","M","M","M","M","E","R","M","T","E","M","R","$","E","R","B",null,"M","?","M","?","M","E","M","E","T","M","$","M","E","M","R","B",null,"M","$","M","?","?","E","E","R","T","T","R","?","?","M","R","B",null,"R","$","E","B",null],"character_chosen":"Hololive_HololiveCharacter","items_purchased":["Hololive_CallOmaruPolka","Hololive_CallShiroganeNoel","Ancient Tea Set","Happy Flower","Fruit Juice","Hololive_OvertimeWork+1","Hololive_CallUsadaPekora","Anchor","Whetstone"],"campfire_rested":6,"item_purchase_floors":[13,28,28,28,28,28,36,36,53],"current_hp_per_floor":[32,32,32,29,29,29,29,29,29,26,25,35,35,35,35,35,35,35,31,31,31,31,31,31,31,31,31,36,36,36,36,45,45,45,45,45,45,45,45,45,45,45,45,45,45,45,45,45,45,45,45,45,45,45,45],"gold":31,"neow_bonus":"RANDOM_COLORLESS_2","is_daily":false,"chose_seed":false,"campfire_upgraded":1,"win_rate":0.0,"timestamp":1608176334,"path_taken":["M","M","M","M","M","E","R","M","T","E","M","R","?","E","R","BOSS","M","?","M","?","M","E","M","E","T","M","$","M","E","M","R","BOSS","M","$","M","?","?","E","E","R","T","?","R","?","?","M","R","BOSS","R","$","E","BOSS"],"items_purchased_type":["Card","Card","Relic","Relic","Potion","Card","Card","Relic","Relic"],"build_version":"2020-12-13","purchased_purges":3,"victory":true,"max_hp_per_floor":[35,35,35,35,35,35,35,35,35,35,35,35,35,35,35,35,35,35,40,40,40,40,40,40,40,40,40,45,45,45,45,45,45,45,45,45,45,45,45,52,52,52,52,52,52,49,49,49,49,49,49,49,49,49,49],"card_choices":[{"not_picked":["Mayhem","Sadistic Nature"],"picked":"Apotheosis","floor":0},{"not_picked":["Hololive_ILoveYou","Hololive_FlyingPonyTail","Hololive_Sequa"],"picked":"Hololive_CocoNews","floor":1},{"not_picked":["Hololive_Watashimo","Hololive_Drill","Hololive_Trident"],"picked":"Hololive_CallAmaneKanata","floor":2},{"not_picked":["Hololive_Drill","Hololive_CocoNews","Hololive_LuckPotion"],"picked":"Hololive_CallMomosuzuNene","floor":3},{"not_picked":["Hololive_CallNakiriAyame","Hololive_Trident","Hololive_HuntDinosaur"],"picked":"Hololive_MaximGun","floor":4},{"not_picked":["Hololive_Rebound","Hololive_FlyingPonyTail","Hololive_Drill","Hololive_Breathe"],"picked":"SKIP","floor":5},{"not_picked":["Hololive_ASMR","Hololive_Rebound","Hololive_Breathe"],"picked":"Hololive_CallAiraniIofifteen","floor":6},{"not_picked":["Hololive_LuckPotion","Hololive_FlyingPonyTail","Hololive_Psychosis"],"picked":"Hololive_Rebirth","floor":8},{"not_picked":["Hololive_HuntDinosaur","Hololive_CallAiraniIofifteen","Hololive_MaximGun"],"picked":"Hololive_CallHoushouMarine","floor":10},{"not_picked":["Hololive_LuckPotion","Hololive_StrengthChampion","Hololive_Drill"],"picked":"Hololive_CallRoboco","floor":11},{"not_picked":["Hololive_OvertimeWork","Hololive_Sequa","Hololive_Trident"],"picked":"Hololive_CallAkiRosenthal","floor":14},{"not_picked":["Hololive_FlyingPonyTail","Hololive_ILoveYou","Hololive_CocoNews"],"picked":"Hololive_CallHoshimachiSuisei","floor":15},{"not_picked":["Hololive_HighAtkLowDef","Hololive_DiamondStrike","Hololive_OpenUp"],"picked":"Hololive_DurableLive","floor":16},{"not_picked":["Hololive_Drill","Hololive_ManjiGathering","Hololive_FlyingPonyTail+1"],"picked":"Hololive_BringToTrial","floor":18},{"not_picked":["Hololive_Teleport","Hololive_CallNekomataOkayu","Hololive_Trident","Hololive_LuckPotion"],"picked":"SKIP","floor":20},{"not_picked":["Hololive_Drill","Hololive_CallHoushouMarine","Hololive_RevenueBasedLive"],"picked":"Hololive_StrengthChampion","floor":22},{"not_picked":["Hololive_Breathe","Hololive_Yoholoon+1","Hololive_StrengthChampion+1"],"picked":"Hololive_CallOmaruPolka","floor":23},{"not_picked":["Hololive_Sequa+1","Hololive_Psychosis+1","Hololive_RevenueBasedLive"],"picked":"Hololive_CallHoushouMarine+1","floor":24},{"not_picked":["Hololive_RevenueBasedLive","Hololive_Spy+1","Hololive_CallMomosuzuNene"],"picked":"Hololive_CallTsunomakiWatame","floor":25},{"not_picked":["Hololive_CallNekomataOkayu","Hololive_OvertimeWork+1","Hololive_Drill+1"],"picked":"Hololive_CallYogiri","floor":27},{"not_picked":["Hololive_OvertimeWork+1","Hololive_Psychosis+1","Hololive_CallTokoyamiTowa"],"picked":"Hololive_CallInugamiKorone","floor":29},{"not_picked":["Hololive_BeCareful","Hololive_Drill+1","Hololive_ManjiGathering+1"],"picked":"Hololive_FlareMind","floor":30},{"not_picked":["Hololive_CallHoushouMarine","Hololive_Trident+1","Hololive_OvertimeWork+1"],"picked":"Hololive_DevilCharm+1","floor":31},{"not_picked":["Hololive_Rebound","Hololive_Psychosis+1","Hololive_StrengthChampion+1"],"picked":"Hololive_CocoNews+1","floor":32},{"not_picked":["Hololive_FlareMind","Hololive_Rebirth","Hololive_DiamondStrike+1"],"picked":"Hololive_Nanodesu+1","floor":33},{"not_picked":["Hololive_HuntDinosaur+1","Hololive_DevilCharm+1","Hololive_RevenueBasedLive"],"picked":"Hololive_CallFriendA+1","floor":35},{"not_picked":["Hololive_CandyCastle","Hololive_OvertimeWork+1","Hololive_LuckPotion+1"],"picked":"Hololive_CallInugamiKorone","floor":37},{"not_picked":["Hololive_CallUruhaRushia","Hololive_CallMoonaHoshinova","Hololive_Sequa+1"],"picked":"Hololive_CallRosalyn+1","floor":40},{"not_picked":["Hololive_OvertimeWork+1","Hololive_HuntDinosaur+1","Hololive_Rebound+1"],"picked":"Hololive_CallDoris+1","floor":41},{"not_picked":["Hololive_Breathe+1","Hololive_LuckPotion","Hololive_CallMomosuzuNene"],"picked":"Hololive_MaximGun+1","floor":42},{"not_picked":["Hololive_RevenueBasedLive","Hololive_Psychosis+1","Hololive_CallAiraniIofifteen"],"picked":"Hololive_CallUruhaRushia","floor":45},{"not_picked":["Hololive_BringToTrial+1","Hololive_StrengthChampion+1","Hololive_CallUruhaRushia"],"picked":"Hololive_CallNatsuiroMatsuri+1","floor":48},{"not_picked":["Hololive_OvertimeWork+1","Hololive_RevenueBasedLive","Hololive_FlyingPonyTail+1"],"picked":"Hololive_IdolExercise","floor":52},{"not_picked":["Hololive_CallRoboco+1","Hololive_DevilCharm","Hololive_Thief"],"picked":"Hololive_CallMoonaHoshinova+1","floor":54}],"player_experience":115613,"relics_obtained":[{"floor":6,"key":"Bottled Tornado"},{"floor":9,"key":"Dream Catcher"},{"floor":10,"key":"Mercury Hourglass"},{"floor":14,"key":"MawBank"},{"floor":23,"key":"Molten Egg 2"},{"floor":25,"key":"WingedGreaves"},{"floor":30,"key":"Meat on the Bone"},{"floor":40,"key":"Strawberry"},{"floor":41,"key":"HornCleat"},{"floor":43,"key":"Blood Vial"},{"floor":44,"key":"Juzu Bracelet"},{"floor":54,"key":"Pen Nib"}],"event_choices":[{"damage_healed":0,"gold_gain":0,"player_choice":"Shed Blood","damage_taken":9,"max_hp_gain":5,"max_hp_loss":0,"event_name":"Forgotten Altar","floor":19,"gold_loss":0},{"damage_healed":0,"gold_gain":99,"player_choice":"Steal","damage_taken":0,"max_hp_gain":0,"max_hp_loss":0,"event_name":"betterThird:BetterNest","floor":21,"gold_loss":0},{"cards_removed":["Hololive_Rebirth"],"damage_healed":0,"gold_gain":0,"player_choice":"Removed Skill","damage_taken":0,"max_hp_gain":0,"max_hp_loss":0,"event_name":"Falling","floor":38,"gold_loss":0},{"damage_healed":0,"gold_gain":0,"player_choice":"Upgrade","damage_taken":0,"relics_obtained":["Mark of the Bloom"],"max_hp_gain":0,"max_hp_loss":0,"event_name":"MindBloom","floor":39,"gold_loss":0,"cards_upgraded":["Hololive_Defend","Hololive_Defend","Hololive_FlyingPonyTail","Hololive_CallDoris","Hololive_CallCivia","Hololive_CallNekomataOkayu","Hololive_CallNakiriAyame","Hololive_CallMinatoAqua","Hololive_CocoNews","Hololive_CallAmaneKanata","Hololive_CallMomosuzuNene","Hololive_MaximGun","Hololive_CallAiraniIofifteen","Hololive_CallHoushouMarine","Hololive_CallRoboco","Hololive_CallOmaruPolka","Hololive_CallAkiRosenthal","Hololive_CallHoshimachiSuisei","Hololive_DurableLive","Hololive_BringToTrial","Hololive_StrengthChampion","Hololive_CallOmaruPolka","Hololive_CallTsunomakiWatame","Hololive_CallYogiri","Hololive_CallShiroganeNoel","Hololive_CallInugamiKorone","Hololive_FlareMind","Hololive_CallUsadaPekora","Hololive_CallInugamiKorone"]},{"damage_healed":0,"gold_gain":0,"player_choice":"Max HP","damage_taken":0,"max_hp_gain":0,"max_hp_loss":3,"event_name":"Winding Halls","floor":46,"gold_loss":0},{"cards_removed":["Hololive_Defend"],"damage_healed":0,"gold_gain":0,"player_choice":"Upgrade and Remove","damage_taken":0,"max_hp_gain":0,"max_hp_loss":0,"event_name":"Designer","floor":47,"gold_loss":90,"cards_upgraded":["Hololive_StrengthChampion"]}],"is_beta":false,"boss_relics":[{"not_picked":["SacredBark","Hololive_ChaosS"],"picked":"Velvet Choker"},{"not_picked":["Philosopher\u0027s Stone","Calling Bell"],"picked":"Sozu"}],"items_purged_floors":[13,28,36],"is_endless":false,"potions_floor_spawned":[3,6,8,10,11,14,18,23,29,31,37,41,54],"ascension_level":10}}