{"host":"phzz6vgtixj4nwio","time":1608186884,"event":{"mods":["BaseMod","GifTheSpireLib","Minty Spire (QoL Compilation)","StSLib","The Animator"],"gold_per_floor":[128,128,128,128,146,160,160,63,63,89,89,59,77,91,91,199,199,243,243,243],"floor_reached":19,"playtime":1270,"items_purged":[],"score":184,"play_id":"f2e45db7-83fc-4305-b2e4-4d7165c45e43","local_time":"20201217063444","is_ascension_mode":false,"campfire_choices":[{"floor":7,"key":"RECALL"},{"data":"animator:SakuraMatou","floor":11,"key":"SMITH"},{"floor":15,"key":"REST"}],"circlet_count":0,"master_deck":["animator:Strike_Fate","animator:Defend_Fate","animator:Strike","animator:Strike","animator:Defend","animator:Alexander","animator:Rider","animator:Caster","animator:Illya","animator:Witch","animator:Alexander","animator:Rider","animator:SakuraMatou+1","animator:Berserker","animator:Rimuru","animator:Rider","animator:Rider","animator:Assassin","animator:Gilgamesh"],"relics":["animator:LivingPicture","animator:TheMissingPiece","NeowsBlessing","Lizard Tail","Paper Frog","animator:RacePiece"],"acts_visited":["Exordium","TheCity"],"potions_floor_usage":[16,18,19],"damage_taken":[{"damage":0,"enemies":"2 Louse","floor":1,"turns":1},{"damage":0,"enemies":"Small Slimes","floor":5,"turns":1},{"damage":0,"enemies":"Jaw Worm","floor":6,"turns":1},{"damage":8,"enemies":"Blue Slaver","floor":10,"turns":8},{"damage":1,"enemies":"Looter","floor":12,"turns":4},{"damage":20,"enemies":"Exordium Thugs","floor":13,"turns":5},{"damage":7,"enemies":"2 Fungi Beasts","floor":14,"turns":6},{"damage":33,"enemies":"Slime Boss","floor":16,"turns":11},{"damage":58,"enemies":"Spheric Guardian","floor":18,"turns":9},{"damage":25,"enemies":"Chosen","floor":19,"turns":8}],"seed_played":"-8852015603058037925","potions_obtained":[{"floor":1,"key":"AttackPotion"},{"floor":6,"key":"Weak Potion"},{"floor":14,"key":"PowerPotion"},{"floor":16,"key":"Regen Potion"}],"is_trial":false,"path_per_floor":["M","?","?","$","M","M","R","$","T","M","R","M","M","M","R","B",null,"M","M"],"character_chosen":"THE_ANIMATOR","items_purchased":["animator:Alexander","animator:Rider"],"campfire_rested":1,"item_purchase_floors":[8,8],"current_hp_per_floor":[66,63,63,63,64,64,64,64,64,56,56,55,35,29,49,16,68,10,34,34],"gold":243,"neow_bonus":"THREE_ENEMY_KILL","is_daily":false,"chose_seed":false,"campfire_upgraded":1,"win_rate":0.0,"timestamp":1608186884,"path_taken":["M","?","?","?","M","M","R","$","T","M","R","M","M","M","R","BOSS","M","M"],"items_purchased_type":["Card","Card"],"build_version":"2020-12-13","purchased_purges":0,"victory":false,"max_hp_per_floor":[66,66,66,66,67,67,67,67,67,67,67,67,67,68,68,68,68,68,68,68],"card_choices":[{"not_picked":["animator:Spearman","animator:Millim"],"picked":"animator:Caster","floor":1},{"not_picked":["animator:Sonic","animator:Shichika"],"picked":"animator:Illya","floor":5},{"not_picked":["animator:DwarfShaman","animator:Souei"],"picked":"animator:Witch","floor":6},{"not_picked":["animator:Caster","animator:Archer"],"picked":"animator:SakuraMatou","floor":10},{"not_picked":["animator:AcuraTooru","animator:Guy","animator:Shalltear"],"picked":"SKIP","floor":12},{"not_picked":["animator:MumenRider","animator:Gillette","animator:Souei"],"picked":"SKIP","floor":13},{"not_picked":["animator:SilverFang","animator:Guy"],"picked":"animator:Berserker","floor":14},{"not_picked":["animator:Biyorigo","animator:Saitama"],"picked":"animator:Rimuru","floor":16},{"not_picked":["animator:RinTohsaka","animator:Lancer"],"picked":"animator:Gilgamesh","floor":18}],"player_experience":551592,"relics_obtained":[{"floor":9,"key":"Paper Frog"}],"event_choices":[{"damage_healed":0,"gold_gain":0,"player_choice":"Success","damage_taken":3,"relics_obtained":["Lizard Tail"],"max_hp_gain":0,"max_hp_loss":0,"event_name":"Scrap Ooze","floor":2,"gold_loss":0},{"damage_healed":0,"gold_gain":0,"player_choice":"Ignored","damage_taken":0,"max_hp_gain":0,"max_hp_loss":0,"event_name":"Liars Game","floor":3,"gold_loss":0}],"is_beta":false,"boss_relics":[{"not_picked":["Coffee Dripper","Pandora\u0027s Box"],"picked":"animator:RacePiece"}],"items_purged_floors":[],"is_endless":false,"potions_floor_spawned":[1,6,14,16],"killed_by":"Chosen","ascension_level":0}}