{"host":"sav7uxregyirlf69","time":1608204444,"event":{"mods":["AchievementEnabler","BaseMod","Colored Map","DeckTracker","Keyboard Shortcuts","Minty Spire (QoL Compilation)","READ ME - Guardian Mod","StSLib","SuperFastMode"],"gold_per_floor":[112,37,50,50,69,103,3,16,43,43,57,57,75,92,92,92,92],"floor_reached":16,"playtime":382,"items_purged":["Strike_G","Strike_G"],"score":208,"play_id":"0824c6af-9edc-45ae-84ed-696a7416ef5e","local_time":"20201217202724","is_ascension_mode":true,"campfire_choices":[{"floor":12,"key":"REST"},{"data":"Blur","floor":15,"key":"SMITH"}],"circlet_count":0,"master_deck":["AscendersBane","Strike_G","Strike_G","Defend_G","Defend_G","Defend_G","Defend_G","Defend_G","Survivor","Neutralize","After Image","Dagger Throw","Blade Dance","Backstab","Burst","Deflect","PiercingWail","Blur+1"],"relics":["Ring of the Snake","Nunchaku"],"acts_visited":["Exordium"],"potions_floor_usage":[16],"damage_taken":[{"damage":8,"enemies":"Cultist","floor":1,"turns":5},{"damage":8,"enemies":"Small Slimes","floor":3,"turns":4},{"damage":1,"enemies":"Jaw Worm","floor":5,"turns":4},{"damage":29,"enemies":"Lagavulin","floor":6,"turns":9},{"damage":0,"enemies":"Large Slime","floor":8,"turns":4},{"damage":0,"enemies":"3 Louse","floor":11,"turns":4},{"damage":1,"enemies":"Exordium Wildlife","floor":13,"turns":7},{"damage":2,"enemies":"Red Slaver","floor":14,"turns":4},{"damage":24,"enemies":"The Guardian","floor":16,"turns":16}],"seed_played":"7404941070771492196","potions_obtained":[{"floor":6,"key":"Swift Potion"},{"floor":11,"key":"Explosive Potion"}],"is_trial":false,"path_per_floor":["M","$","M","?","M","E","$","M","T","$","M","R","M","M","R","B"],"character_chosen":"THE_SILENT","items_purchased":[],"campfire_rested":1,"item_purchase_floors":[],"current_hp_per_floor":[51,51,43,36,35,6,6,6,6,6,6,24,23,21,21,0,0],"gold":92,"neow_bonus":"THREE_RARE_CARDS","is_daily":false,"chose_seed":false,"campfire_upgraded":1,"win_rate":0.0,"timestamp":1608204444,"path_taken":["M","?","M","?","M","E","?","M","T","$","M","R","M","M","R","BOSS"],"items_purchased_type":[],"build_version":"2020-12-13","purchased_purges":2,"victory":false,"max_hp_per_floor":[60,60,60,60,60,60,60,60,60,60,60,60,60,60,60,60,60],"card_choices":[{"not_picked":["Wraith Form v2","Phantasmal Killer"],"picked":"After Image","floor":0},{"not_picked":["Prepared","Footwork"],"picked":"Dagger Throw","floor":1},{"not_picked":["Prepared","Underhanded Strike"],"picked":"Blade Dance","floor":3},{"not_picked":["Blade Dance","PiercingWail"],"picked":"Backstab","floor":5},{"not_picked":["Slice","Predator"],"picked":"Burst","floor":6},{"not_picked":["Concentrate","Flying Knee"],"picked":"Deflect","floor":8},{"not_picked":["Slice","Outmaneuver"],"picked":"PiercingWail","floor":11},{"not_picked":["Dagger Spray","Distraction"],"picked":"Blur","floor":13},{"not_picked":["Deflect","Flechettes","Prepared"],"picked":"SKIP","floor":14}],"player_experience":940930,"relics_obtained":[{"floor":6,"key":"Nunchaku"}],"event_choices":[{"cards_removed":["Strike_G"],"damage_healed":0,"gold_gain":0,"player_choice":"Card Removal","damage_taken":7,"max_hp_gain":0,"max_hp_loss":0,"event_name":"Golden Wing","floor":4,"gold_loss":0}],"is_beta":false,"boss_relics":[],"items_purged_floors":[2,7],"is_endless":false,"potions_floor_spawned":[6,11,13],"killed_by":"The Guardian","ascension_level":20}}