{"host":"naykp6d9ulahlwib","time":1608175699,"event":{"mods":["BaseMod","Highlight Path","Minty Spire (QoL Compilation)","Shop Mod","StSLib"],"gold_per_floor":[118,118,132,207,13,38,38,38,38,69,89,89,152,152,152,249,249,288,288,288,188,203,203,255,255,255,255,271,271,285,175,175,279,279,319,369,369,405,415,415,415,415,415,415,440,285,285,342,342,342,342,342,20,75,75],"floor_reached":56,"playtime":7349,"items_purged":["Regret"],"score":1970,"play_id":"4b394b08-100b-4691-9579-722d4ee9e0cb","local_time":"20201216212819","daily_mods":["SealedDeck"],"is_ascension_mode":true,"campfire_choices":[{"floor":7.0,"key":"REST"},{"floor":12.0,"key":"RECALL"},{"data":"Evaluate","floor":15.0,"key":"SMITH"},{"data":"WaveOfTheHand","floor":23.0,"key":"SMITH"},{"floor":32.0,"key":"REST"},{"data":"Vault","floor":40.0,"key":"SMITH"},{"data":"Wish","floor":42,"key":"SMITH"},{"data":"Wish","floor":49,"key":"SMITH"},{"data":"ThirdEye","floor":52,"key":"SMITH"}],"circlet_count":0,"master_deck":["Crescendo","ClearTheMind","EmptyBody","Evaluate+1","Wireheading+1","ThirdEye+1","PathToVictory","PathToVictory","PathToVictory","Wish+1","WaveOfTheHand+1","PathToVictory","Wish+1","Vault+1","CurseOfTheBell","Perseverance+1","Collect+1","Sanctity","DeusExMachina","Wish+1","Protect"],"relics":["PureWater","Juzu Bracelet","Membership Card","Potion Belt","Singing Bowl","SlaversCollar","DollysMirror","Yang","White Beast Statue","Enchiridion","ClockworkSouvenir","Calling Bell","Oddly Smooth Stone","Sundial","Lizard Tail","TungstenRod","Bottled Lightning","Nunchaku","Strange Spoon","MealTicket","Thread and Needle","HornCleat","Lee\u0027s Waffle","MerchantsRug","Letter Opener"],"acts_visited":["Exordium","TheCity","TheBeyond","TheEnding"],"potions_floor_usage":[48,48,48,54,55,55,55],"damage_taken":[{"damage":0.0,"enemies":"2 Louse","floor":1.0,"turns":2.0},{"damage":0.0,"enemies":"Small Slimes","floor":3.0,"turns":1.0},{"damage":17.0,"enemies":"3 Sentries","floor":6.0,"turns":5.0},{"damage":0.0,"enemies":"Gremlin Nob","floor":10.0,"turns":3.0},{"damage":0.0,"enemies":"Jaw Worm","floor":11.0,"turns":1.0},{"damage":0.0,"enemies":"Slime Boss","floor":16.0,"turns":3.0},{"damage":11.0,"enemies":"Spheric Guardian","floor":18.0,"turns":4.0},{"damage":0.0,"enemies":"Shell Parasite","floor":22.0,"turns":1.0},{"damage":17.0,"enemies":"Gremlin Leader","floor":24.0,"turns":6.0},{"damage":4.0,"enemies":"Sentry and Sphere","floor":28.0,"turns":4.0},{"damage":16.0,"enemies":"Shelled Parasite and Fungi","floor":30.0,"turns":5.0},{"damage":16.0,"enemies":"Collector","floor":33.0,"turns":8.0},{"damage":0.0,"enemies":"3 Shapes","floor":35.0,"turns":6.0},{"damage":7.0,"enemies":"Mind Bloom Boss Battle","floor":36.0,"turns":7.0},{"damage":7.0,"enemies":"Orb Walker","floor":38.0,"turns":5.0},{"damage":0.0,"enemies":"Jaw Worm Horde","floor":39.0,"turns":5.0},{"damage":0,"enemies":"Nemesis","floor":45,"turns":6},{"damage":0,"enemies":"Reptomancer","floor":48,"turns":8},{"damage":0,"enemies":"Time Eater","floor":50,"turns":9},{"damage":4,"enemies":"Shield and Spear","floor":54,"turns":8},{"damage":3,"enemies":"The Heart","floor":55,"turns":13}],"seed_played":"-3229779129683726092","potions_obtained":[{"floor":1.0,"key":"BottledMiracle"},{"floor":16.0,"key":"LiquidMemories"},{"floor":28.0,"key":"PowerPotion"},{"floor":30.0,"key":"BottledMiracle"},{"floor":33.0,"key":"EssenceOfSteel"},{"floor":35.0,"key":"BlessingOfTheForge"},{"floor":36.0,"key":"SkillPotion"},{"floor":38.0,"key":"SpeedPotion"},{"floor":39.0,"key":"Block Potion"},{"floor":45,"key":"AttackPotion"},{"floor":48,"key":"Strength Potion"},{"floor":54,"key":"PowerPotion"}],"is_trial":true,"path_per_floor":["M","?","M","?","$","E","R","$","T","E","M","R","?","?","R","B",null,"M","?","?","$","M","R","E","?","T","?","M","?","M","$","R","B",null,"M","?","?","M","M","R","?","R","T","?","E","$","?","E","R","B",null,"R","$","E","B",null],"character_chosen":"WATCHER","items_purchased":["Membership Card","PathToVictory","DollysMirror","ClockworkSouvenir","Vault","Strange Spoon","MealTicket","HornCleat","Lee\u0027s Waffle","MerchantsRug","Regen Potion","Swift Potion"],"campfire_rested":2,"item_purchase_floors":[5,21,21,31,31,46,46,53,53,53,53,53],"current_hp_per_floor":[65,65,65,54,54,37,58,58,58,60,62,62,62,62,62,62,73,62,62,62,62,64,64,49,49,49,33,31,58,44,44,69,55,78,78,71,71,64,66,66,66,66,66,66,66,66,66,66,66,66,83,83,95,93,90],"gold":75,"neow_bonus":"","is_daily":false,"chose_seed":false,"campfire_upgraded":6,"win_rate":0.0,"timestamp":1608175699,"path_taken":["M","?","M","?","$","E","R","?","T","E","M","R","?","?","R","BOSS","M","?","?","$","M","R","E","?","T","?","M","?","M","$","R","BOSS","M","?","?","M","M","R","?","R","T","?","E","$","?","E","R","BOSS","R","$","E","BOSS"],"items_purchased_type":["Relic","Card","Relic","Relic","Card","Relic","Relic","Relic","Relic","Relic","Potion","Potion"],"build_version":"2020-12-13","purchased_purges":1,"victory":true,"max_hp_per_floor":[72,72,72,72,72,72,72,72,72,74,76,76,76,76,76,76,76,76,76,76,76,78,78,80,80,80,80,82,82,84,84,84,86,86,86,86,86,86,88,88,88,88,88,88,88,88,88,88,88,88,88,88,95,97,97],"card_choices":[{"not_picked":["SashWhip","EmptyBody","BowlingBash"],"picked":"SKIP","floor":1.0},{"not_picked":["ClearTheMind","EmptyFist","FlurryOfBlows"],"picked":"SKIP","floor":3.0},{"not_picked":["JustLucky","Brilliance","Collect"],"picked":"SKIP","floor":6.0},{"not_picked":["MentalFortress","Protect","EmptyFist"],"picked":"Singing Bowl","floor":10.0},{"not_picked":["BowlingBash","ThirdEye","FollowUp"],"picked":"Singing Bowl","floor":11.0},{"not_picked":["Blasphemy","Establishment"],"picked":"Wish","floor":16.0},{"not_picked":["EmptyMind","CarveReality"],"picked":"WaveOfTheHand","floor":18.0},{"not_picked":["EmptyFist","SashWhip","CutThroughFate"],"picked":"Singing Bowl","floor":22.0},{"not_picked":["EmptyBody","Adaptation","Wireheading"],"picked":"Singing Bowl","floor":24.0},{"not_picked":["ForeignInfluence","Weave","Evaluate"],"picked":"Singing Bowl","floor":28.0},{"not_picked":["FollowUp","Meditate","Halt"],"picked":"Singing Bowl","floor":30.0},{"not_picked":["Ragnarok","LessonLearned","ConjureBlade"],"picked":"Singing Bowl","floor":33.0},{"not_picked":["Weave+1","WaveOfTheHand"],"picked":"Perseverance+1","floor":35.0},{"not_picked":["Nirvana","ThirdEye+1"],"picked":"Collect+1","floor":36.0},{"not_picked":["WheelKick+1","SignatureMove"],"picked":"Sanctity","floor":38.0},{"not_picked":["FlyingSleeves+1","SashWhip+1","Prostrate+1"],"picked":"Singing Bowl","floor":39.0},{"not_picked":["CutThroughFate","DeceiveReality"],"picked":"DeusExMachina","floor":45},{"not_picked":["SignatureMove+1","Crescendo+1"],"picked":"Protect","floor":48},{"not_picked":["Worship","ClearTheMind+1","Protect+1"],"picked":"Singing Bowl","floor":54}],"player_experience":780021,"relics_obtained":[{"floor":6.0,"key":"Potion Belt"},{"floor":10.0,"key":"Singing Bowl"},{"floor":24.0,"key":"Yang"},{"floor":26.0,"key":"White Beast Statue"},{"floor":27.0,"key":"Enchiridion"},{"floor":34.0,"key":"Oddly Smooth Stone"},{"floor":34.0,"key":"Sundial"},{"floor":34.0,"key":"Lizard Tail"},{"floor":36.0,"key":"TungstenRod"},{"floor":43,"key":"Bottled Lightning"},{"floor":45,"key":"Nunchaku"},{"floor":48,"key":"Thread and Needle"},{"floor":54,"key":"Letter Opener"}],"event_choices":[{"damage_healed":0.0,"max_hp_gain":0.0,"max_hp_loss":0.0,"gold_gain":0.0,"event_name":"Big Fish","player_choice":"Box","floor":2.0,"gold_loss":0.0,"damage_taken":0.0,"relics_obtained":["Juzu Bracelet"],"cards_obtained":["Regret"]},{"damage_healed":0.0,"max_hp_gain":0.0,"max_hp_loss":0.0,"gold_gain":75.0,"event_name":"World of Goop","player_choice":"Gather Gold","floor":4.0,"gold_loss":0.0,"damage_taken":11.0},{"damage_healed":0.0,"max_hp_gain":0.0,"max_hp_loss":0.0,"gold_gain":63.0,"event_name":"Golden Wing","player_choice":"Gained Gold","floor":13.0,"gold_loss":0.0,"damage_taken":0.0},{"damage_healed":0.0,"max_hp_gain":0.0,"max_hp_loss":0.0,"gold_gain":0.0,"event_name":"Upgrade Shrine","player_choice":"Upgraded","floor":14.0,"gold_loss":0.0,"damage_taken":0.0,"cards_upgraded":["Wireheading"]},{"damage_healed":0.0,"max_hp_gain":0.0,"max_hp_loss":0.0,"gold_gain":0.0,"event_name":"Beggar","player_choice":"Ignored","floor":19.0,"gold_loss":0.0,"damage_taken":0.0},{"damage_healed":0.0,"max_hp_gain":0.0,"max_hp_loss":0.0,"gold_gain":0.0,"event_name":"Ghosts","player_choice":"Ignored","floor":20.0,"gold_loss":0.0,"damage_taken":0.0},{"damage_healed":0.0,"max_hp_gain":0.0,"max_hp_loss":0.0,"gold_gain":0.0,"event_name":"NoteForYourself","player_choice":"Ignored","floor":25.0,"gold_loss":0.0,"damage_taken":0.0},{"damage_healed":0.0,"max_hp_gain":0.0,"max_hp_loss":0.0,"gold_gain":0.0,"event_name":"Cursed Tome","player_choice":"Obtained Book","floor":27.0,"gold_loss":0.0,"damage_taken":16.0},{"damage_healed":27.0,"max_hp_gain":0.0,"max_hp_loss":0.0,"gold_gain":0.0,"event_name":"The Library","player_choice":"Heal","floor":29.0,"gold_loss":0.0,"damage_taken":0.0},{"damage_healed":0.0,"max_hp_gain":0.0,"max_hp_loss":0.0,"gold_gain":0.0,"event_name":"MindBloom","player_choice":"Fight","floor":36.0,"gold_loss":0.0,"damage_taken":0.0},{"damage_healed":0.0,"max_hp_gain":0.0,"max_hp_loss":0.0,"gold_gain":0.0,"event_name":"Mysterious Sphere","player_choice":"Ignored","floor":37.0,"gold_loss":0.0,"damage_taken":0.0},{"damage_healed":0,"gold_gain":0,"player_choice":"Ignored","damage_taken":0,"max_hp_gain":0,"max_hp_loss":0,"event_name":"Transmorgrifier","floor":41,"gold_loss":0},{"cards_removed":["SignatureMove"],"damage_healed":0,"gold_gain":0,"player_choice":"Removed Attack","damage_taken":0,"max_hp_gain":0,"max_hp_loss":0,"event_name":"Falling","floor":44,"gold_loss":0},{"damage_healed":0,"gold_gain":0,"player_choice":"Copied","damage_taken":0,"max_hp_gain":0,"max_hp_loss":0,"event_name":"Duplicator","floor":47,"gold_loss":0,"cards_obtained":["Wish"]}],"is_beta":false,"boss_relics":[{"not_picked":["Snecko Eye","Runic Pyramid"],"picked":"SlaversCollar"},{"not_picked":["Black Star","Coffee Dripper"],"picked":"Calling Bell"}],"items_purged_floors":[5],"is_endless":false,"potions_floor_spawned":[1,16,28,30,33,35,36,38,39,45,48,54],"ascension_level":9}}