{"host":"in454gsrrg4x7o56","time":1608246611,"event":{"mods":["BaseMod","Colored Powertips","Curses Come First","Hermit","Minty Spire (QoL Compilation)","Quick Restart","StSLib","The Cursed"],"gold_per_floor":[144,144,144,183,32,110,110,140,208,208,304,361,13,188,188,476,476,512,611,591,614,2,2,98,149,231,306,7,57,110,172,172,465,465,516,570,70,130,13,73,134,134,180,217,1,42,102,102,102,107,107,107,9,140,145],"floor_reached":56,"playtime":4341,"items_purged":["Normality"],"score":1261,"play_id":"32d7efc5-a728-4af9-9e6f-e1aaf02cfad2","local_time":"20201217181010","daily_mods":["Vintage","Heirloom","Flight","Cursed Run","Midas"],"is_ascension_mode":false,"campfire_choices":[{"floor":7,"key":"RECALL"},{"floor":10,"key":"REST"},{"floor":15,"key":"REST"},{"floor":23,"key":"REST"},{"floor":32,"key":"REST"},{"floor":49,"key":"REST"},{"floor":52,"key":"REST"}],"circlet_count":0,"master_deck":["hermit:Strike_Hermit+1","hermit:Strike_Hermit","hermit:Strike_Hermit+1","hermit:Strike_Hermit","hermit:Defend_Hermit","hermit:Defend_Hermit","hermit:Defend_Hermit","hermit:Defend_Hermit","hermit:Snapshot","hermit:Covet","hermit:Determination","hermit:DeadOrAlive","hermit:Maintenance","hermit:HeroicBravado","CurseOfTheBell","hermit:TakeAim","hermit:Determination","hermit:LowProfile","JustLucky+1","SandsOfTime+1","hermit:Maintenance","BattleHymn","Corpse Explosion","Deflect+1","hermit:Scavenge","hermit:Dive+1","hermit:GoldenBullet","Glass Knife","Apotheosis","Madness","Madness","hermit:WideOpen","hermit:ShadowCloak+1","Parasite","Poisoned Stab","hermit:BodyArmor","hermit:BodyArmor","hermit:Snipe","Sadistic Nature","Normality"],"relics":["Cursed Key","Darkstone Periapt","Du-Vu Doll","Lizard Tail","Bag of Marbles","Tiny Chest","Anchor","MealTicket","Happy Flower","The Courier","Ancient Tea Set","hermit:RyeStalk","Mummified Hand","Calling Bell","Strawberry","HornCleat","Calipers","Nunchaku","Blood Vial","Lantern","PrismaticShard","Dream Catcher","Red Mask","Vajra","Shuriken","Toy Ornithopter","Orrery","Oddly Smooth Stone","FossilizedHelix","Akabeko","Ice Cream","Black Star","Centennial Puzzle","Art of War","Regal Pillow","Thread and Needle","Bottled Flame","HandDrill","Orichalcum","InkBottle","Bag of Preparation","Bronze Scales","Whetstone","Pear","Question Card","Unceasing Top","Gremlin Horn"],"acts_visited":["Exordium","TheCity","TheBeyond","TheEnding"],"potions_floor_usage":[11,20,25,29,33,40,55],"damage_taken":[{"damage":5,"enemies":"Small Slimes","floor":1,"turns":3},{"damage":1,"enemies":"Jaw Worm","floor":4,"turns":2},{"damage":31,"enemies":"Lagavulin","floor":6,"turns":6},{"damage":0,"enemies":"Cultist","floor":8,"turns":2},{"damage":3,"enemies":"3 Sentries","floor":11,"turns":6},{"damage":13,"enemies":"2 Fungi Beasts","floor":12,"turns":3},{"damage":55,"enemies":"Hexaghost","floor":16,"turns":9},{"damage":3,"enemies":"Spheric Guardian","floor":18,"turns":3},{"damage":1,"enemies":"Masked Bandits","floor":24,"turns":4},{"damage":7,"enemies":"Shell Parasite","floor":25,"turns":4},{"damage":2,"enemies":"Shelled Parasite and Fungi","floor":27,"turns":4},{"damage":2,"enemies":"Cultist and Chosen","floor":29,"turns":5},{"damage":0,"enemies":"Centurion and Healer","floor":30,"turns":4},{"damage":0,"enemies":"Snecko","floor":31,"turns":4},{"damage":20,"enemies":"Champ","floor":33,"turns":8},{"damage":0,"enemies":"Orb Walker","floor":35,"turns":3},{"damage":0,"enemies":"3 Shapes","floor":36,"turns":3},{"damage":0,"enemies":"Sphere and 2 Shapes","floor":38,"turns":4},{"damage":0,"enemies":"Jaw Worm Horde","floor":40,"turns":4},{"damage":0,"enemies":"4 Shapes","floor":41,"turns":5},{"damage":0,"enemies":"Spire Growth","floor":44,"turns":4},{"damage":0,"enemies":"Transient","floor":46,"turns":5},{"damage":0,"enemies":"3 Darklings","floor":47,"turns":2},{"damage":5,"enemies":"Time Eater","floor":50,"turns":6},{"damage":1,"enemies":"Shield and Spear","floor":54,"turns":7},{"damage":149,"enemies":"The Heart","floor":55,"turns":11}],"seed_played":"-3057136045014158213","potions_obtained":[{"floor":6,"key":"SteroidPotion"},{"floor":11,"key":"FairyPotion"},{"floor":16,"key":"GamblersBrew"},{"floor":20,"key":"Fruit Juice"},{"floor":24,"key":"BlessingOfTheForge"},{"floor":27,"key":"hermit:Tonic"},{"floor":30,"key":"LiquidBronze"},{"floor":38,"key":"CultistPotion"},{"floor":46,"key":"Regen Potion"}],"is_trial":true,"path_per_floor":["M","?","?","M","$","E","R","M","T","R","E","M","$","?","R","B",null,"M","?","?","T","$","R","?","M","T","M","$","M","M","M","R","B",null,"M","M","$","M","$","M","M","?","T","M","$","M","M","?","R","B",null,"R","$","E","B",null],"character_chosen":"HERMIT","items_purchased":["Anchor","Mummified Hand","FairyPotion","hermit:Maintenance","Blood Vial","Lantern","PrismaticShard","Dream Catcher","hermit:TakeAim","hermit:Determination","hermit:LowProfile","hermit:Maintenance","Orrery","Oddly Smooth Stone","Regal Pillow","Thread and Needle","Apotheosis","HandDrill","Whetstone","hermit:WideOpen","hermit:BodyArmor","hermit:BodyArmor","hermit:Snipe"],"campfire_rested":6,"item_purchase_floors":[5,13,13,13,22,22,22,22,22,22,22,28,28,28,37,37,37,39,45,45,53,53,53],"current_hp_per_floor":[70,70,70,69,69,38,38,38,44,68,65,52,67,73,87,38,106,103,103,108,114,117,117,116,110,116,116,123,121,123,123,123,109,129,129,129,129,129,129,129,129,113,119,121,135,145,145,142,142,143,148,148,148,147,24],"gold":145,"neow_bonus":"","is_daily":false,"chose_seed":false,"campfire_upgraded":0,"win_rate":0.0,"timestamp":1608246610,"path_taken":["M","?","?","?","$","E","R","M","T","R","E","M","$","?","R","BOSS","M","?","?","?","$","R","?","M","T","M","$","M","M","M","R","BOSS","M","M","$","M","$","M","M","?","T","M","$","M","M","?","R","BOSS","R","$","E","BOSS"],"items_purchased_type":["Relic","Relic","Potion","Card","Relic","Relic","Relic","Relic","Card","Card","Card","Card","Relic","Relic","Relic","Relic","Card","Relic","Relic","Card","Card","Card","Card"],"build_version":"2020-12-13","purchased_purges":1,"victory":true,"max_hp_per_floor":[75,75,75,75,75,75,75,75,81,81,81,81,81,87,87,93,106,106,106,111,117,117,117,117,117,123,123,123,123,123,123,123,129,129,129,129,129,129,129,129,129,129,135,135,135,145,145,142,142,148,148,148,148,148,154],"card_choices":[{"not_picked":["hermit:HoleUp","hermit:TrackingShot"],"picked":"hermit:Determination","floor":6},{"not_picked":["hermit:Coalescence","hermit:Quickdraw"],"picked":"hermit:DeadOrAlive","floor":11},{"not_picked":["hermit:EternalForm","hermit:Roughhouse"],"picked":"hermit:HeroicBravado","floor":16},{"not_picked":["TheCursedMod:Stretching","Steam+1"],"picked":"JustLucky+1","floor":23},{"not_picked":["PiercingWail","TheCursedMod:SpreadPlague"],"picked":"SandsOfTime+1","floor":24},{"not_picked":["Glacier","Expertise"],"picked":"BattleHymn","floor":28},{"not_picked":["True Grit","Clash+1"],"picked":"Corpse Explosion","floor":28},{"not_picked":["Redo","hermit:Ricochet"],"picked":"Deflect+1","floor":28},{"not_picked":["Double Energy","Redo"],"picked":"hermit:Scavenge","floor":28},{"not_picked":["Reprogram","Outmaneuver"],"picked":"hermit:Dive+1","floor":28},{"not_picked":["TheCursedMod:HellsGateOpen+1","Turbo+1"],"picked":"hermit:GoldenBullet","floor":32},{"not_picked":["TheCursedMod:ManaCirculation","Seek"],"picked":"Glass Knife","floor":33},{"not_picked":["Darkness","FollowUp","Blade Dance"],"picked":"hermit:ShadowCloak+1","floor":49},{"not_picked":["hermit:BodyArmor","Fission","Halt+1"],"picked":"Poisoned Stab","floor":52},{"not_picked":["TheCursedMod:CircleOfWindfury","TheCursedMod:CursedBlade","hermit:Snipe"],"picked":"Sadistic Nature","floor":54}],"player_experience":919531,"relics_obtained":[{"floor":1,"key":"Bag of Marbles"},{"floor":4,"key":"Tiny Chest"},{"floor":6,"key":"MealTicket"},{"floor":8,"key":"Happy Flower"},{"floor":9,"key":"The Courier"},{"floor":11,"key":"Ancient Tea Set"},{"floor":12,"key":"hermit:RyeStalk"},{"floor":17,"key":"Strawberry"},{"floor":17,"key":"HornCleat"},{"floor":17,"key":"Calipers"},{"floor":18,"key":"Nunchaku"},{"floor":24,"key":"Red Mask"},{"floor":25,"key":"Vajra"},{"floor":26,"key":"Shuriken"},{"floor":27,"key":"Toy Ornithopter"},{"floor":29,"key":"FossilizedHelix"},{"floor":30,"key":"Akabeko"},{"floor":31,"key":"Ice Cream"},{"floor":35,"key":"Centennial Puzzle"},{"floor":36,"key":"Art of War"},{"floor":38,"key":"Bottled Flame"},{"floor":40,"key":"Orichalcum"},{"floor":41,"key":"InkBottle"},{"floor":43,"key":"Bag of Preparation"},{"floor":44,"key":"Bronze Scales"},{"floor":46,"key":"Pear"},{"floor":47,"key":"Question Card"},{"floor":54,"key":"Unceasing Top"},{"floor":54,"key":"Gremlin Horn"}],"event_choices":[{"damage_healed":0,"gold_gain":0,"player_choice":"Leave","damage_taken":0,"max_hp_gain":0,"max_hp_loss":0,"event_name":"The Cleric","floor":2,"gold_loss":0},{"damage_healed":0,"gold_gain":0,"player_choice":"Ignored","damage_taken":0,"max_hp_gain":0,"max_hp_loss":0,"event_name":"NoteForYourself","floor":3,"gold_loss":0},{"damage_healed":0,"gold_gain":175,"player_choice":"AGREE","damage_taken":0,"max_hp_gain":0,"max_hp_loss":0,"event_name":"Liars Game","floor":14,"gold_loss":0,"cards_obtained":["Doubt"]},{"damage_healed":0,"gold_gain":99,"player_choice":"Stole From Cult","damage_taken":0,"max_hp_gain":0,"max_hp_loss":0,"event_name":"Nest","floor":19,"gold_loss":0},{"damage_healed":0,"gold_gain":0,"player_choice":"Bought 1 Potion","damage_taken":0,"max_hp_gain":0,"max_hp_loss":0,"event_name":"The Woman in Blue","floor":20,"gold_loss":0},{"damage_healed":0,"gold_gain":0,"player_choice":"Fought Bandits","damage_taken":0,"max_hp_gain":0,"max_hp_loss":0,"event_name":"Masked Bandits","floor":24,"gold_loss":0},{"damage_healed":0,"gold_gain":0,"player_choice":"Embrace Madness","damage_taken":16,"max_hp_gain":0,"max_hp_loss":0,"event_name":"Winding Halls","floor":42,"gold_loss":0,"cards_obtained":["Madness","Madness"]},{"cards_removed":["Doubt","Decay","Parasite","Regret","Doubt","Shame"],"damage_healed":0,"gold_gain":0,"player_choice":"Removed Curses","damage_taken":0,"max_hp_gain":0,"max_hp_loss":0,"event_name":"Fountain of Cleansing","floor":48,"gold_loss":0}],"is_beta":false,"boss_relics":[{"not_picked":["hermit:DentedPlate","Runic Dome"],"picked":"Calling Bell"},{"not_picked":["Snecko Eye","Coffee Dripper"],"picked":"Black Star"}],"items_purged_floors":[45],"is_endless":false,"potions_floor_spawned":[6,11,16,24,27,30,31,38,46,47],"ascension_level":0}}