{"host":"dr5ef424til0p8zn","time":1608236560,"event":{"mods":["2.2 Compatiblity","Act Like it!","BaseMod","Better Skull","Gremlin Skip","Hallownest","Hermit","Minty Spire (QoL Compilation)","Shade Mod","StSLib","Td1madao Mod","The Bug Knight","The Hierophant"],"gold_per_floor":[112,112,148,166,227,227,253,297,374,390,721,87,87,139,139,210,210,223,223,236,186,186,186],"floor_reached":22,"playtime":2287,"items_purged":[],"score":612,"play_id":"a0c0990f-8e6f-4dab-a6ad-e61ce017bc6d","local_time":"20201217212240","daily_mods":["Chimera","Shiny","Colorless Cards","Heirloom","Elite Swarm","Night Terrors"],"is_ascension_mode":true,"campfire_choices":[{"floor":6,"key":"REST"},{"data":"Alpha","floor":13,"key":"SMITH"},{"data":"Secret Technique","floor":15,"key":"SMITH"}],"circlet_count":0,"master_deck":["AscendersBane","Bash","Survivor","Zap","Eruption","Strike_R","Strike_G","Strike_B","Defend_R","Defend_G","Defend_P","Devotion","LessonLearned","Vault","Establishment","Judgement","MasterReality","Blasphemy","Scrawl","Wish","Brilliance","Alpha+1","DeusExMachina","ConjureBlade","Ragnarok+1","Omniscience","SpiritShield","DevaForm","Magnetism","Sadistic Nature","Transmutation+1","HandOfGreed","Secret Technique+1","Thinking Ahead","Metamorphosis+1","Master of Strategy","Chrysalis","Mayhem+1","Secret Weapon","Apotheosis","Panache","Violence","The Bomb+1","ClearTheMind","FlurryOfBlows","ThirdEye","DeusExMachina","Vengeance","Trip","Secret Technique","CurseOfTheBell","FollowUp+1"],"relics":["PureWater","Incense Burner","MealTicket","The Courier","Old Coin","HandDrill","Unceasing Top","HornCleat","Molten Egg 2","Calling Bell","Strawberry","HollowMod:LifeEnderRelic","Girya"],"acts_visited":["Exordium","TheCity"],"potions_floor_usage":[5,7,8,8,16,20],"damage_taken":[{"damage":0,"enemies":"Cultist","floor":1,"turns":2},{"damage":4,"enemies":"2 Louse","floor":3,"turns":4},{"damage":0,"enemies":"Jaw Worm","floor":4,"turns":1},{"damage":41,"enemies":"Gremlin Gang","floor":5,"turns":3},{"damage":0,"enemies":"Gremlin Nob","floor":7,"turns":1},{"damage":0,"enemies":"Large Slime","floor":8,"turns":4},{"damage":6,"enemies":"Looter","floor":10,"turns":2},{"damage":4,"enemies":"Lagavulin","floor":11,"turns":5},{"damage":0,"enemies":"Gremlin Nob","floor":14,"turns":3},{"damage":14,"enemies":"Slime Boss","floor":16,"turns":4},{"damage":22,"enemies":"Shell Parasite","floor":18,"turns":5},{"damage":34,"enemies":"3 Byrds","floor":20,"turns":7},{"damage":21,"enemies":"Snake Plant","floor":22,"turns":3}],"seed_played":"2421658709560226280","potions_obtained":[{"floor":4,"key":"AttackPotion"},{"floor":5,"key":"Ambrosia"},{"floor":7,"key":"ColorlessPotion"},{"floor":8,"key":"Fruit Juice"},{"floor":18,"key":"Strength Potion"}],"is_trial":true,"path_per_floor":["M","?","M","M","M","R","E","M","T","M","E","$","R","E","R","B",null,"M","?","M","?","M"],"character_chosen":"WATCHER","items_purchased":["HandDrill","Unceasing Top","HornCleat","BlessingOfTheForge"],"campfire_rested":1,"item_purchase_floors":[12,12,12,12],"current_hp_per_floor":[61,61,57,57,16,63,63,68,68,62,58,68,68,68,68,54,72,50,50,16,16,0,0],"gold":186,"neow_bonus":"","is_daily":false,"chose_seed":false,"campfire_upgraded":2,"win_rate":0.0,"timestamp":1608236560,"path_taken":["M","?","M","M","M","R","E","M","T","?","E","?","R","E","R","BOSS","M","?","M","?","M"],"items_purchased_type":["Relic","Relic","Relic","Potion"],"build_version":"2020-12-13","purchased_purges":0,"victory":false,"max_hp_per_floor":[68,68,68,68,68,63,63,68,68,68,68,68,68,68,68,68,75,75,75,75,75,75,75],"card_choices":[{"not_picked":["FearNoEvil","Crescendo"],"picked":"ClearTheMind","floor":1},{"not_picked":["BowlingBash","Halt"],"picked":"ThirdEye","floor":3},{"not_picked":["EmptyBody","Perseverance","Good Instincts"],"picked":"SKIP","floor":4},{"not_picked":["Consecrate","Mayhem","ReachHeaven"],"picked":"SKIP","floor":5},{"not_picked":["Sadistic Nature","Blasphemy"],"picked":"DeusExMachina","floor":7},{"not_picked":["SashWhip","Evaluate"],"picked":"Vengeance","floor":8},{"not_picked":["ForeignInfluence","CutThroughFate"],"picked":"Trip","floor":10},{"not_picked":["Establishment","Alpha"],"picked":"Secret Technique","floor":11},{"not_picked":["The Bomb","Mayhem","ConjureBlade"],"picked":"SKIP","floor":14},{"not_picked":["CrushJoints+1","Crescendo","MentalFortress"],"picked":"SKIP","floor":18},{"not_picked":["Evaluate","Swift Strike+1"],"picked":"FollowUp+1","floor":20}],"player_experience":424349,"relics_obtained":[{"floor":7,"key":"MealTicket"},{"floor":9,"key":"The Courier"},{"floor":11,"key":"Old Coin"},{"floor":14,"key":"Molten Egg 2"},{"floor":17,"key":"Strawberry"},{"floor":17,"key":"HollowMod:LifeEnderRelic"},{"floor":17,"key":"Girya"}],"event_choices":[{"damage_healed":0,"gold_gain":0,"player_choice":"1 cards matched","damage_taken":0,"max_hp_gain":0,"max_hp_loss":0,"event_name":"Match and Keep!","floor":2,"gold_loss":0,"cards_obtained":["FlurryOfBlows"]},{"damage_healed":0,"gold_gain":0,"player_choice":"Ignored","damage_taken":0,"max_hp_gain":0,"max_hp_loss":0,"event_name":"Beggar","floor":19,"gold_loss":0},{"damage_healed":0,"gold_gain":0,"player_choice":"Bet on Owner","damage_taken":0,"max_hp_gain":0,"max_hp_loss":0,"event_name":"The Joust","floor":21,"gold_loss":50}],"is_beta":false,"boss_relics":[{"not_picked":["Philosopher\u0027s Stone","SacredBark"],"picked":"Calling Bell"}],"items_purged_floors":[],"is_endless":false,"potions_floor_spawned":[4,5,7,8,18],"killed_by":"Snake Plant","ascension_level":20}}