{"host":"a9gsz7kv8aebwp1f","time":1608172047,"event":{"mods":["AchievementEnabler","BaseMod","Minty Spire (QoL Compilation)"],"gold_per_floor":[114,131,306,320,320,351,351,426,451,466,466,484,499,499,499,594,594,612,629,661,661,57,57,57,57,57],"floor_reached":25,"playtime":717,"items_purged":[],"score":322,"play_id":"0586195b-8bec-4071-ad31-0fe6d57cde62","local_time":"20201217112727","is_ascension_mode":true,"campfire_choices":[{"floor":7,"key":"REST"},{"data":"Zap","floor":15,"key":"SMITH"},{"floor":23,"key":"REST"}],"circlet_count":0,"master_deck":["AscendersBane","Strike_B","Strike_B","Strike_B","Strike_B","Defend_B","Defend_B+1","Defend_B","Defend_B","Zap+1","Dualcast+1","Rebound+1","Go for the Eyes","Genetic Algorithm","Streamline","Auto Shields","Blizzard","Streamline","Buffer","Steam","Defragment","Conserve Battery+1","White Noise+1","Stack+1","Panacea+1"],"relics":["Cracked Core","Bag of Preparation","Toy Ornithopter","Nuclear Battery","Red Mask","ClockworkSouvenir","Toxic Egg 2","MutagenicStrength"],"acts_visited":["Exordium","TheCity"],"potions_floor_usage":[6,13],"damage_taken":[{"damage":3,"enemies":"Jaw Worm","floor":1,"turns":4},{"damage":0,"enemies":"2 Louse","floor":2,"turns":2},{"damage":8,"enemies":"Small Slimes","floor":4,"turns":2},{"damage":19,"enemies":"Lagavulin","floor":6,"turns":5},{"damage":8,"enemies":"Blue Slaver","floor":10,"turns":3},{"damage":10,"enemies":"2 Fungi Beasts","floor":12,"turns":3},{"damage":3,"enemies":"Exordium Thugs","floor":13,"turns":4},{"damage":44,"enemies":"The Guardian","floor":16,"turns":12},{"damage":11,"enemies":"2 Thieves","floor":18,"turns":4},{"damage":11,"enemies":"Spheric Guardian","floor":19,"turns":4},{"damage":25,"enemies":"Masked Bandits","floor":20,"turns":6},{"damage":30,"enemies":"Shelled Parasite and Fungi","floor":25,"turns":3}],"seed_played":"-2733063915102943340","potions_obtained":[{"floor":2,"key":"Fire Potion"},{"floor":6,"key":"CultistPotion"},{"floor":12,"key":"Explosive Potion"},{"floor":19,"key":"Dexterity Potion"}],"is_trial":false,"path_per_floor":["M","M","?","M","?","E","R","?","T","M","?","M","M","?","R","B",null,"M","M","?","?","$","R","?","M"],"character_chosen":"DEFECT","items_purchased":["ClockworkSouvenir","Toxic Egg 2","White Noise+1","Stack+1","Panacea+1"],"campfire_rested":2,"item_purchase_floors":[22,22,22,22,22],"current_hp_per_floor":[65,65,65,57,50,31,53,42,42,34,19,9,11,75,75,31,64,53,42,17,3,3,27,27,0,0],"gold":57,"neow_bonus":"UPGRADE_CARD","is_daily":false,"chose_seed":false,"campfire_upgraded":1,"win_rate":0.0,"timestamp":1608172047,"path_taken":["M","M","?","M","?","E","R","?","T","M","?","M","M","?","R","BOSS","M","?","?","?","$","R","?","M"],"items_purchased_type":["Relic","Relic","Card","Card","Card"],"build_version":"2020-12-13","purchased_purges":0,"victory":false,"max_hp_per_floor":[75,75,75,75,75,75,75,75,75,75,75,75,75,75,75,75,75,75,75,75,80,80,80,80,80,80],"card_choices":[{"not_picked":["Skim","Heatsinks"],"picked":"Rebound","floor":1},{"not_picked":["Rebound","Lockon"],"picked":"Go for the Eyes","floor":2},{"not_picked":["Go for the Eyes","Undo"],"picked":"Genetic Algorithm","floor":4},{"not_picked":["Aggregate","Sweeping Beam"],"picked":"Streamline","floor":6},{"not_picked":["Reinforced Body","Beam Cell"],"picked":"Auto Shields","floor":10},{"not_picked":["Sunder","Amplify"],"picked":"Blizzard","floor":12},{"not_picked":["Redo","Rip and Tear"],"picked":"Streamline","floor":13},{"not_picked":["Multi-Cast","Amplify"],"picked":"Buffer","floor":16},{"not_picked":["Genetic Algorithm","Compile Driver"],"picked":"Steam","floor":18},{"not_picked":["Reinforced Body","Beam Cell"],"picked":"Defragment","floor":19},{"not_picked":["Stack","Turbo"],"picked":"Conserve Battery+1","floor":20}],"player_experience":430995,"relics_obtained":[{"floor":6,"key":"Bag of Preparation"},{"floor":9,"key":"Toy Ornithopter"},{"floor":20,"key":"Red Mask"}],"event_choices":[{"damage_healed":0,"gold_gain":175,"player_choice":"AGREE","damage_taken":0,"max_hp_gain":0,"max_hp_loss":0,"event_name":"Liars Game","floor":3,"gold_loss":0,"cards_obtained":["Doubt"]},{"cards_removed":["Doubt"],"damage_healed":0,"gold_gain":0,"player_choice":"Card Removal","damage_taken":7,"max_hp_gain":0,"max_hp_loss":0,"event_name":"Golden Wing","floor":5,"gold_loss":0},{"damage_healed":0,"gold_gain":75,"player_choice":"Gather Gold","damage_taken":11,"max_hp_gain":0,"max_hp_loss":0,"event_name":"World of Goop","floor":8,"gold_loss":0},{"damage_healed":0,"gold_gain":0,"player_choice":"Entered Light","damage_taken":15,"max_hp_gain":0,"max_hp_loss":0,"event_name":"Shining Light","floor":11,"gold_loss":0,"cards_upgraded":["Defend_B","Rebound"]},{"damage_healed":64,"gold_gain":0,"player_choice":"Full Heal","damage_taken":0,"max_hp_gain":0,"max_hp_loss":0,"event_name":"Wheel of Change","floor":14,"gold_loss":0},{"damage_healed":0,"gold_gain":0,"player_choice":"Fought Bandits","damage_taken":0,"max_hp_gain":0,"max_hp_loss":0,"event_name":"Masked Bandits","floor":20,"gold_loss":0},{"damage_healed":0,"gold_gain":0,"player_choice":"Shed Blood","damage_taken":19,"max_hp_gain":5,"max_hp_loss":0,"event_name":"Forgotten Altar","floor":21,"gold_loss":0},{"damage_healed":0,"gold_gain":0,"player_choice":"Inject Mutagens","damage_taken":0,"relics_obtained":["MutagenicStrength"],"max_hp_gain":0,"max_hp_loss":0,"event_name":"Drug Dealer","floor":24,"gold_loss":0}],"is_beta":false,"boss_relics":[{"not_picked":["Philosopher\u0027s Stone","Inserter"],"picked":"Nuclear Battery"}],"items_purged_floors":[],"is_endless":false,"potions_floor_spawned":[2,6,12,19,20],"killed_by":"Shelled Parasite and Fungi","ascension_level":12}}