{"host":"4a6fro0of1ie0h2w","time":1608234579,"event":{"mods":["Aspiration","BaseMod","CCEM","Colored Map","Conspire","Downfall","GifTheSpireLib","Halation","Highlight Path","Hubris","Infinite Spire","Marisa????????","Minty Spire (QoL Compilation)","Permanent Neow","Replay The Spire","StSLib","Stuff the Spire","The Servant 0.9.4"],"gold_per_floor":[349,368,397,416,433,466,466,478,497,528,212,14,14,14,33,130,130,55,55,55],"floor_reached":19,"playtime":1115,"items_purged":["hexamod:Defend"],"score":196,"play_id":"868a458b-d6ca-49e4-b851-a02cf894280d","local_time":"20201217214939","is_ascension_mode":true,"campfire_choices":[{"data":"hexamod:Float","floor":1,"key":"SMITH"},{"floor":18,"key":"RECALL"}],"circlet_count":0,"master_deck":["hexamod:Strike","hexamod:Strike","hexamod:Strike","hexamod:Strike","hexamod:Defend","hexamod:Defend","hexamod:Defend","hexamod:Sear","hexamod:Float+1","hexamod:FastForward","hexamod:Rewind","hexamod:FirstSeal","hexamod:AdvancingGuard","hexamod:EtherealExpedition","hexamod:BacktrackSmack","hubris:DuctTapeCard","hexamod:FifthSeal"],"relics":["hexamod:SpiritBrand","halation:SelfBoilingWater","Shuriken","Replay:Baseball","halation:Jellyphish","Membership Card","hubris:DuctTape","Ring of Chaos","downfall:HeartBlessingBlue","FossilizedHelix"],"acts_visited":["Exordium","TheCity"],"potions_floor_usage":[16,16],"damage_taken":[{"damage":0,"enemies":"Jaw Worm","floor":2,"turns":3},{"damage":12,"enemies":"Gremlin Nob","floor":3,"turns":4},{"damage":0,"enemies":"Cultist","floor":4,"turns":4},{"damage":0,"enemies":"2 Louse","floor":5,"turns":3},{"damage":5,"enemies":"3 Sentries","floor":6,"turns":10},{"damage":6,"enemies":"2 Fungi Beasts","floor":8,"turns":3},{"damage":0,"enemies":"Gremlin Gang","floor":9,"turns":6},{"damage":20,"enemies":"Gremlin Nob","floor":10,"turns":5},{"damage":0,"enemies":"downfall:FleeingMerchant","floor":11,"turns":4},{"damage":1,"enemies":"downfall:FleeingMerchant","floor":12,"turns":4},{"damage":33,"enemies":"Exordium Thugs","floor":15,"turns":6},{"damage":20,"enemies":"downfall:Watcher","floor":16,"turns":6},{"damage":16,"enemies":"conspire:Head Lice","floor":19,"turns":3}],"seed_played":"-8824464465144096573","potions_obtained":[{"floor":3,"key":"Strength Potion"},{"floor":10,"key":"champ:CounterPotion"},{"floor":15,"key":"Fire Potion"},{"floor":16,"key":"Strength Potion"}],"is_trial":false,"path_per_floor":["R","M","E","M","M","E","T","M","M","E","$","$","M","?","M","B",null,"R","E"],"character_chosen":"THE_SPIRIT","items_purchased":["halation:Jellyphish","expansioncontent:DecasProtection","Membership Card","hexamod:BacktrackSmack"],"campfire_rested":0,"item_purchase_floors":[11,11,12,12],"current_hp_per_floor":[63,63,51,51,58,60,60,61,63,50,57,63,63,63,37,17,63,73,57,57],"gold":55,"neow_bonus":"TWO_FIFTY_GOLD","is_daily":false,"chose_seed":false,"campfire_upgraded":1,"win_rate":0.0,"timestamp":1608234579,"path_taken":["R","M","E","M","M","E","T","M","M","E","$","$","M","?","M","BOSS","R","E"],"items_purchased_type":["Relic","Card","Relic","Card"],"build_version":"2020-12-13","purchased_purges":1,"victory":false,"max_hp_per_floor":[63,63,63,63,63,63,63,63,63,63,63,63,63,63,63,63,63,73,73,73],"card_choices":[{"not_picked":["hexamod:RetreatToShadows","hexamod:GhostLash"],"picked":"hexamod:FastForward","floor":2},{"not_picked":["hexamod:PhantomFireball","hexamod:CatchUp"],"picked":"hexamod:Rewind","floor":3},{"not_picked":["hexamod:SwordOfDarkness","hexamod:GiftsFromTheDead"],"picked":"hexamod:FirstSeal","floor":4},{"not_picked":["hexamod:Firestarter","hexamod:SpectersWail"],"picked":"hexamod:AdvancingGuard","floor":5},{"not_picked":["hexamod:GhostShield","hexamod:NightmareStrike","hexamod:PhantomFireball"],"picked":"SKIP","floor":6},{"not_picked":["hexamod:CatchUp","hexamod:SwordOfDarkness"],"picked":"hexamod:EtherealExpedition","floor":8},{"not_picked":["hexamod:AdvancingGuard","hexamod:FirstSeal","hexamod:RetreatToShadows"],"picked":"SKIP","floor":9},{"not_picked":["hexamod:NightmareStrike","hexamod:GiftsFromTheDead"],"picked":"hexamod:EmpoweredFlame","floor":10},{"not_picked":["hexamod:GhostLash","hexamod:HeatCrush","hexamod:NightmareStrike"],"picked":"SKIP","floor":11},{"not_picked":["hexamod:NecessarySacrifice","hexamod:HauntingEcho","hexamod:AdvancingGuard"],"picked":"SKIP","floor":12},{"not_picked":["hexamod:Toasty","hexamod:GhostLash","hexamod:Incineration"],"picked":"SKIP","floor":15},{"not_picked":["hexamod:UnleashSpirits","hexamod:ApocalypticArmor"],"picked":"hexamod:FifthSeal","floor":16}],"player_experience":173222,"relics_obtained":[{"floor":3,"key":"halation:SelfBoilingWater"},{"floor":6,"key":"Shuriken"},{"floor":10,"key":"Replay:Baseball"}],"event_choices":[{"damage_healed":0,"gold_gain":0,"player_choice":"Full Heal","damage_taken":0,"max_hp_gain":0,"max_hp_loss":0,"event_name":"Wheel of Change","floor":14,"gold_loss":0}],"is_beta":false,"boss_relics":[{"not_picked":["Cursed Key","CCEMRelics:GreenEgg"],"picked":"Ring of Chaos"}],"items_purged_floors":[11],"is_endless":false,"potions_floor_spawned":[3,10,15,16],"killed_by":"conspire:Head Lice","ascension_level":1}}