{"host":"9xy5zueecf5ncm9s","time":1608181927,"event":{"mods":["AchievementEnabler","Aspiration","Bard","BaseMod","Beaked The Cultist","Better Altar","Better Match","Better Note","Better Sensory Stone","Better Skull","Better Third Choice","BetterRewards","CCEM","Clawfect","Colored Powertips","Conspire","GifTheSpireLib","Googly Eyes","Halation","Hermit","Highlight Path","Hubris","Hunter ??","Infinite Spire","Jedi Mod","Mad Scientist","Minty Spire (QoL Compilation)","Permanent Neow","Replay The Spire","Shade Mod","Shop Mod","Spicy Shops","StSLib","Stuff the Spire","The Blackbeard","The Construct","The Cursed","The Disciple","The Gatherer","The Hierophant","The Jungle","The Mystic","The Necromancer","The Problem Sleuth","The Runesmith","The Servant 0.9.4","The Spell Scribe","The Witch","Unceasing Turn Reminder","everything is the same but u backflip on backflip"],"gold_per_floor":[116,116,116,130,143,176,191,191,191,218,218,203,203,213,213,314,314,327,327,377,393,393,393],"floor_reached":22,"playtime":2292,"items_purged":[],"score":196,"play_id":"1a57afeb-9cf7-49f0-8b3c-fc978a2b833c","local_time":"20201217001207","is_ascension_mode":false,"campfire_choices":[{"floor":11,"key":"REST"},{"data":"beaked:Ceremony","floor":15,"key":"SMITH"}],"circlet_count":0,"master_deck":["beaked:Strike_Y","beaked:Strike_Y","beaked:Strike_Y","beaked:Strike_Y","beaked:Strike_Y","beaked:Strike_Y","beaked:Defend_Y","beaked:Defend_Y","beaked:Defend_Y+1","beaked:Defend_Y","beaked:Ceremony+1","beaked:Ceremony","beaked:Ceremony+1","beaked:Tweet","beaked:Evade","beaked:VigorBurst","beaked:Foresight","beaked:SacrificialAttack","beaked:Evade","beaked:MachineSpirit","beaked:WildInstinct","beaked:WarriorEssence"],"relics":["beaked:MendingPlumage","NeowsBlessing","Regal Pillow","CCEMRelics:OverlyComfyChair","Replay:Baseball","Bird Faced Urn","halation:MonkeysPaw"],"acts_visited":["Exordium","Exordium"],"potions_floor_usage":[6,7,16,22,22],"damage_taken":[{"damage":0,"enemies":"2 Louse","floor":1,"turns":1},{"damage":0,"enemies":"Jaw Worm","floor":4,"turns":1},{"damage":0,"enemies":"Cultist","floor":5,"turns":1},{"damage":63,"enemies":"3 Sentries","floor":6,"turns":12},{"damage":19,"enemies":"2 Fungi Beasts","floor":7,"turns":5},{"damage":57,"enemies":"Lagavulin","floor":10,"turns":13},{"damage":39,"enemies":"Exordium Thugs","floor":12,"turns":20},{"damage":21,"enemies":"Large Slime","floor":14,"turns":8},{"damage":17,"enemies":"Slime Boss","floor":16,"turns":10},{"damage":45,"enemies":"Shell Parasite","floor":18,"turns":7},{"damage":29,"enemies":"theJungle:5_Spyders","floor":21,"turns":9},{"damage":84,"enemies":"theJungle:2_Snecko_Cultists","floor":22,"turns":5}],"seed_played":"2322333211640758779","potions_obtained":[{"floor":4,"key":"Regen Potion"},{"floor":6,"key":"Swift Potion"},{"floor":12,"key":"LiquidMemories"},{"floor":14,"key":"GamblersBrew"},{"floor":16,"key":"Strength Potion"}],"is_trial":false,"path_per_floor":["M","?","?","M","M","E","M","$","T","E","R","M","?","M","R","B",null,"M","?","?","M","M"],"character_chosen":"BEAKED_THE_CULTIST","items_purchased":[],"campfire_rested":1,"item_purchase_floors":[],"current_hp_per_floor":[50,50,40,42,48,38,42,42,42,34,55,55,55,55,55,55,55,46,46,39,55,0,0],"gold":393,"neow_bonus":"THREE_ENEMY_KILL","is_daily":false,"chose_seed":false,"campfire_upgraded":1,"win_rate":0.0,"timestamp":1608181927,"path_taken":["M","?","?","M","M","E","M","?","T","E","R","M","?","M","R","BOSS","M","?","?","M","M"],"items_purchased_type":[],"build_version":"2020-12-13","purchased_purges":0,"victory":false,"max_hp_per_floor":[50,50,50,50,55,55,55,55,55,55,55,55,55,55,55,55,55,55,55,55,55,55,55],"card_choices":[{"not_picked":["beaked:Cower","beaked:Brace"],"picked":"beaked:Tweet","floor":1},{"not_picked":["beaked:Replenish","ReplayTheSpireMod:RavenHex"],"picked":"beaked:Evade","floor":4},{"not_picked":["beaked:BounceBack","beaked:SurvivalInstinct"],"picked":"beaked:VigorBurst","floor":5},{"not_picked":["beaked:MaddeningMurmurs","beaked:SurvivalInstinct"],"picked":"beaked:Foresight","floor":6},{"not_picked":["beaked:Poke","beaked:Evade"],"picked":"beaked:SacrificialAttack","floor":7},{"not_picked":["beaked:Sacrifice","beaked:RuinSticks"],"picked":"beaked:Evade","floor":10},{"not_picked":["beaked:SurvivalInstinct","beaked:TuckingFeathers"],"picked":"beaked:MachineSpirit","floor":12},{"not_picked":["beaked:Brace","beaked:FeelMyPain","beaked:MimicWarrior"],"picked":"SKIP","floor":14},{"not_picked":["beaked:MachineEssence","beaked:DarkPact"],"picked":"beaked:WildInstinct","floor":16},{"not_picked":["beaked:TuckingFeathers","beaked:Insight+1","beaked:Daydream+1"],"picked":"SKIP","floor":18},{"not_picked":["ReplayTheSpireMod:Prepare the Ceremony","beaked:Brace"],"picked":"beaked:WarriorEssence","floor":21}],"player_experience":95738,"relics_obtained":[{"floor":6,"key":"Regal Pillow"},{"floor":9,"key":"CCEMRelics:OverlyComfyChair"},{"floor":10,"key":"Replay:Baseball"},{"floor":13,"key":"Bird Faced Urn"}],"event_choices":[{"damage_healed":0,"gold_gain":0,"player_choice":"Ignored","damage_taken":0,"max_hp_gain":0,"max_hp_loss":0,"event_name":"Golden Wing","floor":2,"gold_loss":0},{"damage_healed":50,"gold_gain":0,"player_choice":"Upgrade","damage_taken":10,"max_hp_gain":0,"max_hp_loss":50,"event_name":"betterThird:BetterShining","floor":3,"gold_loss":0,"cards_upgraded":["beaked:Ceremony","beaked:Defend_Y"]},{"damage_healed":0,"gold_gain":0,"player_choice":"Relic","damage_taken":0,"max_hp_gain":0,"max_hp_loss":0,"event_name":"Wheel of Change","floor":13,"gold_loss":0},{"damage_healed":0,"gold_gain":0,"player_choice":"Ignored","damage_taken":0,"max_hp_gain":0,"max_hp_loss":0,"event_name":"betterNote:BetterNote","floor":19,"gold_loss":0,"cards_obtained":["Machine Learning"]}],"is_beta":false,"boss_relics":[{"not_picked":["ReplayTheSpireMod:DimensionalGlitch","conspire:SlowCooker"],"picked":"halation:MonkeysPaw"}],"items_purged_floors":[],"is_endless":false,"potions_floor_spawned":[4,6,12,14,16],"killed_by":"theJungle:2_Snecko_Cultists","ascension_level":0}}