{"host":"Ian","time":1608240397,"event":{"mods":["BaseMod","Bestiary","Block Reminder","Colored Map","Highlight Path","Key Reminder","Minty Spire (QoL Compilation)","Relic Stats"],"gold_per_floor":[116,116,6,17,17,17,36,64,89,102,115,190,222,233,233,307,307,322,340,357,375,1,27,27,59,85,85,85],"floor_reached":27,"playtime":1213,"items_purged":["Strike_R"],"score":530,"play_id":"2415fb68-b3cd-4a6f-ae17-62c0911b6948","local_time":"20201217212637","is_ascension_mode":true,"campfire_choices":[{"data":"Immolate","floor":6,"key":"SMITH"},{"floor":15,"key":"REST"},{"data":"Corruption","floor":24,"key":"SMITH"}],"circlet_count":0,"master_deck":["AscendersBane","Strike_R","Strike_R","Strike_R","Defend_R","Defend_R","Defend_R","Defend_R","Bash","Fiend Fire","Pommel Strike","Feel No Pain","Anger","Immolate+1","Inflame","Fiend Fire","Corruption+1","Shrug It Off","True Grit+1","Power Through+1","Evolve","Second Wind"],"relics":["Burning Blood","Vajra","MealTicket","Ancient Tea Set","Sozu","Oddly Smooth Stone","War Paint","Toy Ornithopter","Art of War"],"acts_visited":["Exordium","TheCity"],"potions_floor_usage":[14,18,20],"damage_taken":[{"damage":5,"enemies":"2 Louse","floor":1,"turns":3},{"damage":8,"enemies":"Small Slimes","floor":4,"turns":2},{"damage":2,"enemies":"Jaw Worm","floor":7,"turns":3},{"damage":30,"enemies":"Lagavulin","floor":8,"turns":6},{"damage":0,"enemies":"2 Fungi Beasts","floor":10,"turns":2},{"damage":6,"enemies":"Looter","floor":11,"turns":2},{"damage":20,"enemies":"3 Sentries","floor":13,"turns":4},{"damage":5,"enemies":"3 Louse","floor":14,"turns":3},{"damage":44,"enemies":"The Guardian","floor":16,"turns":11},{"damage":2,"enemies":"3 Byrds","floor":18,"turns":3},{"damage":30,"enemies":"Shell Parasite","floor":19,"turns":6},{"damage":0,"enemies":"Snake Plant","floor":20,"turns":2},{"damage":12,"enemies":"Snecko","floor":21,"turns":4},{"damage":15,"enemies":"Slavers","floor":23,"turns":4},{"damage":25,"enemies":"Book of Stabbing","floor":25,"turns":5},{"damage":28,"enemies":"Shelled Parasite and Fungi","floor":27,"turns":2}],"seed_played":"5954636042357929466","potions_obtained":[{"floor":4,"key":"Strength Potion"},{"floor":7,"key":"Fire Potion"},{"floor":14,"key":"BlessingOfTheForge"},{"floor":16,"key":"LiquidBronze"}],"is_trial":false,"path_per_floor":["M","?","$","M","?","R","M","E","T","M","M","?","E","M","R","B",null,"M","M","M","M","$","E","R","E","T","M"],"character_chosen":"IRONCLAD","items_purchased":["Feel No Pain","Anger","Power Through","Evolve","Oddly Smooth Stone"],"campfire_rested":1,"item_purchase_floors":[3,3,22,22,22],"current_hp_per_floor":[68,68,68,66,66,66,68,44,44,50,50,39,25,26,46,8,53,57,33,39,33,48,39,39,20,20,0,0],"gold":85,"neow_bonus":"THREE_RARE_CARDS","is_daily":false,"chose_seed":false,"campfire_upgraded":2,"win_rate":0.0,"timestamp":1608240397,"path_taken":["M","?","$","M","?","R","M","E","T","M","M","?","E","M","R","BOSS","M","M","M","M","$","E","R","E","T","M"],"items_purchased_type":["Card","Card","Card","Card","Relic"],"build_version":"2020-12-07","purchased_purges":1,"victory":false,"max_hp_per_floor":[68,68,68,68,68,68,68,68,68,68,68,68,68,68,68,68,68,68,68,68,68,68,68,68,68,68,68,68],"relic_stats":{"Sozu":2,"counters":[16,62],"MealTicket":15,"Art of War":[0],"War Paint":["Power Through","True Grit"],"obtain_stats":[{"Sozu":17,"Vajra":8,"Oddly Smooth Stone":22,"MealTicket":9,"Art of War":26,"War Paint":23,"Ancient Tea Set":13,"Burning Blood":0,"Toy Ornithopter":25},{"Sozu":9,"Vajra":4,"Oddly Smooth Stone":13,"MealTicket":4,"Art of War":15,"War Paint":14,"Ancient Tea Set":7,"Burning Blood":0,"Toy Ornithopter":15},{"Sozu":36,"Vajra":14,"Oddly Smooth Stone":51,"MealTicket":14,"Art of War":60,"War Paint":55,"Ancient Tea Set":22,"Burning Blood":0,"Toy Ornithopter":60}],"Burning Blood":87,"Toy Ornithopter":0},"card_choices":[{"not_picked":["Berserk","Brutality"],"picked":"Fiend Fire","floor":0},{"not_picked":["Sword Boomerang","Power Through"],"picked":"Pommel Strike","floor":1},{"not_picked":["Armaments","Thunderclap"],"picked":"Immolate","floor":4},{"not_picked":["Havoc","Sword Boomerang"],"picked":"Inflame","floor":7},{"not_picked":["Dropkick","Havoc"],"picked":"Fiend Fire","floor":8},{"not_picked":["Pommel Strike","Twin Strike","Warcry"],"picked":"SKIP","floor":10},{"not_picked":["Sword Boomerang","Wild Strike","Body Slam"],"picked":"SKIP","floor":11},{"not_picked":["Sword Boomerang","Wild Strike","Body Slam"],"picked":"SKIP","floor":11},{"not_picked":["Sword Boomerang","Carnage","Heavy Blade"],"picked":"SKIP","floor":13},{"not_picked":["Sword Boomerang","Body Slam","Thunderclap"],"picked":"SKIP","floor":14},{"not_picked":["Sword Boomerang","Body Slam","Thunderclap"],"picked":"SKIP","floor":14},{"not_picked":["Fiend Fire","Feed"],"picked":"Corruption","floor":16},{"not_picked":["Heavy Blade","Headbutt"],"picked":"Shrug It Off","floor":18},{"not_picked":["Second Wind","Cleave","Heavy Blade"],"picked":"SKIP","floor":19},{"not_picked":["Whirlwind","Perfected Strike","Flex"],"picked":"SKIP","floor":20},{"not_picked":["Headbutt","Twin Strike"],"picked":"True Grit","floor":21},{"not_picked":["Pommel Strike","Combust","Immolate"],"picked":"SKIP","floor":23},{"not_picked":["Twin Strike","Sword Boomerang"],"picked":"Second Wind","floor":25}],"player_experience":2544968,"relics_obtained":[{"floor":8,"key":"Vajra"},{"floor":9,"key":"MealTicket"},{"floor":13,"key":"Ancient Tea Set"},{"floor":23,"key":"War Paint"},{"floor":25,"key":"Toy Ornithopter"},{"floor":26,"key":"Art of War"}],"event_choices":[{"cards_removed":["Strike_R"],"damage_healed":0,"gold_gain":0,"player_choice":"Forget","damage_taken":0,"max_hp_gain":0,"max_hp_loss":0,"event_name":"Living Wall","floor":2,"gold_loss":0},{"damage_healed":0,"gold_gain":0,"player_choice":"Ignored","damage_taken":0,"max_hp_gain":0,"max_hp_loss":0,"event_name":"Liars Game","floor":5,"gold_loss":0},{"damage_healed":0,"gold_gain":75,"player_choice":"Gather Gold","damage_taken":11,"max_hp_gain":0,"max_hp_loss":0,"event_name":"World of Goop","floor":12,"gold_loss":0}],"is_beta":true,"boss_relics":[{"not_picked":["Philosopher\u0027s Stone","Busted Crown"],"picked":"Sozu"}],"items_purged_floors":[22],"is_endless":false,"potions_floor_spawned":[4,7,13,14,16,19,20],"killed_by":"Shelled Parasite and Fungi","ascension_level":20}}