{"host":"d1glkbyrdwzrsnok","time":1608178146,"event":{"mods":["BaseMod","Colored Powertips","Marisa????????","Minty Spire (QoL Compilation)","Prisma Mod","StSLib","The Factory","The IronCluck","The Senshi","The Servant 0.9.4"],"gold_per_floor":[116,131,150,115,132,132,160,160,160,160,335,60,78,78,78,78,78],"floor_reached":16,"playtime":2531,"items_purged":["Doubt"],"score":100,"play_id":"79e2a161-b5b7-468e-b3d7-00f7440f5d30","local_time":"20201216200906","is_ascension_mode":false,"campfire_choices":[{"floor":6,"key":"REST"},{"floor":8,"key":"REST"},{"data":"InstantArmor","floor":10,"key":"SMITH"},{"floor":15,"key":"REST"}],"circlet_count":0,"master_deck":["Strike_S","Strike_S","Strike_S","Strike_S","Defend_S","Defend_S","Defend_S","Defend_S","KidneyShot","Exchange","BottledTime","Ricochet","ShatteredReality","InstantArmor+1","TimeWarp","SurpressingFire","GearUp","Flash of Steel"],"relics":["Uniform","WingedGreaves","Matryoshka"],"acts_visited":["Exordium"],"potions_floor_usage":[16,16],"damage_taken":[{"damage":6,"enemies":"Jaw Worm","floor":1,"turns":6},{"damage":6,"enemies":"2 Louse","floor":2,"turns":3},{"damage":1,"enemies":"Cultist","floor":3,"turns":4},{"damage":13,"enemies":"Lots of Slimes","floor":5,"turns":5},{"damage":29,"enemies":"Gremlin Nob","floor":7,"turns":5},{"damage":2,"enemies":"Large Slime","floor":13,"turns":7},{"damage":110,"enemies":"Hexaghost","floor":16,"turns":18}],"seed_played":"-7576787619828765151","potions_obtained":[{"floor":2,"key":"DuplicationPotion"},{"floor":3,"key":"FairyPotion"},{"floor":5,"key":"Regen Potion"}],"is_trial":false,"path_per_floor":["M","M","M","?","M","R","E","R","T","R","?","$","M","?","R","B"],"character_chosen":"THE_SERVANT","items_purchased":["SurpressingFire","GearUp","Flash of Steel"],"campfire_rested":3,"item_purchase_floors":[12,12,12],"current_hp_per_floor":[65,59,58,71,58,71,42,63,63,63,63,63,61,61,71,0,0],"gold":78,"neow_bonus":"TEN_PERCENT_HP_BONUS","is_daily":false,"chose_seed":false,"campfire_upgraded":1,"win_rate":0.0,"timestamp":1608178146,"path_taken":["M","M","M","?","M","R","E","R","T","R","?","$","M","?","R","BOSS"],"items_purchased_type":["Card","Card","Card"],"build_version":"2020-12-13","purchased_purges":1,"victory":false,"max_hp_per_floor":[71,71,71,71,71,71,71,71,71,71,71,71,71,71,71,71,71],"card_choices":[{"not_picked":["Unruled","Alleviate"],"picked":"BottledTime","floor":1},{"not_picked":["WasteNot","DoubleEdge"],"picked":"Ricochet","floor":2},{"not_picked":["DoubleEdge","Starlight"],"picked":"ShatteredReality","floor":3},{"not_picked":["Potential","FastForward"],"picked":"InstantArmor","floor":5},{"not_picked":["Shuttle","KillingDoll"],"picked":"TimeWarp","floor":7},{"not_picked":["ShiftingGears","Defy","Foresight"],"picked":"SKIP","floor":13}],"player_experience":38866,"relics_obtained":[{"floor":7,"key":"WingedGreaves"},{"floor":9,"key":"Matryoshka"}],"event_choices":[{"damage_healed":17,"gold_gain":0,"player_choice":"Healed","damage_taken":0,"max_hp_gain":0,"max_hp_loss":0,"event_name":"The Cleric","floor":4,"gold_loss":35},{"damage_healed":0,"gold_gain":175,"player_choice":"AGREE","damage_taken":0,"max_hp_gain":0,"max_hp_loss":0,"event_name":"Liars Game","floor":11,"gold_loss":0,"cards_obtained":["Doubt"]},{"damage_healed":0,"gold_gain":0,"player_choice":"Ignored","damage_taken":0,"max_hp_gain":0,"max_hp_loss":0,"event_name":"Golden Wing","floor":14,"gold_loss":0}],"is_beta":false,"boss_relics":[],"items_purged_floors":[12],"is_endless":false,"potions_floor_spawned":[2,3,5],"killed_by":"Hexaghost","ascension_level":0}}