{"host":"is2s59edl8twrhoj","time":1608207755,"event":{"mods":["BaseMod","Colored Map","Colored Powertips","DeckTracker","Downfall","Minty Spire (QoL Compilation)","StSLib"],"gold_per_floor":[99,99,129,129,144,156,156,166,181,181,91,103,118,63,83,183,183,183],"floor_reached":17,"playtime":1096,"items_purged":["hexamod:BacktrackSmack"],"score":184,"play_id":"f24b1ab4-4f66-4c1e-8005-a967b36c4d41","local_time":"20201217122235","is_ascension_mode":false,"campfire_choices":[{"data":"hexamod:Sear","floor":1.0,"key":"SMITH"},{"data":"hexamod:HeatCrush","floor":10,"key":"SMITH"}],"circlet_count":0,"master_deck":["hexamod:Strike","hexamod:Strike","hexamod:Strike","hexamod:Strike","hexamod:Defend","hexamod:Defend","hexamod:Defend","hexamod:Defend","hexamod:Sear+1","hexamod:Float","hexamod:RainOfEmbers","hexamod:AdvancingGuard","hexamod:GhostflameBarrier","hexamod:HeatCrush+1","hexamod:BurningTouch","hexamod:ChargedBarrage","hexamod:SearingWound","hexamod:PhantomFireball"],"relics":["hexamod:SpiritBrand","downfall:HeartsMalice","Centennial Puzzle","Mercury Hourglass","Velvet Choker"],"acts_visited":["Exordium","TheCity"],"potions_floor_usage":[16],"damage_taken":[{"damage":0.0,"enemies":"Cultist","floor":2.0,"turns":1.0},{"damage":0.0,"enemies":"Lagavulin","floor":3.0,"turns":1.0},{"damage":0.0,"enemies":"Jaw Worm","floor":4.0,"turns":1.0},{"damage":0.0,"enemies":"Small Slimes","floor":5.0,"turns":3.0},{"damage":11,"enemies":"Exordium Wildlife","floor":6,"turns":5},{"damage":1,"enemies":"2 Fungi Beasts","floor":8,"turns":3},{"damage":0,"enemies":"Exordium Thugs","floor":9,"turns":3},{"damage":4,"enemies":"downfall:FleeingMerchant","floor":11,"turns":4},{"damage":0,"enemies":"3 Louse","floor":12,"turns":3},{"damage":0,"enemies":"Blue Slaver","floor":13,"turns":3},{"damage":2,"enemies":"downfall:FleeingMerchant","floor":14,"turns":4},{"damage":0,"enemies":"2 Fungi Beasts","floor":15,"turns":3},{"damage":70,"enemies":"downfall:Defect","floor":16,"turns":7}],"seed_played":"2082204016382932436","potions_obtained":[{"floor":5.0,"key":"Weak Potion"},{"floor":6,"key":"Energy Potion"},{"floor":12,"key":"Swift Potion"},{"floor":13,"key":"FairyPotion"},{"floor":15,"key":"EssenceOfSteel"},{"floor":16,"key":"hexamod:DoubleChargePotion"}],"is_trial":false,"path_per_floor":["R","M","E","M","M","M","T","M","M","R","$","M","M","$","M","B",null],"character_chosen":"THE_SPIRIT","items_purchased":["hexamod:PhantomFireball"],"campfire_rested":0,"item_purchase_floors":[14],"current_hp_per_floor":[70,70,70,70,70,59,59,58,58,58,54,54,54,52,52,5,70,70],"gold":183,"neow_bonus":"THREE_ENEMY_KILL","is_daily":false,"chose_seed":false,"campfire_upgraded":2,"win_rate":0.0,"timestamp":1608207755,"path_taken":["R","M","E","M","M","M","T","M","M","R","$","?","M","$","M","BOSS"],"items_purchased_type":["Card"],"build_version":"2020-12-13","purchased_purges":1,"victory":false,"max_hp_per_floor":[70,70,70,70,70,70,70,70,70,70,70,70,70,70,70,70,70,70],"card_choices":[{"not_picked":["hexamod:NightmareGuise","hexamod:Hexaguard"],"picked":"hexamod:BacktrackSmack","floor":2.0},{"not_picked":["hexamod:InspiringFlames","hexamod:UnleashSpirits"],"picked":"hexamod:RainOfEmbers","floor":3.0},{"not_picked":["hexamod:ExtraCrispy","hexamod:StepThrough"],"picked":"hexamod:AdvancingGuard","floor":4.0},{"not_picked":["hexamod:RainOfEmbers","hexamod:Haunt"],"picked":"hexamod:GhostflameBarrier","floor":5.0},{"not_picked":["hexamod:GhostLash","hexamod:GhostShield","hexamod:Hexaguard"],"picked":"SKIP","floor":6},{"not_picked":["hexamod:SecondSeal","hexamod:ThermalTransfer","hexamod:NightmareStrike"],"picked":"SKIP","floor":8},{"not_picked":["hexamod:PhantomCloak","hexamod:GhostLash"],"picked":"hexamod:HeatCrush","floor":9},{"not_picked":["hexamod:UnleashSpirits","hexamod:Hexaguard"],"picked":"hexamod:BurningTouch","floor":11},{"not_picked":["hexamod:HauntingEcho","hexamod:BacktrackSmack","hexamod:NecessarySacrifice"],"picked":"SKIP","floor":12},{"not_picked":["hexamod:SwordOfDarkness","hexamod:Haunt"],"picked":"hexamod:ChargedBarrage","floor":13},{"not_picked":["hexamod:GhostOfSpirePast","hexamod:BacktrackSmack"],"picked":"hexamod:SearingWound","floor":14},{"not_picked":["hexamod:ThirdSeal","hexamod:FourthSeal","hexamod:ShieldOfDarkness"],"picked":"SKIP","floor":15}],"player_experience":637169,"relics_obtained":[{"floor":3.0,"key":"Centennial Puzzle"},{"floor":7,"key":"Mercury Hourglass"}],"event_choices":[],"is_beta":false,"boss_relics":[{"not_picked":["Ectoplasm","Runic Pyramid"],"picked":"Velvet Choker"}],"items_purged_floors":[11],"is_endless":false,"potions_floor_spawned":[5,6,12,13,15,16],"ascension_level":0}}