{"host":"0rxdudjy6rylha1k","time":1608244098,"event":{"mods":["Aspiration","BaseMod","Colored Map","Colored Powertips","Downfall","Highlight Path","Hubris","Minty Spire (QoL Compilation)","StSLib"],"gold_per_floor":[99,132,29,29,42,42,42,73,73,98,115,4,22,22,36,131,181,106,124,124,124,124],"floor_reached":21,"playtime":12787,"items_purged":[],"score":215,"play_id":"e02f419a-ba31-4464-a3d7-fd2e83ec73f0","local_time":"20201217152818","is_ascension_mode":true,"campfire_choices":[{"floor":1,"key":"RECALL"},{"data":"Bandage Up","floor":4,"key":"SMITH"},{"floor":9,"key":"REST"},{"data":"champ:StrikeOfGenius","floor":18,"key":"SMITH"}],"circlet_count":0,"master_deck":["champ:Strike","champ:Strike","champ:Strike","champ:Defend","champ:Defend","champ:Defend","champ:Defend","champ:Execute","champ:Taunt","champ:CrownThrow","champ:DefensiveStyle","champ:CrookedStrike","Bandage Up+1","champ:RisingSlash","champ:FocusedGladiator","champ:BringItOn","champ:CalledShot","champ:StrikeOfGenius+1","champ:SwordSigil","champ:TornadoPunch","champ:FocusedDefense","champ:CheapShot+1","champ:StanceDance"],"relics":["champ:ChampionCrown","Tiny Chest","hubris:PeanutButter","Darkstone Periapt","Blood Vial","Tiny House","downfall:HeartBlessingRed","hubris:Icosahedron"],"acts_visited":["Exordium","TheCity"],"potions_floor_usage":[16,19],"damage_taken":[{"damage":50,"enemies":"Lagavulin","floor":2,"turns":7},{"damage":5,"enemies":"downfall:FleeingMerchant","floor":3,"turns":4},{"damage":3,"enemies":"2 Louse","floor":5,"turns":3},{"damage":36,"enemies":"Gremlin Nob","floor":8,"turns":5},{"damage":51,"enemies":"Lagavulin","floor":10,"turns":7},{"damage":0,"enemies":"Cultist","floor":11,"turns":4},{"damage":0,"enemies":"downfall:FleeingMerchant","floor":12,"turns":4},{"damage":0,"enemies":"Jaw Worm","floor":13,"turns":4},{"damage":0,"enemies":"Blue Slaver","floor":15,"turns":3},{"damage":31,"enemies":"downfall:Silent","floor":16,"turns":7},{"damage":0,"enemies":"Chosen","floor":19,"turns":4},{"damage":105,"enemies":"Gremlin Leader","floor":21,"turns":9}],"seed_played":"-3794257961219534973","potions_obtained":[{"floor":5,"key":"Explosive Potion"},{"floor":13,"key":"ColorlessPotion"},{"floor":16,"key":"SpeedPotion"},{"floor":17,"key":"Fire Potion"}],"is_trial":false,"path_per_floor":["R","E","$","R","M","?","T","E","R","E","M","$","M","T","M","B",null,"R","M","?","E"],"character_chosen":"THE_CHAMP","items_purchased":["Bandage Up","champ:SwordSigil","champ:TornadoPunch"],"campfire_rested":1,"item_purchase_floors":[3,12,12],"current_hp_per_floor":[90,55,55,55,58,58,58,32,59,19,30,42,54,54,62,52,95,95,95,95,0,0],"gold":124,"neow_bonus":"ONE_RANDOM_RARE_CARD","is_daily":false,"chose_seed":false,"campfire_upgraded":2,"win_rate":0.0,"timestamp":1608244098,"path_taken":["R","E","$","R","M","?","T","E","R","E","?","?","M","?","M","BOSS","R","M","?","E"],"items_purchased_type":["Card","Card","Card"],"build_version":"2020-12-13","purchased_purges":0,"victory":false,"max_hp_per_floor":[90,90,90,90,90,90,90,90,90,90,90,90,90,90,90,90,95,95,95,95,95,95],"card_choices":[{"not_picked":["champ:GutPunch","champ:PreciseThrust"],"picked":"champ:DefensiveStyle","floor":2},{"not_picked":["champ:RageSigil","champ:Backstep"],"picked":"champ:CrookedStrike","floor":3},{"not_picked":["champ:GladiatorsShout","champ:Encircle"],"picked":"champ:RisingSlash","floor":5},{"not_picked":["champ:BerserkerStyle","champ:Backstep"],"picked":"champ:FocusedGladiator","floor":8},{"not_picked":["champ:PerfectedStrike","champ:CrookedStrike"],"picked":"champ:BringItOn","floor":10},{"not_picked":["champ:BringItOn","champ:DefensiveShout"],"picked":"champ:CalledShot","floor":11},{"not_picked":["champ:ShieldWall","champ:BringItOn"],"picked":"champ:StrikeOfGenius","floor":12},{"not_picked":["champ:HeartStrike","champ:Backstep","champ:TornadoPunch"],"picked":"SKIP","floor":13},{"not_picked":["champ:AdrenalArmor","champ:ShieldSigil"],"picked":"champ:FocusedDefense","floor":15},{"not_picked":["champ:LastStand","champ:Improvising"],"picked":"champ:CheapShot","floor":16},{"not_picked":["champ:AdrenalArmor","champ:SwordSigil"],"picked":"champ:StanceDance","floor":17},{"not_picked":["champ:RecklessLeap","champ:PerfectedStrike+1","champ:FocusedDefense"],"picked":"SKIP","floor":19}],"player_experience":2266694,"relics_obtained":[{"floor":2,"key":"Tiny Chest"},{"floor":7,"key":"hubris:PeanutButter"},{"floor":10,"key":"Darkstone Periapt"},{"floor":14,"key":"Blood Vial"}],"event_choices":[{"cards_removed":["champ:Strike"],"damage_healed":0,"gold_gain":0,"player_choice":"Purged","damage_taken":0,"max_hp_gain":0,"max_hp_loss":0,"event_name":"Purifier","floor":6,"gold_loss":0}],"is_beta":false,"boss_relics":[{"not_picked":["Philosopher\u0027s Stone","Empty Cage"],"picked":"Tiny House"}],"items_purged_floors":[],"is_endless":false,"potions_floor_spawned":[5,13,16],"killed_by":"Gremlin Leader","ascension_level":2}}