{"host":"usewcu4ohw2wtmxk","time":1608181660,"event":{"mods":["AchievementEnabler","BaseMod","BetterRewards","Colored Powertips","Minty Spire (QoL Compilation)","Permanent Neow","Quick Restart","Relic Sorter","Relic Stats","Shop Mod","StSLib"],"gold_per_floor":[115,40,60,73,92,92,125,125],"floor_reached":7,"playtime":197,"items_purged":["Strike_R"],"score":106,"play_id":"d082a7df-3a2a-4fc1-94db-0f837a335836","local_time":"20201217130740","is_ascension_mode":true,"campfire_choices":[{"data":"Hemokinesis","floor":6,"key":"SMITH"}],"circlet_count":0,"master_deck":["AscendersBane","Strike_R","Strike_R","Strike_R","Strike_R","Defend_R","Defend_R","Defend_R","Defend_R","Bash","Feed","Shockwave","Hemokinesis+1","Sword Boomerang"],"relics":["Burning Blood","MealTicket"],"acts_visited":["Exordium"],"potions_floor_usage":[],"damage_taken":[{"damage":12,"enemies":"Cultist","floor":1,"turns":4},{"damage":11,"enemies":"Small Slimes","floor":3,"turns":4},{"damage":6,"enemies":"Jaw Worm","floor":4,"turns":6},{"damage":2,"enemies":"Looter","floor":5,"turns":4},{"damage":26,"enemies":"Lagavulin","floor":7,"turns":7}],"seed_played":"-8962759879959329657","potions_obtained":[{"floor":1,"key":"SmokeBomb"},{"floor":7,"key":"LiquidMemories"}],"is_trial":false,"path_per_floor":["M","$","M","M","M","R","E"],"character_chosen":"IRONCLAD","items_purchased":[],"campfire_rested":0,"item_purchase_floors":[],"current_hp_per_floor":[65,65,63,66,73,73,53,53],"gold":125,"neow_bonus":"ONE_RANDOM_RARE_CARD","is_daily":false,"chose_seed":false,"campfire_upgraded":1,"win_rate":0.0,"timestamp":1608181660,"path_taken":["M","$","M","M","M","R","E"],"items_purchased_type":[],"build_version":"2020-12-13","purchased_purges":1,"victory":false,"max_hp_per_floor":[78,78,81,84,87,87,87,87],"relic_stats":{"counters":[5,25],"MealTicket":0,"obtain_stats":[{"MealTicket":7,"Burning Blood":0},{"MealTicket":5,"Burning Blood":0},{"MealTicket":25,"Burning Blood":0}],"Burning Blood":30},"card_choices":[{"not_picked":["Armaments","Iron Wave"],"picked":"Shockwave","floor":1},{"not_picked":["Infernal Blade","Dual Wield","Warcry"],"picked":"SKIP","floor":3},{"not_picked":["Clash","Thunderclap","Carnage"],"picked":"SKIP","floor":4},{"not_picked":["Clothesline","Wild Strike"],"picked":"Hemokinesis","floor":5},{"not_picked":["Entrench","Twin Strike"],"picked":"Sword Boomerang","floor":7}],"player_experience":270480,"relics_obtained":[{"floor":7,"key":"MealTicket"}],"event_choices":[],"is_beta":false,"boss_relics":[],"items_purged_floors":[2],"is_endless":false,"potions_floor_spawned":[1,7],"killed_by":"Lagavulin","ascension_level":20}}