{"host":"Kdaddybrian","time":1608188412,"event":{"mods":["AchievementEnabler","BaseMod","Bestiary","Colored Powertips","Minty Spire (QoL Compilation)","Potion Indicator Mod","Quick Restart","Rare Cards Sparkle","Relic Stats","StSLib","Uncapped"],"gold_per_floor":[117,117,137,150,325,325,365,64,64,29,29,70,88,113,113,233,233,251,274,174,174,198,198,232,232,314,274,290,306,306,321,321,321,321],"floor_reached":33,"playtime":1538,"items_purged":["Doubt","Strike_B"],"score":416,"play_id":"b2d04415-59a6-4f73-ae51-0540d3f6d358","local_time":"20201217020012","is_ascension_mode":true,"campfire_choices":[{"data":"Barrage","floor":6.0,"key":"SMITH"},{"data":"Loop","floor":11.0,"key":"SMITH"},{"data":"Seek","floor":15.0,"key":"SMITH"},{"floor":23.0,"key":"RECALL"},{"floor":25.0,"key":"REST"},{"floor":30.0,"key":"REST"},{"floor":32.0,"key":"REST"}],"circlet_count":0,"master_deck":["AscendersBane","Strike_B","Strike_B","Strike_B","Defend_B","Defend_B","Defend_B","Defend_B","Zap","Dualcast","Self Repair","Barrage+1","Sweeping Beam+1","Loop+1","Glacier+1","Seek+1","Barrage","White Noise","Fission","Coolheaded","Fusion+1","Bandage Up","Glacier","Fission","Redo+1"],"relics":["Cracked Core","Golden Idol","Kunai","Art of War","Symbiotic Virus","Regal Pillow","Fusion Hammer","Sundial"],"acts_visited":["Exordium","TheCity"],"potions_floor_usage":[33],"damage_taken":[{"damage":0.0,"enemies":"Cultist","floor":1.0,"turns":4.0},{"damage":13.0,"enemies":"Small Slimes","floor":3.0,"turns":5.0},{"damage":6.0,"enemies":"Jaw Worm","floor":4.0,"turns":4.0},{"damage":25.0,"enemies":"Lagavulin","floor":7.0,"turns":6.0},{"damage":6.0,"enemies":"Gremlin Nob","floor":12.0,"turns":3.0},{"damage":0.0,"enemies":"Looter","floor":13.0,"turns":2.0},{"damage":2.0,"enemies":"Blue Slaver","floor":14.0,"turns":3.0},{"damage":24.0,"enemies":"Slime Boss","floor":16.0,"turns":6.0},{"damage":0.0,"enemies":"Spheric Guardian","floor":18.0,"turns":3.0},{"damage":1.0,"enemies":"Chosen","floor":19.0,"turns":4.0},{"damage":14.0,"enemies":"Snecko","floor":22.0,"turns":5.0},{"damage":33.0,"enemies":"Slavers","floor":24.0,"turns":7.0},{"damage":16.0,"enemies":"3 Cultists","floor":28.0,"turns":6.0},{"damage":18.0,"enemies":"Centurion and Healer","floor":29.0,"turns":11.0},{"damage":7.0,"enemies":"Shelled Parasite and Fungi","floor":31.0,"turns":3.0},{"damage":108,"enemies":"Automaton","floor":33,"turns":12}],"seed_played":"8716111580046907154","potions_obtained":[{"floor":0.0,"key":"Strength Potion"},{"floor":0.0,"key":"Fruit Juice"},{"floor":0.0,"key":"FearPotion"},{"floor":1.0,"key":"Fire Potion"},{"floor":7.0,"key":"DuplicationPotion"},{"floor":13.0,"key":"Energy Potion"}],"is_trial":false,"path_per_floor":["M","?","M","M","?","R","E","$","T","?","R","E","M","M","R","B",null,"M","M","$","?","M","R","E","R","T","?","M","M","R","M","R","B"],"character_chosen":"DEFECT","items_purchased":["Glacier","Art of War"],"campfire_rested":3,"item_purchase_floors":[8,8],"current_hp_per_floor":[73,73,67,68,68,68,50,50,50,68,68,62,69,67,67,50,68,74,74,74,74,71,71,49,74,74,74,58,51,74,67,74,0,0],"gold":321,"neow_bonus":"THREE_SMALL_POTIONS","is_daily":false,"chose_seed":false,"campfire_upgraded":3,"win_rate":0.0,"timestamp":1608188412,"path_taken":["M","?","M","M","?","R","E","?","T","?","R","E","M","M","R","BOSS","M","M","$","?","?","R","E","R","T","?","?","M","R","M","R","BOSS"],"items_purchased_type":["Card","Relic"],"build_version":"2020-12-07","purchased_purges":2,"victory":false,"max_hp_per_floor":[80,74,74,74,74,74,74,74,74,74,74,74,74,74,74,74,74,74,74,74,74,74,74,74,74,74,74,74,74,74,74,74,74,74],"relic_stats":{"Regal Pillow":4,"counters":[16,84],"Golden Idol":86,"Sundial":[6],"Art of War":[11],"Kunai":[13],"obtain_stats":[{"Regal Pillow":12,"Golden Idol":2,"Sundial":24,"Fusion Hammer":17,"Art of War":8,"Kunai":7,"Cracked Core":0,"Symbiotic Virus":9},{"Regal Pillow":5,"Golden Idol":1,"Sundial":12,"Fusion Hammer":8,"Art of War":4,"Kunai":4,"Cracked Core":0,"Symbiotic Virus":4},{"Regal Pillow":22,"Golden Idol":4,"Sundial":52,"Fusion Hammer":33,"Art of War":19,"Kunai":19,"Cracked Core":0,"Symbiotic Virus":19}]},"card_choices":[{"not_picked":["Steam","Leap"],"picked":"Self Repair","floor":1.0},{"not_picked":["Turbo","Loop"],"picked":"Barrage","floor":3.0},{"not_picked":["Compile Driver","Streamline"],"picked":"Sweeping Beam","floor":4.0},{"not_picked":["Stack","Double Energy"],"picked":"Loop","floor":7.0},{"not_picked":["Gash","Beam Cell"],"picked":"Seek","floor":12.0},{"not_picked":["Gash","Auto Shields"],"picked":"Barrage","floor":13.0},{"not_picked":["Turbo","Barrage"],"picked":"White Noise","floor":14.0},{"not_picked":["Meteor Strike","All For One"],"picked":"Fission","floor":16.0},{"not_picked":["Compile Driver","Steam Power+1"],"picked":"Coolheaded","floor":18.0},{"not_picked":["Go for the Eyes","Beam Cell+1"],"picked":"Fusion+1","floor":19.0},{"not_picked":["Skim","Hologram+1"],"picked":"Glacier","floor":22.0},{"not_picked":["Beam Cell","Barrage","Heatsinks"],"picked":"SKIP","floor":24.0},{"not_picked":["Tempest+1","Cold Snap"],"picked":"Fission","floor":28.0},{"not_picked":["FTL","Scrape"],"picked":"Redo+1","floor":29.0},{"not_picked":["Compile Driver+1","Rebound","Aggregate"],"picked":"SKIP","floor":31.0}],"player_experience":2867124,"relics_obtained":[{"floor":7.0,"key":"Kunai"},{"floor":9.0,"key":"Symbiotic Virus"},{"floor":12.0,"key":"Regal Pillow"},{"floor":24.0,"key":"Sundial"}],"event_choices":[{"damage_healed":0.0,"max_hp_gain":0.0,"max_hp_loss":6.0,"gold_gain":0.0,"event_name":"Golden Idol","player_choice":"Lose Max HP","floor":2.0,"gold_loss":0.0,"damage_taken":0.0,"relics_obtained":["Golden Idol"]},{"damage_healed":0.0,"max_hp_gain":0.0,"max_hp_loss":0.0,"gold_gain":175.0,"event_name":"Liars Game","player_choice":"AGREE","floor":5.0,"gold_loss":0.0,"damage_taken":0.0,"cards_obtained":["Doubt"]},{"damage_healed":18.0,"max_hp_gain":0.0,"max_hp_loss":0.0,"gold_gain":0.0,"event_name":"The Cleric","player_choice":"Healed","floor":10.0,"gold_loss":35.0,"damage_taken":0.0},{"damage_healed":0.0,"max_hp_gain":0.0,"max_hp_loss":0.0,"gold_gain":0.0,"event_name":"Match and Keep!","player_choice":"1 cards matched","floor":21.0,"gold_loss":0.0,"damage_taken":0.0,"cards_obtained":["Bandage Up"]},{"damage_healed":0.0,"max_hp_gain":0.0,"max_hp_loss":0.0,"gold_gain":0.0,"event_name":"Designer","player_choice":"Upgraded Two","floor":27.0,"gold_loss":40.0,"damage_taken":0.0,"cards_upgraded":["Sweeping Beam","Glacier"]}],"is_beta":true,"boss_relics":[{"not_picked":["FrozenCore","Nuclear Battery"],"picked":"Fusion Hammer"}],"items_purged_floors":[8,20],"is_endless":false,"potions_floor_spawned":[1,7,13,14,16,18,22],"killed_by":"Automaton","ascension_level":10}}