{"host":"Moondoggy","time":1608235893,"event":{"mods":["2.2 Compatiblity","AchievementEnabler","Act Like it!","Aspiration","Bard","BaseMod","Beaked The Cultist","Better Altar","Better Match","Better Note","Better Sensory Stone","Better Skull","Better Third Choice","BetterRewards","Block Reminder","CapriCore","Colored Map","Colored Powertips","Downfall","Duelist Mod","Ekko","Gensokyo","GifTheSpireLib","Glutton Mod","GungeonMod","Halation","Hallownest","Hermit","Hero for Fun","Highlight Path","Hubris","Jorbs\u0027s Wanderer Trilogy","KinomotoSakuraMod(ñÿîVñ{?)","Koishi","LagranYue(ùfäiòNÅEåé)","Lobotomy","LobotomyExtend","Luminous","Mad Scientist","Magitek Elite","MarisaÅiñ∂âJÅ@ñÇóùçπÅj","Mimic Mod","Minty Spire (QoL Compilation)","Railgun Mod","Rare Cards Sparkle","ReimuÅiîé??öÎÅj","RemiliaÅiÂQïƒ‰ª?Åj","Replay The Spire","Robot Space Explorer","Shade Mod","Spicy Shops","StSLib","Td1madao Mod","The Administrix","The Alterego","The Animator","The Blackbeard","The Bug Knight","The Construct","The Cursed","The Disciple","The Dragon Tamer","The Factory","The Forsaken","The Gatherer","The Hierophant","The Immortal","The Kombatant","The Mystic","The Necromancer","The Poker Player","The Runesmith","The Senshi","The Servant 0.9.4","The Wild Card","The Witch","TheSwordswoman","WarShipGirlsR/??è≠èóR mod","Yuri Mod"],"gold_per_floor":[211,225,85,15,31,31,51,41,78,78,96,96,107,164,164,277,277,292,306,322,339,339,339,352,382,421,421,421,438,8,8,8],"floor_reached":31,"playtime":2890,"items_purged":["hexamod:Haunted"],"score":276,"play_id":"2d212657-8418-4c6f-bc3a-7381c80278af","local_time":"20201217151133","is_ascension_mode":false,"campfire_choices":[{"floor":6,"key":"RECALL"},{"floor":12,"key":"REST"},{"floor":15,"key":"REST"},{"floor":23,"key":"REST"},{"floor":27,"key":"REST"}],"circlet_count":0,"master_deck":["DemoMod:Strike_Huntress","DemoMod:Strike_Huntress","DemoMod:Strike_Huntress","DemoMod:Defend_Huntress","DemoMod:Defend_Huntress+1","DemoMod:Defend_Huntress+1","DemoMod:Defend_Huntress","DemoMod:Roll","DemoMod:ManualReload","DemoMod:RustySidearm","DemoMod:CrossBow","DemoMod:BoxingGlove+1","DemoMod:BSG","DemoMod:ChanceBullets","DemoMod:HardPowerCard","DemoMod:Unmoved","DemoMod:Unity","DemoMod:AbyssalTentacle","DemoMod:BoxingGlove+1","DemoMod:FightSabre","DemoMod:GunShield","DemoMod:MachoBrace","DemoMod:HuntsMan","DemoMod:EasyReloadBullets","DemoMod:FastSwitch+1","Pot Of Greed","Pot Of Greed","Pot Of Greed","DemoMod:CombinedRifle","DemoMod:SkilledReload","Gensokyo:AllTheWorldsEvil","DemoMod:DirectionalPad","DemoMod:GunslingerForm","DemoMod:BulletBore"],"relics":["DemoMod:Dog","LagranYue:RandomDrawCardRelic","LetterFromLob","DemoMod:Relodestone","DemoMod:WeirdEgg","Replay:Grab Bag","beaked:SacredNecklace","Cursed Key","Black Star","DemoMod:Test1","Gensokyo:RedStar","Grinning Jar","DemoMod:PinkGuonStone","Pantograph","Replay:Bottled Eggs"],"acts_visited":["Exordium","Gensokyo:Gensokyo"],"potions_floor_usage":[16,16,25],"damage_taken":[{"damage":7,"enemies":"Gensokyo:2_Kodama","floor":1,"turns":4},{"damage":3,"enemies":"Gensokyo:3_Fairies","floor":2,"turns":3},{"damage":0,"enemies":"Gensokyo:Gryphon","floor":5,"turns":2},{"damage":6,"enemies":"Gensokyo:2_Rabbits","floor":7,"turns":3},{"damage":10,"enemies":"Gensokyo:CorruptedTreant","floor":9,"turns":6},{"damage":8,"enemies":"Gensokyo:CorruptedTreant","floor":11,"turns":3},{"damage":2,"enemies":"Gensokyo:Gryphon_and_Rabbit","floor":13,"turns":6},{"damage":11,"enemies":"Gensokyo:Kitsune","floor":14,"turns":3},{"damage":52,"enemies":"Gensokyo:Reimu","floor":16,"turns":10},{"damage":12,"enemies":"Gensokyo:AngelMirror","floor":18,"turns":2},{"damage":3,"enemies":"Gensokyo:2_Gloops","floor":19,"turns":5},{"damage":9,"enemies":"Gensokyo:Wraith","floor":20,"turns":4},{"damage":10,"enemies":"Gensokyo:Swordslinger","floor":21,"turns":5},{"damage":22,"enemies":"Gensokyo:3_Gloops","floor":24,"turns":6},{"damage":0,"enemies":"Gensokyo:Koishi","floor":25,"turns":3},{"damage":3,"enemies":"Gensokyo:Chomper_and_Gloop","floor":26,"turns":10},{"damage":34,"enemies":"Gensokyo:Chomper_and_Gloop","floor":29,"turns":5},{"damage":33,"enemies":"Gensokyo:Tenshi","floor":31,"turns":1}],"seed_played":"-7812182267516207006","potions_obtained":[{"floor":1,"key":"Explosive Potion"},{"floor":11,"key":"PowerPotion"},{"floor":16,"key":"AttackPotion"},{"floor":20,"key":"SmokeBomb"},{"floor":24,"key":"ColorlessPotion"}],"is_trial":false,"path_per_floor":["M","M","?","?","M","R","M","?","MIM","E","M","R","M","M","R","B",null,"M","M","M","M","?","R","M","E","MIM","R","?","M","$","E"],"character_chosen":"HUNTRESS","items_purchased":["DemoMod:GunslingerForm","DemoMod:BulletBore"],"campfire_rested":4,"item_purchase_floors":[30,30],"current_hp_per_floor":[63,60,60,60,60,60,54,54,44,44,36,57,55,44,65,13,70,58,55,46,36,36,57,35,42,39,62,62,28,28,0,0],"gold":8,"neow_bonus":"HUNDRED_GOLD","is_daily":false,"chose_seed":false,"campfire_upgraded":0,"win_rate":0.0,"timestamp":1608235893,"path_taken":["M","M","?","?","M","R","M","?","MIM","E","?","R","M","?","R","BOSS","M","M","M","M","?","R","M","E","MIM","R","?","M","$","E"],"items_purchased_type":["Card","Card"],"build_version":"2020-12-07","purchased_purges":1,"victory":false,"max_hp_per_floor":[70,70,70,70,70,70,70,70,70,70,70,70,70,70,70,70,70,70,70,70,70,70,70,70,77,77,77,77,77,77,77,77],"card_choices":[{"not_picked":["DemoMod:AC15","DemoMod:Rummage"],"picked":"DemoMod:BoxingGlove","floor":1},{"not_picked":["DemoMod:SAA","DemoMod:FortunesFavor"],"picked":"DemoMod:BSG","floor":2},{"not_picked":["DemoMod:BoxingGlove","DemoMod:SAA"],"picked":"DemoMod:ChanceBullets","floor":5},{"not_picked":["DemoMod:JK47","DemoMod:ChanceBullets"],"picked":"DemoMod:HardPowerCard","floor":7},{"not_picked":["DemoMod:FastSwitch","DemoMod:HardPowerCard"],"picked":"DemoMod:Unmoved","floor":9},{"not_picked":["DemoMod:ConditionalReflex","DemoMod:Ejector"],"picked":"DemoMod:Unity","floor":11},{"not_picked":["DemoMod:SAA","DemoMod:FastSwitch"],"picked":"DemoMod:AbyssalTentacle","floor":13},{"not_picked":["DemoMod:AbyssalTentacle","DemoMod:AC15"],"picked":"DemoMod:BoxingGlove","floor":14},{"not_picked":["DemoMod:FinishedGun","DemoMod:BlackHoleGun"],"picked":"DemoMod:FightSabre","floor":16},{"not_picked":["DemoMod:AC15","DemoMod:LifeOrb"],"picked":"DemoMod:GunShield","floor":18},{"not_picked":["DemoMod:DoubleSwitch","DemoMod:AWP"],"picked":"DemoMod:MachoBrace","floor":19},{"not_picked":["DemoMod:StickyCrossBow","DemoMod:ConditionalReflex"],"picked":"DemoMod:HuntsMan","floor":20},{"not_picked":["DemoMod:BattleInHaste","DemoMod:ConditionalReflex"],"picked":"DemoMod:EasyReloadBullets","floor":21},{"not_picked":["DemoMod:EasyReloadBullets","DemoMod:AWP"],"picked":"DemoMod:FastSwitch+1","floor":24},{"not_picked":["DemoMod:Unity","DemoMod:Rummage"],"picked":"DemoMod:CombinedRifle","floor":25},{"not_picked":["DemoMod:DoubleSwitch","DemoMod:HardPowerCard"],"picked":"DemoMod:SkilledReload","floor":26},{"not_picked":["DemoMod:Ejector","DemoMod:PotionOfGunFriendShip"],"picked":"DemoMod:DirectionalPad","floor":29}],"player_experience":261207,"relics_obtained":[{"floor":1,"key":"LetterFromLob"},{"floor":9,"key":"DemoMod:WeirdEgg"},{"floor":25,"key":"Grinning Jar"},{"floor":25,"key":"DemoMod:PinkGuonStone"},{"floor":26,"key":"Pantograph"},{"floor":26,"key":"Replay:Bottled Eggs"}],"event_choices":[],"is_beta":true,"boss_relics":[{"not_picked":["Ring of Chaos","Tiny House"],"picked":"Replay:Grab Bag"},{"not_picked":["hubris:GrandSneckoEye","Fusion Hammer"],"picked":"beaked:SacredNecklace"},{"not_picked":["ReplayTheSpireMod:DimensionalGlitch","Runic Dome"],"picked":"Cursed Key"},{"not_picked":["aspiration:WatcherSkillbook","halation:LoveArrow"],"picked":"Black Star"},{"not_picked":["beaked:SacredDeck","hubris:HollowSoul"],"picked":"DemoMod:Test1"}],"items_purged_floors":[30],"is_endless":false,"potions_floor_spawned":[1,11,16,20,24],"killed_by":"Gensokyo:Tenshi","ascension_level":0}}