{"host":"3asmp5aovk69ekg9","time":1608234655,"event":{"mods":["BaseMod","BetterRewards","Colored Powertips","Hermit","Koishi","Magitek Elite","Minty Spire (QoL Compilation)","Permanent Neow","Remove Card Discount Mod","Shade Mod","StSLib","The Alterego","The Cursed","The Death Knight","The Fake Hero","The IronCluck","The Senshi","The Wild Card"],"gold_per_floor":[114,189,200,200,11,72,72,147,147,62,62,126,176,237,237,386,386,400,400,400,4,4,48,48,112,112,168,189,232,270,350,350,478,478,507,507,532,553,574,612,612,653,653,653,677,726,394,225,225,230,230,230,27,66,66],"floor_reached":56,"playtime":6983,"items_purged":["alterego_mod:Impale","alterego_mod:BigMeatyClaws","alterego_mod:Defend","alterego_mod:Strike","alterego_mod:Defend","Injury","alterego_mod:Strike","alterego_mod:Strike","alterego_mod:Strike","alterego_mod:Defend","alterego_mod:Defend","alterego_mod:STier","Finesse","HandOfGreed"],"score":1568,"play_id":"1694ac90-1e56-4eb4-9198-3182bbb56834","local_time":"20201217115055","is_ascension_mode":true,"campfire_choices":[{"data":"Apotheosis","floor":7.0,"key":"SMITH"},{"floor":11.0,"key":"REST"},{"floor":15.0,"key":"RECALL"},{"floor":24.0,"key":"REST"},{"floor":32.0,"key":"REST"},{"floor":41,"key":"REST"},{"floor":49,"key":"REST"},{"data":"alterego_mod:RidiculouslyBig","floor":52,"key":"SMITH"}],"circlet_count":0,"master_deck":["alterego_mod:BrynhildrsRune","alterego_mod:Cooking","alterego_mod:RingBreak","alterego_mod:Punishment","alterego_mod:Pet","alterego_mod:SakuraPetals","Apotheosis+1","Good Instincts","alterego_mod:Cooking","alterego_mod:Mirror","alterego_mod:Punishment","Swift Strike","alterego_mod:GachaTicket","alterego_mod:BrynhildrRomantia","alterego_mod:GoddessCore","alterego_mod:Pet","alterego_mod:BustOut","alterego_mod:RidiculouslyBig+1","alterego_mod:BiFurious+1","alterego_mod:TrickOrTreatment","alterego_mod:RidiculouslyBig+1","alterego_mod:RocketPunch+1","Panache+1","alterego_mod:RocketPunch","alterego_mod:Skirt"],"relics":["alterego_mod:MasochisticConstitution","Lantern","Turnip","Golden Idol","Bottled Lightning","Mythril_Glove","Letter Opener","Torii","Velvet Choker","Sling","Bag of Preparation","Pen Nib","Regal Pillow","Centennial Puzzle","theSenshi:SailorFukuRelic","Busted Crown","Frozen Egg 2","Omamori","Toxic Egg 2","Happy Flower","Genji_Glove","ClockworkSouvenir","DeathKnight:PutricidesVial"],"acts_visited":["Exordium","TheCity","TheBeyond","TheEnding"],"potions_floor_usage":[38,55,55,55],"damage_taken":[{"damage":2.0,"enemies":"Small Slimes","floor":1.0,"turns":5.0},{"damage":8.0,"enemies":"Jaw Worm","floor":3.0,"turns":4.0},{"damage":21.0,"enemies":"Gremlin Nob","floor":6.0,"turns":4.0},{"damage":1.0,"enemies":"2 Louse","floor":8.0,"turns":3.0},{"damage":4.0,"enemies":"Lagavulin","floor":12.0,"turns":6.0},{"damage":4.0,"enemies":"Large Slime","floor":13.0,"turns":4.0},{"damage":2.0,"enemies":"3 Sentries","floor":14.0,"turns":4.0},{"damage":28.0,"enemies":"The Guardian","floor":16.0,"turns":7.0},{"damage":5.0,"enemies":"Chosen","floor":18.0,"turns":4.0},{"damage":23.0,"enemies":"Gremlin Leader","floor":23.0,"turns":4.0},{"damage":18.0,"enemies":"Book of Stabbing","floor":25.0,"turns":4.0},{"damage":23.0,"enemies":"Slavers","floor":27.0,"turns":5.0},{"damage":0.0,"enemies":"Shell Parasite","floor":28.0,"turns":3.0},{"damage":9.0,"enemies":"Centurion and Healer","floor":29.0,"turns":3.0},{"damage":22.0,"enemies":"Book of Stabbing","floor":30.0,"turns":5.0},{"damage":11.0,"enemies":"Shelled Parasite and Fungi","floor":31.0,"turns":4.0},{"damage":20.0,"enemies":"Collector","floor":33.0,"turns":9.0},{"damage":27.0,"enemies":"3 Shapes","floor":35.0,"turns":2.0},{"damage":20.0,"enemies":"Orb Walker","floor":37.0,"turns":5.0},{"damage":28,"enemies":"Writhing Mass","floor":38,"turns":4},{"damage":0,"enemies":"Transient","floor":39,"turns":5},{"damage":13,"enemies":"Giant Head","floor":40,"turns":7},{"damage":7,"enemies":"Reptomancer","floor":42,"turns":4},{"damage":2,"enemies":"3 Darklings","floor":45,"turns":5},{"damage":14,"enemies":"Nemesis","floor":46,"turns":3},{"damage":24,"enemies":"Awakened One","floor":50,"turns":10},{"damage":67,"enemies":"Shield and Spear","floor":54,"turns":5},{"damage":66,"enemies":"The Heart","floor":55,"turns":10}],"seed_played":"-1031233509806692358","potions_obtained":[{"floor":1.0,"key":"LiquidBronze"},{"floor":6.0,"key":"SpeedPotion"},{"floor":12.0,"key":"Block Potion"},{"floor":16.0,"key":"Swift Potion"},{"floor":18.0,"key":"BlessingOfTheForge"},{"floor":25.0,"key":"DuplicationPotion"},{"floor":30.0,"key":"GamblersBrew"},{"floor":31.0,"key":"PowerPotion"},{"floor":33.0,"key":"DistilledChaos"},{"floor":38,"key":"Dexterity Potion"}],"is_trial":false,"path_per_floor":["M","?","M","?","$","E","R","M","T","$","R","E","M","E","R","B",null,"M","?","?","$","?","E","R","E","T","E","M","M","E","M","R","B",null,"M","?","M","M","M","E","R","E","T","?","M","E","$","$","R","B",null,"R","$","E","B",null],"character_chosen":"The_Alterego","items_purchased":["alterego_mod:Cooking","alterego_mod:RingBreak","Lantern","alterego_mod:Punishment","alterego_mod:Pet","alterego_mod:SakuraPetals","Finesse","Apotheosis","Good Instincts","Turnip","alterego_mod:Cooking","alterego_mod:Smother","Energy Potion","AttackPotion","HandOfGreed","Swift Strike","alterego_mod:Pet","Sling","Bag of Preparation","Strength Potion","Panache+1","Genji_Glove","alterego_mod:RocketPunch","CultistPotion","ClockworkSouvenir","alterego_mod:Skirt"],"campfire_rested":5,"item_purchase_floors":[0,0,0,0,0,0,0,0,0,0,0,0,0,0,5,10,21,21,21,21,47,47,48,48,53,53],"current_hp_per_floor":[48,37,43,43,43,23,23,45,45,45,67,75,76,77,77,61,78,79,79,79,79,79,84,84,78,78,88,94,99,89,83,101,106,106,105,105,99,105,117,118,118,123,123,123,128,130,130,130,133,132,138,138,138,116,109],"gold":66,"neow_bonus":"","is_daily":false,"chose_seed":false,"campfire_upgraded":2,"win_rate":0.0,"timestamp":1608234655,"path_taken":["M","?","M","?","$","E","R","M","T","?","R","E","M","E","R","BOSS","M","?","?","$","?","E","R","E","T","E","M","M","E","M","R","BOSS","M","?","M","M","M","E","R","E","T","?","M","E","?","$","R","BOSS","R","$","E","BOSS"],"items_purchased_type":["Card","Card","Relic","Card","Card","Card","Card","Card","Card","Relic","Card","Card","Potion","Potion","Card","Card","Card","Relic","Relic","Potion","Card","Relic","Card","Potion","Relic","Card"],"build_version":"2020-12-13","purchased_purges":14,"victory":true,"max_hp_per_floor":[71,71,72,72,72,73,73,74,74,74,74,75,76,77,77,78,78,79,79,79,79,79,84,84,85,85,90,94,99,100,101,101,106,106,111,111,112,117,117,118,118,123,123,123,128,133,133,133,133,138,138,138,138,139,144],"card_choices":[{"not_picked":["alterego_mod:Collar","alterego_mod:Bunnysuit","alterego_mod:Undulate"],"picked":"SKIP","floor":1.0},{"not_picked":["alterego_mod:HighServant","alterego_mod:Cooking"],"picked":"alterego_mod:Mirror","floor":3.0},{"not_picked":["alterego_mod:Belle","alterego_mod:Pet"],"picked":"alterego_mod:Punishment","floor":6.0},{"not_picked":["alterego_mod:Maid","alterego_mod:DestructionOfProperty","alterego_mod:BusterCard"],"picked":"SKIP","floor":8.0},{"not_picked":["alterego_mod:GoddessCore","alterego_mod:Cycle","alterego_mod:Skirt"],"picked":"SKIP","floor":12.0},{"not_picked":["alterego_mod:BiFurious","alterego_mod:Jiggle"],"picked":"alterego_mod:GachaTicket","floor":13.0},{"not_picked":["alterego_mod:RingBreak","alterego_mod:BoobPocket"],"picked":"alterego_mod:STier","floor":14.0},{"not_picked":["alterego_mod:IdEs","alterego_mod:Antipathy"],"picked":"alterego_mod:BrynhildrRomantia","floor":16.0},{"not_picked":["alterego_mod:HighServant","alterego_mod:Complex"],"picked":"alterego_mod:GoddessCore","floor":18.0},{"not_picked":["alterego_mod:1TonWallop+1","alterego_mod:SuperDuperMasochism"],"picked":"alterego_mod:BustOut","floor":23.0},{"not_picked":["alterego_mod:GIGAMILK","alterego_mod:Complex"],"picked":"alterego_mod:RidiculouslyBig","floor":25.0},{"not_picked":["alterego_mod:Undulate+1","alterego_mod:DiscoLights+1"],"picked":"alterego_mod:BiFurious+1","floor":27.0},{"not_picked":["alterego_mod:BoobPocket","alterego_mod:Pet+1","alterego_mod:BiFurious"],"picked":"SKIP","floor":28.0},{"not_picked":["alterego_mod:Mirror","alterego_mod:BoobPocket"],"picked":"alterego_mod:Belle+1","floor":29.0},{"not_picked":["alterego_mod:Pet","alterego_mod:IndependentAction","alterego_mod:Clap"],"picked":"SKIP","floor":30.0},{"not_picked":["alterego_mod:Support","alterego_mod:BreastValley+1","alterego_mod:HighServant"],"picked":"SKIP","floor":31.0},{"not_picked":["alterego_mod:Vow","alterego_mod:Weigh"],"picked":"alterego_mod:TrickOrTreatment","floor":33.0},{"not_picked":["alterego_mod:DestructionOfProperty"],"picked":"SKIP","floor":35.0},{"not_picked":["alterego_mod:DiscoLights+1"],"picked":"SKIP","floor":37.0},{"not_picked":[],"picked":"alterego_mod:RidiculouslyBig+1","floor":38},{"not_picked":["alterego_mod:Skirt+1"],"picked":"SKIP","floor":39},{"not_picked":["alterego_mod:1TonWallop+1"],"picked":"SKIP","floor":40},{"not_picked":["alterego_mod:Skirt+1"],"picked":"SKIP","floor":42},{"not_picked":[],"picked":"alterego_mod:RocketPunch+1","floor":45},{"not_picked":["alterego_mod:Santa+1"],"picked":"SKIP","floor":46},{"not_picked":["alterego_mod:GoddessCore"],"picked":"SKIP","floor":54}],"player_experience":1060311,"relics_obtained":[{"floor":6.0,"key":"Bottled Lightning"},{"floor":9.0,"key":"Mythril_Glove"},{"floor":12.0,"key":"Letter Opener"},{"floor":14.0,"key":"Torii"},{"floor":23.0,"key":"Pen Nib"},{"floor":25.0,"key":"Regal Pillow"},{"floor":27.0,"key":"Centennial Puzzle"},{"floor":30.0,"key":"theSenshi:SailorFukuRelic"},{"floor":40,"key":"Frozen Egg 2"},{"floor":42,"key":"Omamori"},{"floor":43,"key":"Toxic Egg 2"},{"floor":46,"key":"Happy Flower"},{"floor":54,"key":"DeathKnight:PutricidesVial"}],"event_choices":[{"damage_healed":0.0,"max_hp_gain":0.0,"max_hp_loss":0.0,"gold_gain":75.0,"event_name":"World of Goop","player_choice":"Gather Gold","floor":2.0,"gold_loss":0.0,"damage_taken":11.0},{"damage_healed":0.0,"max_hp_gain":0.0,"max_hp_loss":0.0,"gold_gain":0.0,"event_name":"Golden Idol","player_choice":"Take Wound","floor":4.0,"gold_loss":0.0,"damage_taken":0.0,"relics_obtained":["Golden Idol"],"cards_obtained":["Injury"]},{"damage_healed":0.0,"max_hp_gain":0.0,"max_hp_loss":0.0,"gold_gain":0.0,"event_name":"Cursed Tome","player_choice":"Ignored","floor":19.0,"gold_loss":0.0,"damage_taken":0.0},{"damage_healed":0.0,"max_hp_gain":0.0,"max_hp_loss":0.0,"gold_gain":0.0,"event_name":"Beggar","player_choice":"Ignored","floor":20.0,"gold_loss":0.0,"damage_taken":0.0},{"cards_removed":["alterego_mod:Smother"],"damage_healed":0.0,"max_hp_gain":0.0,"max_hp_loss":0.0,"gold_gain":0.0,"event_name":"Falling","player_choice":"Removed Power","floor":36.0,"gold_loss":0.0,"damage_taken":0.0}],"is_beta":false,"boss_relics":[{"not_picked":["Pandora\u0027s Box","SacredBark"],"picked":"Velvet Choker"},{"not_picked":["Tiny House","Golden_Hairpin"],"picked":"Busted Crown"}],"items_purged_floors":[0,0,0,0,0,5,5,5,5,5,5,21,47,53],"is_endless":false,"potions_floor_spawned":[1,6,12,16,18,25,30,31,33,38,39,46],"ascension_level":3}}