{"host":"9ndbo4kgsfoemf7y","time":1608207678,"event":{"mods":["AchievementEnabler","BaseMod","Colored Map","DeckTracker","Keyboard Shortcuts","Minty Spire (QoL Compilation)","Permanent Neow","Quick Restart","Relic Stats","StSLib","SuperFastMode"],"gold_per_floor":[17,33,46,62,82,117,117,117,141,157,171,171,184,15,15,87,87,99,99,118,138,150,150,150],"floor_reached":23,"playtime":818,"items_purged":["Decay"],"score":378,"play_id":"bd2d484e-3882-4bf9-9d78-a12d63f57e12","local_time":"20201217212118","is_ascension_mode":true,"campfire_choices":[{"data":"Bash","floor":7.0,"key":"SMITH"},{"data":"Immolate","floor":12.0,"key":"SMITH"},{"data":"Flame Barrier","floor":15.0,"key":"SMITH"}],"circlet_count":0,"master_deck":["AscendersBane","Strike_R","Strike_R","Defend_R","Defend_R","Bash+1","Immolate+1","Dropkick","Pommel Strike","Cleave","Rage","Shrug It Off","Evolve","Flex","Inflame","Flame Barrier+1","Fiend Fire","Twin Strike","Pommel Strike","Uppercut","Headbutt+1"],"relics":["Burning Blood","Turnip","Potion Belt","Empty Cage"],"acts_visited":["Exordium","TheCity"],"potions_floor_usage":[16,16,21],"damage_taken":[{"damage":0.0,"enemies":"Small Slimes","floor":1.0,"turns":2.0},{"damage":6.0,"enemies":"Cultist","floor":2.0,"turns":3.0},{"damage":7.0,"enemies":"Jaw Worm","floor":3.0,"turns":2.0},{"damage":5.0,"enemies":"Red Slaver","floor":4.0,"turns":2.0},{"damage":5.0,"enemies":"Looter","floor":5.0,"turns":2.0},{"damage":58.0,"enemies":"Gremlin Nob","floor":6.0,"turns":5.0},{"damage":7.0,"enemies":"Lots of Slimes","floor":10.0,"turns":3.0},{"damage":10.0,"enemies":"Blue Slaver","floor":11.0,"turns":2.0},{"damage":3.0,"enemies":"Looter","floor":13.0,"turns":2.0},{"damage":24,"enemies":"Hexaghost","floor":16,"turns":9},{"damage":43,"enemies":"Shell Parasite","floor":18,"turns":4},{"damage":12,"enemies":"Spheric Guardian","floor":20,"turns":6},{"damage":18,"enemies":"Chosen and Byrds","floor":21,"turns":5},{"damage":30,"enemies":"Snecko","floor":22,"turns":5},{"damage":13,"enemies":"Book of Stabbing","floor":23,"turns":2}],"seed_played":"-3065552093799744342","potions_obtained":[{"floor":2.0,"key":"BloodPotion"},{"floor":3.0,"key":"Explosive Potion"},{"floor":10.0,"key":"SkillPotion"},{"floor":11.0,"key":"FairyPotion"},{"floor":18,"key":"FearPotion"},{"floor":21,"key":"Fruit Juice"}],"is_trial":false,"path_per_floor":["M","M","M","M","M","E","R","?","T","M","M","R","M","$","R","B",null,"M","?","M","M","M","E"],"character_chosen":"IRONCLAD","items_purchased":["Flame Barrier","Swift Potion"],"campfire_rested":0,"item_purchase_floors":[14,14],"current_hp_per_floor":[74,74,73,74,75,23,38,38,38,37,33,33,36,36,36,18,61,24,24,18,33,9,0,0],"gold":150,"neow_bonus":"TRANSFORM_TWO_CARDS","is_daily":false,"chose_seed":false,"campfire_upgraded":3,"win_rate":0.0,"timestamp":1608207678,"path_taken":["M","M","M","M","M","E","R","?","T","M","?","R","M","$","R","BOSS","M","?","M","M","?","E"],"items_purchased_type":["Card","Potion"],"build_version":"2020-12-13","purchased_purges":1,"victory":false,"max_hp_per_floor":[75,75,75,75,75,75,75,75,75,75,75,75,75,75,75,75,75,75,75,75,80,80,80,80],"relic_stats":{"counters":[15,54],"Turnip":[7],"obtain_stats":[{"Potion Belt":9,"Turnip":6,"Empty Cage":17,"Burning Blood":0},{"Potion Belt":6,"Turnip":6,"Empty Cage":10,"Burning Blood":0},{"Potion Belt":16,"Turnip":16,"Empty Cage":32,"Burning Blood":0}],"Burning Blood":84},"card_choices":[{"not_picked":["Shrug It Off","Anger"],"picked":"Pommel Strike","floor":1.0},{"not_picked":["Perfected Strike","Rupture"],"picked":"Cleave","floor":2.0},{"not_picked":["Reckless Charge","Iron Wave"],"picked":"Rage","floor":3.0},{"not_picked":["Wild Strike","Headbutt"],"picked":"Shrug It Off","floor":4.0},{"not_picked":["Warcry","Clothesline","Shrug It Off"],"picked":"SKIP","floor":5.0},{"not_picked":["Burning Pact","Berserk"],"picked":"Evolve","floor":6.0},{"not_picked":["True Grit","Hemokinesis"],"picked":"Flex","floor":10.0},{"not_picked":["Perfected Strike","Disarm","Wild Strike"],"picked":"SKIP","floor":11.0},{"not_picked":["Pommel Strike","Hemokinesis"],"picked":"Inflame","floor":13.0},{"not_picked":["Double Tap","Demon Form"],"picked":"Fiend Fire","floor":16},{"not_picked":["Anger","Rupture+1"],"picked":"Twin Strike","floor":18},{"not_picked":["Iron Wave","Sentinel"],"picked":"Uppercut","floor":20},{"not_picked":["Carnage","Twin Strike"],"picked":"Headbutt+1","floor":21},{"not_picked":["Flex","Anger","Seeing Red"],"picked":"SKIP","floor":22}],"player_experience":690413,"relics_obtained":[{"floor":6.0,"key":"Turnip"},{"floor":9.0,"key":"Potion Belt"}],"event_choices":[{"damage_healed":0.0,"max_hp_gain":0.0,"max_hp_loss":0.0,"gold_gain":0.0,"event_name":"Wheel of Change","player_choice":"Cursed","floor":8.0,"gold_loss":0.0,"damage_taken":0.0,"cards_obtained":["Decay"]},{"damage_healed":0,"gold_gain":0,"cards_transformed":["Defend_R"],"player_choice":"Transformed","damage_taken":0,"max_hp_gain":0,"max_hp_loss":0,"event_name":"Transmorgrifier","floor":19,"gold_loss":0,"cards_obtained":["Pommel Strike"]}],"is_beta":false,"boss_relics":[{"not_picked":["Runic Cube","SlaversCollar"],"picked":"Empty Cage"}],"items_purged_floors":[14],"is_endless":false,"potions_floor_spawned":[2,3,10,11,18,21],"killed_by":"Book of Stabbing","ascension_level":18}}