{"host":"d8hh7rr4yzitjeuj","time":1608186113,"event":{"mods":["2.2 Compatiblity","AchievementEnabler","BaseMod","CapriCore","Colored Map","Colored Powertips","Highlight Path","Keyboard Shortcuts","Minty Spire (QoL Compilation)","Permanent Neow","Quick Restart","StSLib","SuperFastMode"],"gold_per_floor":[114,127,127,141,141,141,28,28,28,41,55,55,55],"floor_reached":12,"playtime":247,"items_purged":["Strike_B"],"score":140,"play_id":"7ca79eff-5369-47f8-85a2-e227d394a5d4","local_time":"20201217152153","is_ascension_mode":true,"campfire_choices":[{"data":"Chill","floor":6.0,"key":"SMITH"},{"floor":8.0,"key":"REST"}],"circlet_count":0,"master_deck":["AscendersBane","Strike_B","Strike_B","Defend_B","Defend_B","Defend_B","Defend_B","Zap","Dualcast","CurseOfTheBell","Hologram","Static Discharge","Chill+1","Electrodynamics","Defragment","Coolheaded","Loop"],"relics":["Calling Bell","Blood Vial","The Courier","Shovel","Smiling Mask","Gremlin Horn"],"acts_visited":["Exordium"],"potions_floor_usage":[],"damage_taken":[{"damage":8.0,"enemies":"2 Louse","floor":1.0,"turns":3.0},{"damage":2.0,"enemies":"Cultist","floor":2.0,"turns":4.0},{"damage":26.0,"enemies":"Small Slimes","floor":4.0,"turns":4.0},{"damage":15.0,"enemies":"Exordium Wildlife","floor":10.0,"turns":4.0},{"damage":5.0,"enemies":"Looter","floor":11.0,"turns":4.0},{"damage":54,"enemies":"Gremlin Nob","floor":12,"turns":4}],"seed_played":"-8375240422194800457","potions_obtained":[{"floor":1.0,"key":"Dexterity Potion"},{"floor":11.0,"key":"Explosive Potion"}],"is_trial":false,"path_per_floor":["M","M","?","M","?","R","$","R","T","M","M","E"],"character_chosen":"DEFECT","items_purchased":["Defragment"],"campfire_rested":1,"item_purchase_floors":[7],"current_hp_per_floor":[58,58,53,29,29,29,29,50,50,37,34,0,0],"gold":55,"neow_bonus":"BOSS_RELIC","is_daily":false,"chose_seed":false,"campfire_upgraded":1,"win_rate":0.0,"timestamp":1608186113,"path_taken":["M","M","?","M","?","R","$","R","T","M","M","E"],"items_purchased_type":["Card"],"build_version":"2020-12-13","purchased_purges":1,"victory":false,"max_hp_per_floor":[71,71,71,71,71,71,71,71,71,71,71,71,71],"card_choices":[{"not_picked":["Barrage","Beam Cell"],"picked":"Hologram","floor":1.0},{"not_picked":["Lockon","Skim"],"picked":"Static Discharge","floor":2.0},{"not_picked":["Beam Cell","Cold Snap"],"picked":"Chill","floor":4.0},{"not_picked":["Hologram","Barrage"],"picked":"Coolheaded","floor":10.0},{"not_picked":["Coolheaded","Melter"],"picked":"Loop","floor":11.0}],"player_experience":1351693,"relics_obtained":[{"floor":0.0,"key":"Blood Vial"},{"floor":0.0,"key":"The Courier"},{"floor":0.0,"key":"Shovel"},{"floor":9.0,"key":"Gremlin Horn"}],"event_choices":[{"damage_healed":0.0,"max_hp_gain":0.0,"max_hp_loss":0.0,"gold_gain":0.0,"event_name":"Scrap Ooze","player_choice":"Success","floor":3.0,"gold_loss":0.0,"damage_taken":5.0,"relics_obtained":["Smiling Mask"]},{"damage_healed":0.0,"max_hp_gain":0.0,"max_hp_loss":0.0,"gold_gain":0.0,"cards_transformed":["Strike_B"],"event_name":"Transmorgrifier","player_choice":"Transformed","floor":5.0,"gold_loss":0.0,"damage_taken":0.0,"cards_obtained":["Electrodynamics"]}],"is_beta":false,"boss_relics":[],"items_purged_floors":[7],"is_endless":false,"potions_floor_spawned":[1,11],"killed_by":"Gremlin Nob","ascension_level":20}}