{"host":"lgr0ufi017x11auv","time":1608246985,"event":{"mods":["AchievementEnabler","Ascension Reborn","BaseMod","Better Third Choice","BetterRewards","Challenge The Spire","Colored Map","Colored Powertips","Custom Start","Downfall","Hubris","Infinite Spire","Minty Spire (QoL Compilation)","Permanent Neow","Quick Restart","Rare Cards Sparkle","Relic Stats","Replay The Spire","Shop Mod","StSLib","The Dragon Tamer","The Jungle","The Necromancer","vexMod"],"gold_per_floor":[114,114,66,78,78,107,32,64,90,90,109,127,145,159,159,255,255,268,268,268,75,89,122,148,167,237,336,349,27,46,63,63,163,163,180,193,193,216,216,216,250,250,250,250,250,250,269,75,94,112,112,112,112],"floor_reached":52,"playtime":2326,"items_purged":["Strike_B","Defend_B","Strike_B"],"score":539,"play_id":"e2b6cefd-70ba-4eeb-a5dc-3e8ede85d61c","local_time":"20201218001625","is_ascension_mode":true,"campfire_choices":[{"data":"Double Energy","floor":10.0,"key":"SMITH"},{"floor":15.0,"key":"REST"},{"floor":32,"key":"RECALL"},{"data":"Capacitor","floor":40,"key":"SMITH"},{"floor":46,"key":"REST"},{"floor":51,"key":"REST"}],"circlet_count":0,"master_deck":["Defend_B","Defend_B","Defend_B","Zap+1","Dualcast","Capacitor","Cold Snap","BootSequence","Coolheaded","Double Energy+1","Melter","Ball Lightning","Ball Lightning","Reboot","Cold Snap","Chill","Loop","Barrage","Barrage","Tempest","Melter","Streamline+1","Lockon","Capacitor+1","Reboot","Ball Lightning+1","Storm","Redo+1"],"relics":["Cracked Core","Tiny Chest","HornCleat","Nuclear Battery","MutagenicStrength","Orrery","Thread and Needle","Toy Ornithopter","Bottled Tornado","Anchor","Empty Cage","Boot","Mummified Hand","Vajra","Blood Vial"],"acts_visited":["TheBeyond"],"potions_floor_usage":[28,30,33,49,52],"damage_taken":[{"damage":2.0,"enemies":"Jaw Worm","floor":1.0,"turns":3.0},{"damage":8.0,"enemies":"Small Slimes","floor":4.0,"turns":3.0},{"damage":25.0,"enemies":"Gremlin Nob","floor":6.0,"turns":5.0},{"damage":11.0,"enemies":"3 Sentries","floor":8.0,"turns":11.0},{"damage":2.0,"enemies":"2 Louse","floor":11.0,"turns":2.0},{"damage":0.0,"enemies":"Looter","floor":12.0,"turns":4.0},{"damage":0.0,"enemies":"Exordium Wildlife","floor":13.0,"turns":3.0},{"damage":4.0,"enemies":"Red Slaver","floor":14.0,"turns":2.0},{"damage":39.0,"enemies":"Hexaghost","floor":16.0,"turns":10.0},{"damage":7.0,"enemies":"2 Thieves","floor":18.0,"turns":3.0},{"damage":0.0,"enemies":"3 Byrds","floor":22.0,"turns":3.0},{"damage":7.0,"enemies":"Book of Stabbing","floor":23.0,"turns":4.0},{"damage":4,"enemies":"3 Cultists","floor":25,"turns":6},{"damage":5,"enemies":"Snake Plant","floor":28,"turns":4},{"damage":0,"enemies":"Sentry and Sphere","floor":30,"turns":3},{"damage":0,"enemies":"Cultist and Chosen","floor":31,"turns":4},{"damage":66,"enemies":"Automaton","floor":33,"turns":9},{"damage":0,"enemies":"3 Shapes","floor":35,"turns":3},{"damage":21,"enemies":"3 Darklings","floor":36,"turns":6},{"damage":31,"enemies":"Nemesis","floor":41,"turns":6},{"damage":15,"enemies":"4 Shapes","floor":47,"turns":4},{"damage":33,"enemies":"Spire Growth","floor":49,"turns":4},{"damage":2,"enemies":"Transient","floor":50,"turns":5},{"damage":64,"enemies":"infinitespire:MassOfShapes","floor":52,"turns":7}],"seed_played":"-8431872329739932122","potions_obtained":[{"floor":1.0,"key":"GamblersBrew"},{"floor":4.0,"key":"SteroidPotion"},{"floor":11.0,"key":"AttackPotion"},{"floor":18.0,"key":"BlessingOfTheForge"},{"floor":23.0,"key":"Regen Potion"},{"floor":30,"key":"Fruit Juice"},{"floor":33,"key":"DuplicationPotion"},{"floor":41,"key":"SkillPotion"},{"floor":49,"key":"FocusPotion"},{"floor":50,"key":"Weak Potion"}],"is_trial":false,"path_per_floor":["M","?","$","M","?","E","$","E","T","R","M","M","M","M","R","B",null,"M","?","?","$","M","E","T","M","T","?","M","$","M","M","R","B",null,"M","M","?","T","T","R","E","?","T","PTL","PTL","R","M","$","M","M","R","B"],"character_chosen":"DEFECT","items_purchased":["Cold Snap","Loop","Orrery","Anchor","Capacitor","Storm"],"campfire_rested":3,"item_purchase_floors":[3,21,21,29,29,48],"current_hp_per_floor":[80,85,85,77,77,52,52,41,41,41,39,39,39,35,61,22,87,80,80,80,80,80,73,73,69,69,69,81,81,91,91,91,26,92,92,71,71,71,71,71,40,40,40,40,40,67,54,54,28,28,55,0,0],"gold":112,"neow_bonus":"TEN_PERCENT_HP_BONUS","is_daily":false,"chose_seed":false,"campfire_upgraded":2,"win_rate":0.0,"timestamp":1608246985,"path_taken":["M","?","$","M","?","E","$","E","T","R","M","M","M","M","R","BOSS","M","?","?","?","M","E","?","E","T","?","M","$","M","M","R","BOSS","M","M","?","?","?","R","E","?","T","PTL","PTL","R","M","$","M","M","R","BOSS"],"items_purchased_type":["Card","Card","Relic","Relic","Card","Card"],"build_version":"2020-12-13","purchased_purges":3,"victory":false,"max_hp_per_floor":[82,87,87,87,87,87,87,87,87,87,87,87,87,87,87,87,87,87,87,87,87,87,87,87,87,87,87,87,87,92,92,92,92,92,92,92,92,92,92,92,92,92,92,92,92,92,92,92,92,92,92,92,92],"relic_stats":{"Blood Vial":8,"counters":[12,60],"Mummified Hand":[16],"Tiny Chest":1,"Boot":[33],"obtain_stats":[{"Vajra":41,"Thread and Needle":0,"Bottled Tornado":26,"Empty Cage":34,"Boot":38,"Nuclear Battery":0,"Blood Vial":43,"Anchor":29,"HornCleat":0,"Mummified Hand":39,"MutagenicStrength":0,"Orrery":0,"Tiny Chest":0,"Cracked Core":0,"Toy Ornithopter":0},{"Vajra":8,"Thread and Needle":0,"Bottled Tornado":1,"Empty Cage":5,"Boot":7,"Nuclear Battery":0,"Blood Vial":8,"Anchor":2,"HornCleat":0,"Mummified Hand":7,"MutagenicStrength":0,"Orrery":0,"Tiny Chest":0,"Cracked Core":0,"Toy Ornithopter":0},{"Vajra":40,"Thread and Needle":0,"Bottled Tornado":6,"Empty Cage":26,"Boot":34,"Nuclear Battery":0,"Blood Vial":40,"Anchor":10,"HornCleat":0,"Mummified Hand":34,"MutagenicStrength":0,"Orrery":0,"Tiny Chest":0,"Cracked Core":0,"Toy Ornithopter":0}],"Toy Ornithopter":21},"card_choices":[{"not_picked":["Beam Cell","Hologram"],"picked":"Capacitor","floor":1.0},{"not_picked":["Stack","Self Repair"],"picked":"BootSequence","floor":4.0},{"not_picked":["Go for the Eyes","Rip and Tear"],"picked":"Coolheaded","floor":6.0},{"not_picked":["Gash","Conserve Battery"],"picked":"Double Energy","floor":8.0},{"not_picked":["FTL","Darkness"],"picked":"Melter","floor":11.0},{"not_picked":["Turbo","Reinforced Body"],"picked":"Ball Lightning","floor":12.0},{"not_picked":["Conserve Battery","Redo"],"picked":"Ball Lightning","floor":13.0},{"not_picked":["Coolheaded","Amplify","Sweeping Beam"],"picked":"SKIP","floor":14.0},{"not_picked":["Machine Learning","Creative AI"],"picked":"Reboot","floor":16.0},{"not_picked":["Compile Driver","Beam Cell+1"],"picked":"Cold Snap","floor":18.0},{"not_picked":["Doom and Gloom","Force Field+1"],"picked":"Barrage","floor":21.0},{"not_picked":["Stack+1","Aggregate"],"picked":"Barrage","floor":21.0},{"not_picked":["Sunder","Hologram"],"picked":"Tempest","floor":21.0},{"not_picked":["Rebound","Barrage"],"picked":"Melter","floor":21.0},{"not_picked":["Conserve Battery","Sweeping Beam+1"],"picked":"Streamline+1","floor":21.0},{"not_picked":["Sunder","Turbo+1","Heatsinks"],"picked":"SKIP","floor":22.0},{"not_picked":["Self Repair","Echo Form"],"picked":"Lockon","floor":23.0},{"not_picked":["Aggregate+1","Gash","Reinforced Body"],"picked":"SKIP","floor":25},{"not_picked":["Steam","Redo","Go for the Eyes"],"picked":"SKIP","floor":28},{"not_picked":["Storm","Conserve Battery","Turbo"],"picked":"SKIP","floor":30},{"not_picked":["Scrape","Redo","Rip and Tear"],"picked":"SKIP","floor":31},{"not_picked":["Seek","Machine Learning"],"picked":"Reboot","floor":33},{"not_picked":["Streamline+1","Double Energy","Hologram"],"picked":"SKIP","floor":35},{"not_picked":["Leap","Streamline+1","ReplayTheSpireMod:Reroute Power+1"],"picked":"SKIP","floor":36},{"not_picked":["Compile Driver","Rebound+1","Streamline"],"picked":"SKIP","floor":41},{"not_picked":["Aggregate","Loop+1"],"picked":"Ball Lightning+1","floor":47},{"not_picked":["ReplaySort+1","ReplayTheSpireMod:GoodbyeWorld"],"picked":"Redo+1","floor":49},{"not_picked":["Barrage","Go for the Eyes+1","Beam Cell+1"],"picked":"SKIP","floor":50}],"player_experience":240086,"relics_obtained":[{"floor":6.0,"key":"Tiny Chest"},{"floor":8.0,"key":"HornCleat"},{"floor":23.0,"key":"Thread and Needle"},{"floor":24.0,"key":"Toy Ornithopter"},{"floor":26,"key":"Bottled Tornado"},{"floor":38,"key":"Boot"},{"floor":39,"key":"Mummified Hand"},{"floor":41,"key":"Vajra"},{"floor":43,"key":"Blood Vial"}],"event_choices":[{"damage_healed":0.0,"max_hp_gain":5.0,"max_hp_loss":0.0,"gold_gain":0.0,"event_name":"Big Fish","player_choice":"Donut","floor":2.0,"gold_loss":0.0,"damage_taken":0.0},{"damage_healed":0.0,"max_hp_gain":0.0,"max_hp_loss":0.0,"gold_gain":0.0,"event_name":"Living Wall","player_choice":"Grow","floor":5.0,"gold_loss":0.0,"damage_taken":0.0,"cards_upgraded":["Zap"]},{"damage_healed":0.0,"max_hp_gain":0.0,"max_hp_loss":0.0,"gold_gain":0.0,"event_name":"Drug Dealer","player_choice":"Inject Mutagens","floor":19.0,"gold_loss":0.0,"damage_taken":0.0,"relics_obtained":["MutagenicStrength"]},{"damage_healed":0.0,"max_hp_gain":0.0,"max_hp_loss":0.0,"gold_gain":0.0,"event_name":"The Library","player_choice":"Read","floor":20.0,"gold_loss":0.0,"damage_taken":0.0,"cards_obtained":["Chill"]},{"damage_healed":0,"gold_gain":99,"player_choice":"Steal","damage_taken":0,"max_hp_gain":0,"max_hp_loss":0,"event_name":"betterThird:BetterNest","floor":27,"gold_loss":0},{"damage_healed":0,"gold_gain":0,"player_choice":"Memory 1","damage_taken":0,"max_hp_gain":0,"max_hp_loss":0,"event_name":"SensoryStone","floor":37,"gold_loss":0},{"damage_healed":0,"gold_gain":0,"player_choice":"Bought 0 Potions","damage_taken":0,"max_hp_gain":0,"max_hp_loss":0,"event_name":"The Woman in Blue","floor":42,"gold_loss":0}],"is_beta":false,"boss_relics":[{"not_picked":["Sozu","SacredBark"],"picked":"Nuclear Battery"},{"not_picked":["Philosopher\u0027s Stone","Runic Pyramid"],"picked":"Empty Cage"}],"items_purged_floors":[7,29,48],"is_endless":false,"potions_floor_spawned":[1,4,11,18,23,30,33,41,49,50],"killed_by":"infinitespire:MassOfShapes","ascension_level":0}}