{"host":"b0dcklafnoly879c","time":1608164570,"event":{"mods":["BaseMod","Minty Spire (QoL Compilation)","StSLib","The Cursed","The Jungle"],"gold_per_floor":[117,132,132,14,14,49,49,49,49,49,60,84,104,141,141,246,246,272,272,317,18,9,9,50,80,92,104,145,157,210,241,253,371,383,416,446,517,319,368,368,399,399,399,399,409,419,444,471,471,471,471,471,143,173,173],"floor_reached":56,"playtime":5433,"items_purged":["TheCursedMod:ReleasedStrength"],"score":1326,"play_id":"c8ac3323-db35-4ee4-b506-7634119001b7","local_time":"20201217092250","is_ascension_mode":false,"campfire_choices":[{"data":"TheCursedMod:CleanUpWorkshop","floor":7.0,"key":"SMITH"},{"data":"Madness","floor":10.0,"key":"SMITH"},{"floor":15.0,"key":"REST"},{"data":"TheCursedMod:Grudge","floor":23.0,"key":"SMITH"},{"data":"TheCursedMod:CursedWand","floor":27.0,"key":"SMITH"},{"data":"TheCursedMod:CursedRelics","floor":32.0,"key":"SMITH"},{"data":"TheCursedMod:PrepareRite","floor":40.0,"key":"SMITH"},{"data":"TheCursedMod:SpitefulPlan","floor":42.0,"key":"SMITH"},{"floor":44.0,"key":"RECALL"},{"data":"TheCursedMod:CircleOfWindfury","floor":49.0,"key":"SMITH"},{"data":"TheCursedMod:VoidForm","floor":52.0,"key":"SMITH"}],"circlet_count":0,"master_deck":["TheCursedMod:Strike_TheCursed","TheCursedMod:Defend_TheCursed","TheCursedMod:Defend_TheCursed","TheCursedMod:Defend_TheCursed","TheCursedMod:Defend_TheCursed","TheCursedMod:CursedWand+1","TheCursedMod:CleanUpWorkshop+1","TheCursedMod:Dregs","Purity","TheCursedMod:Wield","TheCursedMod:CircleOfFlame","Madness+1","Regret","TheCursedMod:Grudge+1","TheCursedMod:CursedRelics+1","TheCursedMod:SpitefulPlan+1","TheCursedMod:VoidForm+1","TheCursedMod:ReleasedKnowledge","Ghostly","Ghostly","Ghostly","Ghostly+1","Ghostly","TheCursedMod:CircleOfCorruption+1","TheCursedMod:WearCloak+1","TheCursedMod:ReleasedStrength","TheCursedMod:PrepareRite+1","TheCursedMod:SoulReap+1","TheCursedMod:CursedAmulet","TheCursedMod:CircleOfAbyss+1","TheCursedMod:AshesToAshes","TheCursedMod:Obscuration+1","TheCursedMod:CircleOfWindfury+1","TheCursedMod:HellsGateOpen+1","TheCursedMod:DemonSword+1","TheCursedMod:LuckyCharm","TheCursedMod:RapidMovement"],"relics":["TheCursedMod:BlackMagic101","Pear","CeramicFish","Ginger","Happy Flower","Potion Belt","TheCursedMod:FourLeafCloverCharm","PreservedInsect","Anchor","MawBank","Bronze Scales","Kunai","Regal Pillow","Sozu","FossilizedHelix","War Paint","StoneCalendar","Molten Egg 2","Art of War","TheCursedMod:CrystalBall"],"acts_visited":["Exordium","TheCity","TheBeyond","TheEnding"],"potions_floor_usage":[55,55],"damage_taken":[{"damage":6.0,"enemies":"Jaw Worm","floor":1.0,"turns":4.0},{"damage":0.0,"enemies":"Small Slimes","floor":2.0,"turns":5.0},{"damage":22.0,"enemies":"Lagavulin","floor":6.0,"turns":6.0},{"damage":0.0,"enemies":"2 Louse","floor":11.0,"turns":1.0},{"damage":6.0,"enemies":"Large Slime","floor":12.0,"turns":4.0},{"damage":6.0,"enemies":"Looter","floor":13.0,"turns":3.0},{"damage":18.0,"enemies":"3 Sentries","floor":14.0,"turns":7.0},{"damage":36.0,"enemies":"The Guardian","floor":16.0,"turns":12.0},{"damage":10.0,"enemies":"Chosen","floor":18.0,"turns":4.0},{"damage":3.0,"enemies":"2 Thieves","floor":22.0,"turns":4.0},{"damage":21.0,"enemies":"Slavers","floor":24.0,"turns":8.0},{"damage":2.0,"enemies":"Shelled Parasite and Fungi","floor":28.0,"turns":6.0},{"damage":3.0,"enemies":"Gremlin Leader","floor":30.0,"turns":6.0},{"damage":12.0,"enemies":"Centurion and Healer","floor":31.0,"turns":7.0},{"damage":32.0,"enemies":"Collector","floor":33.0,"turns":9.0},{"damage":2.0,"enemies":"3 Darklings","floor":35.0,"turns":7.0},{"damage":2.0,"enemies":"3 Shapes","floor":36.0,"turns":6.0},{"damage":0.0,"enemies":"Mind Bloom Boss Battle","floor":37.0,"turns":7.0},{"damage":27.0,"enemies":"2 Orb Walkers","floor":39.0,"turns":6.0},{"damage":0.0,"enemies":"Nemesis","floor":41.0,"turns":7.0},{"damage":0.0,"enemies":"Jaw Worm Horde","floor":45.0,"turns":5.0},{"damage":0.0,"enemies":"Transient","floor":46.0,"turns":5.0},{"damage":18.0,"enemies":"Spire Growth","floor":47.0,"turns":7.0},{"damage":0.0,"enemies":"Reptomancer","floor":48.0,"turns":5.0},{"damage":31.0,"enemies":"Awakened One","floor":50.0,"turns":9.0},{"damage":8.0,"enemies":"Shield and Spear","floor":54.0,"turns":7.0},{"damage":3,"enemies":"The Heart","floor":55,"turns":8}],"seed_played":"4196220530147166755","potions_obtained":[{"floor":1.0,"key":"Fruit Juice"},{"floor":6.0,"key":"ColorlessPotion"},{"floor":12.0,"key":"Ancient Potion"},{"floor":14.0,"key":"DistilledChaos"},{"floor":24.0,"key":"SmokeBomb"},{"floor":28.0,"key":"SneckoOil"},{"floor":30.0,"key":"TheCursedMod:DregsPotion"},{"floor":33.0,"key":"LiquidBronze"}],"is_trial":false,"path_per_floor":["M","M","?","$","?","E","R","?","T","R","M","M","M","E","R","B",null,"M","?","?","$","M","R","E","?","T","R","M","?","E","M","R","B",null,"M","M","?","$","?","R","E","R","T","R","M","M","M","E","R","B",null,"R","$","E","B",null],"character_chosen":"THE_CURSED","items_purchased":["TheCursedMod:CircleOfFlame","Madness","PreservedInsect","Anchor","War Paint","TheCursedMod:CircleOfWindfury","TheCursedMod:DemonSword+1","TheCursedMod:LuckyCharm","TheCursedMod:RapidMovement"],"campfire_rested":1,"item_purchase_floors":[4,4,21,21,38,38,53,53,53],"current_hp_per_floor":[69,69,62,67,77,55,55,43,43,43,43,37,31,13,40,4,90,80,62,47,47,44,44,23,23,23,23,21,21,28,46,46,21,47,45,45,47,47,20,20,38,38,38,38,38,45,31,47,47,34,47,47,47,47,44],"gold":173,"neow_bonus":"RANDOM_COLORLESS","is_daily":false,"chose_seed":false,"campfire_upgraded":9,"win_rate":0.0,"timestamp":1608164570,"path_taken":["M","M","?","$","?","E","R","?","T","R","M","M","M","E","R","BOSS","M","?","?","$","M","R","E","?","T","R","M","?","E","M","R","BOSS","M","M","?","$","?","R","E","R","T","R","M","M","M","E","R","BOSS","R","$","E","BOSS"],"items_purchased_type":["Card","Card","Relic","Relic","Relic","Card","Card","Card","Card"],"build_version":"2020-12-13","purchased_purges":1,"victory":true,"max_hp_per_floor":[75,75,75,80,90,90,90,90,90,90,90,90,90,90,90,90,90,90,95,47,47,47,47,47,47,47,47,47,47,47,47,47,47,47,47,47,47,47,47,47,47,47,47,47,47,47,47,47,47,47,47,47,47,47,47],"card_choices":[{"not_picked":["Panacea","Good Instincts"],"picked":"Purity","floor":0.0},{"not_picked":["TheCursedMod:SpitefulStrike","TheCursedMod:SurpriseAttack"],"picked":"TheCursedMod:ReleasedStrength","floor":1.0},{"not_picked":["TheCursedMod:Torture","TheCursedMod:Obscuration"],"picked":"TheCursedMod:Wield","floor":2.0},{"not_picked":["TheCursedMod:FuryStrike","TheCursedMod:CircleOfAmplification","TheCursedMod:TacticalStrike"],"picked":"SKIP","floor":6.0},{"not_picked":["TheCursedMod:AbyssShockwave","TheCursedMod:Torture","TheCursedMod:CircleOfFlame"],"picked":"SKIP","floor":11.0},{"not_picked":["TheCursedMod:VitalStrike","TheCursedMod:Obscuration"],"picked":"TheCursedMod:Grudge","floor":12.0},{"not_picked":["TheCursedMod:CursedStaff","TheCursedMod:CursedBlade"],"picked":"TheCursedMod:CursedRelics","floor":13.0},{"not_picked":["TheCursedMod:SoulCrush","TheCursedMod:Stretching"],"picked":"TheCursedMod:SpitefulPlan","floor":14.0},{"not_picked":["TheCursedMod:OutForBlood","TheCursedMod:ParallelWorld"],"picked":"TheCursedMod:VoidForm","floor":16.0},{"not_picked":["TheCursedMod:BloodBarrier+1","TheCursedMod:StingEye"],"picked":"TheCursedMod:ReleasedKnowledge","floor":18.0},{"not_picked":["TheCursedMod:SoulCrush","TheCursedMod:Stigma"],"picked":"TheCursedMod:CircleOfCorruption+1","floor":22.0},{"not_picked":["TheCursedMod:EmpowerCircles","TheCursedMod:Hemoplague"],"picked":"TheCursedMod:WearCloak+1","floor":24.0},{"not_picked":["TheCursedMod:RavingStaff","TheCursedMod:TroublousMinions+1"],"picked":"TheCursedMod:SoulReap+1","floor":28.0},{"not_picked":["TheCursedMod:HellsGateOpen","TheCursedMod:ReleasedStrength"],"picked":"TheCursedMod:CursedAmulet","floor":30.0},{"not_picked":["TheCursedMod:Stretching","TheCursedMod:Wield+1","TheCursedMod:CursedShiv+1"],"picked":"SKIP","floor":31.0},{"not_picked":["TheCursedMod:StunningStrike","TheCursedMod:VoidForm"],"picked":"TheCursedMod:CircleOfAbyss","floor":33.0},{"not_picked":["TheCursedMod:FleshFromBone","TheCursedMod:TacticalStrike+1"],"picked":"TheCursedMod:AshesToAshes","floor":35.0},{"not_picked":["TheCursedMod:Torture","TheCursedMod:CursedMace","TheCursedMod:SaltUponWound"],"picked":"SKIP","floor":36.0},{"not_picked":["TheCursedMod:TacticalStrike+1","TheCursedMod:CircleOfCorruption+1"],"picked":"TheCursedMod:Obscuration+1","floor":37.0},{"not_picked":["TheCursedMod:CursedRelics+1","TheCursedMod:ShockAndAwe+1","TheCursedMod:CursedMace+1"],"picked":"SKIP","floor":41.0},{"not_picked":["TheCursedMod:AbyssShockwave+1","TheCursedMod:Stretching","TheCursedMod:VitalStrike+1"],"picked":"SKIP","floor":45.0},{"not_picked":["TheCursedMod:Grudge+1","TheCursedMod:Torture","TheCursedMod:CursedMace+1"],"picked":"SKIP","floor":46.0},{"not_picked":["TheCursedMod:CursedStaff+1","TheCursedMod:VitalStrike+1"],"picked":"TheCursedMod:HellsGateOpen+1","floor":47.0},{"not_picked":["TheCursedMod:TroublousMinions","TheCursedMod:WearCloak+1","TheCursedMod:PrepareRite+1"],"picked":"SKIP","floor":48.0},{"not_picked":["TheCursedMod:VitalStrike+1","TheCursedMod:SpitefulStrike+1","TheCursedMod:Obscuration+1"],"picked":"SKIP","floor":54.0}],"player_experience":211096,"relics_obtained":[{"floor":6.0,"key":"CeramicFish"},{"floor":9.0,"key":"Happy Flower"},{"floor":14.0,"key":"Potion Belt"},{"floor":24.0,"key":"MawBank"},{"floor":26.0,"key":"Bronze Scales"},{"floor":29.0,"key":"Kunai"},{"floor":30.0,"key":"Regal Pillow"},{"floor":37.0,"key":"FossilizedHelix"},{"floor":39.0,"key":"StoneCalendar"},{"floor":41.0,"key":"Molten Egg 2"},{"floor":48.0,"key":"Art of War"},{"floor":54.0,"key":"TheCursedMod:CrystalBall"}],"event_choices":[{"cards_removed":["TheCursedMod:Strike_TheCursed"],"damage_healed":0.0,"max_hp_gain":0.0,"max_hp_loss":0.0,"gold_gain":0.0,"event_name":"Golden Wing","player_choice":"Card Removal","floor":3.0,"gold_loss":0.0,"damage_taken":7.0},{"damage_healed":0.0,"max_hp_gain":0.0,"max_hp_loss":0.0,"gold_gain":0.0,"event_name":"Big Fish","player_choice":"Box","floor":5.0,"gold_loss":0.0,"damage_taken":0.0,"relics_obtained":["Pear"],"cards_obtained":["Regret"]},{"damage_healed":0.0,"max_hp_gain":0.0,"max_hp_loss":0.0,"gold_gain":0.0,"event_name":"Scrap Ooze","player_choice":"Success","floor":8.0,"gold_loss":0.0,"damage_taken":12.0,"relics_obtained":["Ginger"]},{"damage_healed":0.0,"max_hp_gain":5.0,"max_hp_loss":0.0,"gold_gain":0.0,"event_name":"Forgotten Altar","player_choice":"Shed Blood","floor":19.0,"gold_loss":0.0,"damage_taken":23.0},{"damage_healed":0.0,"max_hp_gain":0.0,"max_hp_loss":48.0,"gold_gain":0.0,"event_name":"Ghosts","player_choice":"Became a Ghost","floor":20.0,"gold_loss":0.0,"damage_taken":0.0,"cards_obtained":["Ghostly","Ghostly","Ghostly","Ghostly","Ghostly"]},{"damage_healed":0.0,"max_hp_gain":0.0,"max_hp_loss":0.0,"gold_gain":0.0,"cards_transformed":["TheCursedMod:Strike_TheCursed","TheCursedMod:Strike_TheCursed"],"event_name":"Drug Dealer","player_choice":"Became Test Subject","floor":25.0,"gold_loss":0.0,"damage_taken":0.0,"cards_obtained":["TheCursedMod:ReleasedStrength","TheCursedMod:PrepareRite"]},{"damage_healed":0.0,"max_hp_gain":0.0,"max_hp_loss":0.0,"gold_gain":0.0,"event_name":"Wheel of Change","player_choice":"Relic","floor":29.0,"gold_loss":0.0,"damage_taken":0.0},{"damage_healed":0.0,"max_hp_gain":0.0,"max_hp_loss":0.0,"gold_gain":0.0,"event_name":"MindBloom","player_choice":"Fight","floor":37.0,"gold_loss":0.0,"damage_taken":0.0},{"damage_healed":0.0,"max_hp_gain":0.0,"max_hp_loss":0.0,"gold_gain":0.0,"event_name":"Mysterious Sphere","player_choice":"Fight","floor":39.0,"gold_loss":0.0,"damage_taken":0.0}],"is_beta":false,"boss_relics":[{"not_picked":["Astrolabe","Busted Crown"],"picked":"TheCursedMod:FourLeafCloverCharm"},{"not_picked":["Black Star","Tiny House"],"picked":"Sozu"}],"items_purged_floors":[53],"is_endless":false,"potions_floor_spawned":[1,6,12,14,24,28,30,33,36,37,46,48],"ascension_level":0}}