{"host":"icrrc9b69c1a6188","time":1608238507,"event":{"mods":["A Magickal Journey","BaseMod","Better Altar","Better Match","Better Note","Better Sensory Stone","Better Skull","Better Third Choice","Colored Map","Colored Powertips","Displayed Cursed Tome","Faster Ascension Climbing","HexUI Lib","Minty Spire (QoL Compilation)","Random Character Mod","Spicy Shops","StSLib","Unceasing Turn Reminder"],"gold_per_floor":[110,110,125,143,159,159,172,172,172,185,185,200,218,218,218,218,218],"floor_reached":16,"playtime":2312,"items_purged":[],"score":192,"play_id":"7daf54f9-1aa1-458e-b587-5eb4b879fb75","local_time":"20201217145507","is_ascension_mode":true,"campfire_choices":[{"data":"Magicka:SummonPhoenixCard","floor":6,"key":"SMITH"},{"data":"Magicka:FireLongswordCard","floor":8,"key":"SMITH"},{"data":"Magicka:SlipperyLightningCard","floor":11,"key":"SMITH"},{"data":"Magicka:FastWaterCard","floor":15,"key":"SMITH"}],"circlet_count":0,"master_deck":["Magicka:ThunderstormCard","AscendersBane","Magicka:PreciseFingerCard","Magicka:PreciseFingerCard","Magicka:PreciseFingerCard","Magicka:PreciseFingerCard","Magicka:PreciseFingerCard","Magicka:TheFistCard","Magicka:DefaultBladeCard","Magicka:DefaultBladeCard","Magicka:FireLongswordCard+1","Magicka:WalkBackwardsCard","Magicka:SummonPhoenixCard+1","Magicka:SlipperyLightningCard+1","Magicka:SlipperyDeathCard","Magicka:FastWaterCard+1"],"relics":["Magicka:WizardStaff","Omamori"],"acts_visited":["Exordium"],"potions_floor_usage":[5,16],"damage_taken":[{"damage":22,"enemies":"Jaw Worm","floor":1,"turns":8},{"damage":10,"enemies":"Small Slimes","floor":3,"turns":8},{"damage":9,"enemies":"2 Louse","floor":4,"turns":6},{"damage":34,"enemies":"2 Fungi Beasts","floor":5,"turns":5},{"damage":21,"enemies":"Exordium Wildlife","floor":7,"turns":4},{"damage":22,"enemies":"Blue Slaver","floor":10,"turns":5},{"damage":29,"enemies":"2 Fungi Beasts","floor":12,"turns":5},{"damage":14,"enemies":"3 Louse","floor":13,"turns":3},{"damage":81,"enemies":"Hexaghost","floor":16,"turns":9}],"seed_played":"2243049563191945447","potions_obtained":[{"floor":1,"key":"SpeedPotion"},{"floor":3,"key":"GamblersBrew"},{"floor":7,"key":"AttackPotion"}],"is_trial":false,"path_per_floor":["M","?","M","M","M","R","M","R","T","M","R","M","M","?","R","B"],"character_chosen":"MAGICKA_WIZARD","items_purchased":[],"campfire_rested":0,"item_purchase_floors":[],"current_hp_per_floor":[38,43,39,43,42,42,43,43,43,40,40,43,43,43,43,0,0],"gold":218,"neow_bonus":"TEN_PERCENT_HP_BONUS","is_daily":false,"chose_seed":false,"campfire_upgraded":4,"win_rate":0.0,"timestamp":1608238507,"path_taken":["M","?","M","M","M","R","M","R","T","M","R","M","M","?","R","BOSS"],"items_purchased_type":[],"build_version":"2020-12-13","purchased_purges":0,"victory":false,"max_hp_per_floor":[38,43,43,43,43,43,43,43,43,43,43,43,43,43,43,43,43],"card_choices":[{"not_picked":["Magicka:EmergencyShieldCard","Magicka:RainCard"],"picked":"Magicka:FireLongswordCard","floor":1},{"not_picked":["Magicka:ExoticBladeCard","Magicka:RainCard"],"picked":"Magicka:WalkBackwardsCard","floor":3},{"not_picked":["Magicka:InfernoCrusherCard","Magicka:CrystallineLightningCard"],"picked":"Magicka:SummonPhoenixCard","floor":4},{"not_picked":["Magicka:SnowballCard","Magicka:SlipperyStoneCard"],"picked":"Magicka:SlipperyLightningCard","floor":5},{"not_picked":["Magicka:SisterhoodCard","Magicka:CrystallineLightningCard","Magicka:TeleportCard"],"picked":"SKIP","floor":7},{"not_picked":["Magicka:FlamethrowerCard","Magicka:CrystallineLightningCard"],"picked":"Magicka:SlipperyDeathCard","floor":10},{"not_picked":["Magicka:ConfuseCard","Magicka:BlizzardCard"],"picked":"Magicka:FastWaterCard","floor":12},{"not_picked":["Magicka:SisterhoodCard","Magicka:CleanseCard","Magicka:EarthquakeCard"],"picked":"SKIP","floor":13}],"player_experience":683082,"relics_obtained":[{"floor":9,"key":"Omamori"}],"event_choices":[{"damage_healed":0,"gold_gain":0,"player_choice":"Donut","damage_taken":0,"max_hp_gain":5,"max_hp_loss":0,"event_name":"Big Fish","floor":2,"gold_loss":0},{"cards_removed":["Magicka:BlizzardCard"],"damage_healed":0,"gold_gain":0,"player_choice":"Forget","damage_taken":0,"max_hp_gain":0,"max_hp_loss":0,"event_name":"Living Wall","floor":14,"gold_loss":0}],"is_beta":false,"boss_relics":[],"items_purged_floors":[],"is_endless":false,"potions_floor_spawned":[1,3,7,10,12,13],"killed_by":"Hexaghost","ascension_level":20}}