{"host":"Teixeira","time":1608230363,"event":{"mods":["2.2 Compatiblity","BaseMod","Colored Map","Colored Powertips","Downfall","Hermit","Hubris","Minty Spire (QoL Compilation)","Permanent Neow","Rare Cards Sparkle","Relic Filter","Replay The Spire","Spicy Shops","StSLib","SuperFastMode"],"gold_per_floor":[299,315,329,329,348,131,131,159,84,111,111,111,286,143,143,143,160,262,262,334,434,460,460,493,503,529,242,167,200,200,221,221,321,331,431,431,356,404,430,430,455,505,505,515,549,549,566,80,94,69,86,86,86,116,92,92,92],"floor_reached":58,"playtime":3734,"items_purged":["Regret","Doubt","Looming Evil","Guardian:ExploitGems+1"],"score":1588,"play_id":"a9504fb3-4504-4abb-92fd-fe553ada704c","local_time":"20201217153923","is_ascension_mode":true,"campfire_choices":[{"data":"Guardian:TwinSlam","floor":1,"key":"SMITH"},{"data":"Guardian:PolyBeam","floor":9,"key":"SMITH"},{"floor":23,"key":"RECALL"},{"data":"Mayhem","floor":28,"key":"SMITH"},{"data":"Guardian:PrismaticBeam","floor":37,"key":"SMITH"},{"data":"Guardian:FloatingOrbs","floor":46,"key":"SMITH"},{"data":"Bite","floor":56,"key":"SMITH"}],"circlet_count":0,"master_deck":["Guardian:Defend_Guardian","Guardian:Defend_Guardian","Guardian:Defend_Guardian","Guardian:Defend_Guardian","Guardian:CurlUp","Guardian:TwinSlam+1","Guardian:PolyBeam+1","Guardian:MultiBeam+1","Guardian:FloatingOrbs+1","Guardian:BaubleBeam+1","Guardian:FloatingOrbs+1","Guardian:VentSteam+1","Mayhem+1","Bite","Bite","Bite","Bite+1","Bite+1","Guardian:PrismaticBeam+1","Mayhem+1"],"relics":["Guardian:ModeShifter","Chemical X","Replay:Baseball","downfall:HeartBlessingBlue","Question Card","Replay:Wax Seal","Ring of Fangs","Ring of Searing","hubris:MysteriousPyramids","expansioncontent:StudyCardRelic","Toxic Egg 2","Replay:Towering Pillar of Hats","Juzu Bracelet","Mummified Hand","Replay:Mystery Machine","downfall:HeartBlessingRed","Pantograph","Bottled Tornado","Pear","Black Star","downfall:HeartBlessingGreen","hubris:Metronome","Mango","Gremlin Horn","hubris:Icosahedron","Shuriken","Whetstone","Dream Catcher","Kunai","InkBottle","Onion Ring","DollysMirror","Guardian:PickAxe","Bottled Flame","Replay:Bottled Flurry","Pet Ghost"],"acts_visited":["Exordium","TheCity","TheBeyond","TheEnding"],"potions_floor_usage":[21,22,29,57],"damage_taken":[{"damage":0,"enemies":"Cultist","floor":2,"turns":3},{"damage":0,"enemies":"2 Louse","floor":3,"turns":2},{"damage":7,"enemies":"Small Slimes","floor":5,"turns":3},{"damage":4,"enemies":"downfall:FleeingMerchant","floor":6,"turns":4},{"damage":0,"enemies":"3 Sentries","floor":8,"turns":2},{"damage":15,"enemies":"Replay:BlueRogue","floor":10,"turns":4},{"damage":15,"enemies":"downfall:FleeingMerchant","floor":14,"turns":4},{"damage":3,"enemies":"2 Fungi Beasts","floor":17,"turns":2},{"damage":28,"enemies":"downfall:Silent","floor":18,"turns":7},{"damage":25,"enemies":"downfall:Defect","floor":21,"turns":5},{"damage":4,"enemies":"Gremlin Leader","floor":22,"turns":5},{"damage":14,"enemies":"Slavers","floor":24,"turns":3},{"damage":0,"enemies":"Chosen","floor":25,"turns":3},{"damage":12,"enemies":"downfall:FleeingMerchant","floor":27,"turns":4},{"damage":7,"enemies":"Book of Stabbing","floor":29,"turns":3},{"damage":0,"enemies":"downfall:FleeingMerchant","floor":31,"turns":2},{"damage":6,"enemies":"Spheric Guardian","floor":34,"turns":2},{"damage":24,"enemies":"downfall:Watcher","floor":35,"turns":4},{"damage":0,"enemies":"R_Hoarder","floor":39,"turns":3},{"damage":10,"enemies":"Giant Head","floor":41,"turns":4},{"damage":10,"enemies":"Mind Bloom Boss Battle","floor":42,"turns":3},{"damage":12,"enemies":"Orb Walker","floor":44,"turns":2},{"damage":10,"enemies":"Reptomancer","floor":45,"turns":3},{"damage":9,"enemies":"3 Darklings","floor":47,"turns":2},{"damage":0,"enemies":"Jaw Worm Horde","floor":49,"turns":1},{"damage":5,"enemies":"Spire Growth","floor":51,"turns":2},{"damage":11,"enemies":"downfall:Defect","floor":52,"turns":2},{"damage":17,"enemies":"downfall:CharBossMerchant","floor":54,"turns":3},{"damage":40,"enemies":"downfall:NeowBoss","floor":57,"turns":12}],"seed_played":"-1469169698096640014","potions_obtained":[{"floor":8,"key":"FearPotion"},{"floor":17,"key":"DistilledChaos"},{"floor":18,"key":"Venom Potion"},{"floor":24,"key":"Reflective Coating"},{"floor":25,"key":"Slimebound:ThreeZeroPotion"},{"floor":29,"key":"Venom Potion"},{"floor":47,"key":"FearPotion"},{"floor":54,"key":"Adrenaline Potion"}],"is_trial":false,"path_per_floor":["R","M","M","?","M","$","T","E","R","E","PTL","PTL","?","$","?","T","M","B",null,"R_BF","?","E","R","E","M","T","$","R","E","?","$","T","?","M","B",null,"R","?","E","?","E","?","T","M","E","R","M","$","M","$","M","B",null,"E","$","R","B",null],"character_chosen":"GUARDIAN","items_purchased":["Chemical X","Guardian:MultiBeam+1","Replay:Wax Seal","Mayhem","Guardian:Gem_Red","Bottled Tornado","Guardian:PrismaticBeam","Onion Ring","DollysMirror","Guardian:PickAxe","Pet Ghost"],"campfire_rested":0,"item_purchase_floors":[6,6,14,27,31,31,31,48,48,50,55],"current_hp_per_floor":[80,80,80,80,73,69,69,69,79,64,64,64,64,49,49,49,46,18,90,90,65,61,61,47,47,47,35,35,28,28,32,42,42,42,53,72,72,44,62,62,64,80,80,73,72,72,68,68,73,73,70,75,86,78,78,78,66],"gold":92,"neow_bonus":"HUNDRED_GOLD","is_daily":false,"chose_seed":false,"campfire_upgraded":6,"win_rate":0.0,"timestamp":1608230363,"path_taken":["R","M","M","?","M","$","T","E","R","E","PTL","PTL","?","$","?","?","M","BOSS","R_BF","?","E","R","E","M","T","$","R","E","?","?","?","?","M","BOSS","R","?","E","?","E","?","T","M","E","R","M","$","M","$","M","BOSS","E","$","R","BOSS"],"items_purchased_type":["Relic","Card","Relic","Card","Card","Relic","Card","Relic","Relic","Relic","Relic"],"build_version":"2020-11-17","purchased_purges":4,"victory":true,"max_hp_per_floor":[80,80,80,80,80,80,80,80,90,90,90,90,90,90,90,90,90,90,90,90,90,90,90,90,90,90,90,90,90,62,62,72,72,72,72,72,72,72,86,86,86,86,86,86,86,86,86,86,86,86,86,86,86,86,86,86,86],"card_choices":[{"not_picked":["Guardian:Incinerate","Guardian:WalkerClaw","Guardian:Gem_Lightblue"],"picked":"SKIP","floor":2},{"not_picked":["Guardian:Planning","Guardian:TemporalShield"],"picked":"Guardian:Gem_Red","floor":3},{"not_picked":["Guardian:WalkerClaw","Guardian:StasisField"],"picked":"Guardian:Gem_Red","floor":5},{"not_picked":["Guardian:Emergency","Guardian:Repulse"],"picked":"Guardian:PolyBeam","floor":6},{"not_picked":["Guardian:Gem_Purple","Guardian:Reroute"],"picked":"Guardian:Gem_Cyan","floor":8},{"not_picked":["Guardian:CrystalBeam","Guardian:PiercingHide"],"picked":"Guardian:Gem_Cyan","floor":10},{"not_picked":["Guardian:TemporalStrike","Guardian:PiercingHide","Guardian:Reroute","Guardian:Gem_Lightblue"],"picked":"SKIP","floor":14},{"not_picked":["Guardian:Gem_White","Guardian:Gem_Green","Guardian:BronzeOrb"],"picked":"Guardian:FloatingOrbs","floor":17},{"not_picked":["Guardian:AncientConstruct","Guardian:ConstructionForm","Guardian:FastForward"],"picked":"Guardian:BaubleBeam","floor":18},{"not_picked":["Guardian:CrystalBeam","Guardian:ShieldSpikes+1","Guardian:Gem_Green"],"picked":"Guardian:FloatingOrbs+1","floor":21},{"not_picked":["Guardian:Gem_Blue","Guardian:SpikerProtocol+1","Guardian:Gem_Purple"],"picked":"Guardian:VentSteam+1","floor":22},{"not_picked":["Guardian:TemporalStrike+1","Guardian:Incinerate","Guardian:ChargeUp+1","Guardian:Gem_Lightblue"],"picked":"SKIP","floor":24},{"not_picked":["Guardian:Harden+1","Guardian:ChargeUp+1","Guardian:Gem_Purple"],"picked":"Guardian:Gem_Red","floor":25},{"not_picked":["Guardian:ChargeUp+1","Guardian:PolyBeam+1","Guardian:TimeSifter","Guardian:PrimingBeam+1"],"picked":"SKIP","floor":27},{"not_picked":["Guardian:Gem_Purple","Guardian:TemporalStrike","Guardian:DecasProtection+1","Guardian:TimeBomb+1"],"picked":"SKIP","floor":29},{"not_picked":["Guardian:Incinerate+1","Guardian:PrismaticBarrier+1","Guardian:Gem_Lightblue"],"picked":"Guardian:Gem_Red","floor":31},{"not_picked":["Guardian:VentSteam+1","Guardian:TemporalShield+1","Guardian:RollAttack","Guardian:Suspension+1"],"picked":"SKIP","floor":34},{"not_picked":["Guardian:RevengeProtocol","Guardian:StasisField+1","Guardian:Gem_Synthetic"],"picked":"Guardian:ExploitGems+1","floor":35},{"not_picked":["Guardian:TemporalStrike","Guardian:Gem_Cyan","Guardian:TemporalShield+1"],"picked":"Guardian:Gem_Red","floor":38},{"not_picked":["Guardian:ChargeCore+1","Guardian:TimeBomb+1","Guardian:GuardianWhirl","Guardian:Gem_Purple"],"picked":"SKIP","floor":39},{"not_picked":["Guardian:Gem_Cyan","Guardian:Gem_Green","Guardian:BaubleBeam","Guardian:WalkerClaw+1"],"picked":"SKIP","floor":41},{"not_picked":["Guardian:Gem_Green","Guardian:ArmoredProtocol+1","Guardian:TemporalStrike","Guardian:Planning+1"],"picked":"SKIP","floor":44},{"not_picked":["Guardian:PrismaticBarrier+1","Guardian:Harden+1","Guardian:VentSteam+1","Guardian:HyperBeam_Guardian"],"picked":"SKIP","floor":45},{"not_picked":["Guardian:Recover+1","Guardian:Reroute+1","Guardian:Gem_White","Guardian:TimeCapacitor"],"picked":"SKIP","floor":47},{"not_picked":["Guardian:Gem_Crimson","Guardian:BronzeArmor+1","Guardian:Gem_Red","Guardian:Recover+1"],"picked":"SKIP","floor":49},{"not_picked":["Guardian:Gem_Crimson","Guardian:BronzeArmor+1","Guardian:Recover+1"],"picked":"Guardian:Gem_Red","floor":49},{"not_picked":["Guardian:Gem_Green","Guardian:Emergency+1","Guardian:TemporalStrike","Guardian:ShieldCharger+1"],"picked":"SKIP","floor":51},{"not_picked":["Guardian:TimeSifter","Guardian:Planning+1","Guardian:Recover+1","Guardian:TemporalStrike"],"picked":"SKIP","floor":54}],"player_experience":60672,"relics_obtained":[{"floor":8,"key":"Replay:Baseball"},{"floor":10,"key":"Question Card"},{"floor":15,"key":"Ring of Fangs"},{"floor":15,"key":"Ring of Searing"},{"floor":16,"key":"hubris:MysteriousPyramids"},{"floor":21,"key":"Toxic Egg 2"},{"floor":21,"key":"Replay:Towering Pillar of Hats"},{"floor":22,"key":"Juzu Bracelet"},{"floor":24,"key":"Mummified Hand"},{"floor":26,"key":"Replay:Mystery Machine"},{"floor":29,"key":"Pantograph"},{"floor":32,"key":"Pear"},{"floor":38,"key":"hubris:Metronome"},{"floor":39,"key":"Mango"},{"floor":39,"key":"Gremlin Horn"},{"floor":41,"key":"Shuriken"},{"floor":41,"key":"Whetstone"},{"floor":43,"key":"Dream Catcher"},{"floor":45,"key":"Kunai"},{"floor":45,"key":"InkBottle"},{"floor":54,"key":"Bottled Flame"},{"floor":54,"key":"Replay:Bottled Flurry"}],"event_choices":[{"damage_healed":0,"gold_gain":0,"player_choice":"Became a vampire","damage_taken":0,"max_hp_gain":0,"max_hp_loss":28,"event_name":"Vampires","floor":30,"gold_loss":0,"cards_obtained":["Bite","Bite","Bite","Bite","Bite"]}],"is_beta":true,"boss_relics":[{"not_picked":["Fusion Hammer","hubris:Stopwatch"],"picked":"expansioncontent:StudyCardRelic"},{"not_picked":["SacredBark","Replay:Wanted Poster"],"picked":"Black Star"}],"items_purged_floors":[6,14,27,48],"is_endless":false,"potions_floor_spawned":[8,17,18,24,25,29,34,39,44,47,51,54],"ascension_level":1}}