{"host":"p6y17sixyu8q9v1f","time":1608210560,"event":{"mods":["BaseMod","Colored Map","Minty Spire (QoL Compilation)"],"gold_per_floor":[119,44,119,133,308,342,342,373,427,444,461,479,495,101,101,205,205,223,223,234,333,19,19,52,16,43,57,90,90,15,26,26,124,124,136,149,168,39,90,90,121,135,158,191,191,203,228,228,228,228],"floor_reached":51,"playtime":3590,"items_purged":["Defend_B","Doubt","Strike_B","Defend_B"],"score":1112,"play_id":"663cf41b-d4c0-40a2-b778-f22d216f7558","local_time":"20201217070920","is_ascension_mode":true,"campfire_choices":[{"data":"Zap","floor":7,"key":"SMITH"},{"floor":15,"key":"REST"},{"data":"Reprogram","floor":23,"key":"SMITH"},{"data":"Fission","floor":29,"key":"SMITH"},{"data":"Redo","floor":32,"key":"SMITH"},{"data":"Mayhem","floor":40,"key":"SMITH"},{"floor":45,"key":"REST"},{"data":"Scrape","floor":49,"key":"SMITH"}],"circlet_count":0,"master_deck":["Strike_B","Defend_B+1","Defend_B","Zap+1","Dualcast","Leap","Scrape+1","Conserve Battery+1","Melter","Beam Cell","Gash+1","Beam Cell","Reprogram+1","Fission+1","Go for the Eyes+1","Gash","Scrape+1","FTL+1","Go for the Eyes","Beam Cell+1","Gash+1","Mayhem+1","Self Repair","Conserve Battery","Go for the Eyes","FTL"],"relics":["Cracked Core","NeowsBlessing","Akabeko","War Paint","Bag of Marbles","Membership Card","Shuriken","Nuclear Battery","Vajra","PreservedInsect","Sling","Bag of Preparation","Omamori","Dream Catcher","Empty Cage","Torii","Mercury Hourglass","Regal Pillow","Smiling Mask","Whetstone"],"acts_visited":["Exordium","TheCity","TheBeyond"],"potions_floor_usage":[8,12,16,24,42,46,50,50],"damage_taken":[{"damage":0,"enemies":"Cultist","floor":1,"turns":1},{"damage":0,"enemies":"Small Slimes","floor":4,"turns":1},{"damage":0,"enemies":"3 Sentries","floor":6,"turns":1},{"damage":36,"enemies":"Gremlin Nob","floor":8,"turns":4},{"damage":0,"enemies":"2 Louse","floor":10,"turns":2},{"damage":0,"enemies":"Exordium Wildlife","floor":11,"turns":2},{"damage":0,"enemies":"2 Fungi Beasts","floor":12,"turns":2},{"damage":3,"enemies":"3 Louse","floor":13,"turns":3},{"damage":2,"enemies":"Slime Boss","floor":16,"turns":6},{"damage":24,"enemies":"Shell Parasite","floor":18,"turns":4},{"damage":17,"enemies":"2 Thieves","floor":20,"turns":4},{"damage":0,"enemies":"Book of Stabbing","floor":24,"turns":3},{"damage":0,"enemies":"Centurion and Healer","floor":27,"turns":3},{"damage":0,"enemies":"Slavers","floor":28,"turns":3},{"damage":0,"enemies":"Snake Plant","floor":31,"turns":2},{"damage":5,"enemies":"Champ","floor":33,"turns":5},{"damage":10,"enemies":"3 Darklings","floor":35,"turns":4},{"damage":0,"enemies":"3 Shapes","floor":36,"turns":3},{"damage":15,"enemies":"Maw","floor":37,"turns":4},{"damage":15,"enemies":"2 Orb Walkers","floor":39,"turns":3},{"damage":0,"enemies":"Nemesis","floor":41,"turns":1},{"damage":0,"enemies":"Spire Growth","floor":42,"turns":2},{"damage":0,"enemies":"Giant Head","floor":44,"turns":3},{"damage":10,"enemies":"Writhing Mass","floor":46,"turns":3},{"damage":0,"enemies":"Nemesis","floor":47,"turns":1},{"damage":70,"enemies":"Awakened One","floor":50,"turns":9}],"seed_played":"-4568219933012989427","potions_obtained":[{"floor":1,"key":"Explosive Potion"},{"floor":6,"key":"PowerPotion"},{"floor":8,"key":"Regen Potion"},{"floor":10,"key":"Block Potion"},{"floor":16,"key":"Ancient Potion"},{"floor":28,"key":"PotionOfCapacity"},{"floor":31,"key":"Ancient Potion"},{"floor":36,"key":"Explosive Potion"},{"floor":37,"key":"LiquidBronze"},{"floor":42,"key":"SkillPotion"},{"floor":44,"key":"Energy Potion"},{"floor":47,"key":"BlessingOfTheForge"}],"is_trial":false,"path_per_floor":["M","$","?","M","?","E","R","E","T","M","M","M","M","$","R","B",null,"M","?","M","?","$","R","E","$","T","M","E","R","$","M","R","B",null,"M","M","M","$","?","R","E","M","T","E","R","M","E","?","R","B",null],"character_chosen":"DEFECT","items_purchased":["Membership Card","Beam Cell","Shuriken","Reprogram","Gash","Vajra","PreservedInsect","Sling","FTL","Mayhem","Self Repair"],"campfire_rested":2,"item_purchase_floors":[14,14,14,14,22,22,22,22,25,38,38],"current_hp_per_floor":[75,75,64,64,64,64,64,28,28,28,28,28,25,25,47,45,75,51,51,34,34,34,34,43,43,43,43,43,43,43,43,43,38,75,65,65,50,50,35,35,35,35,35,42,75,72,72,72,72,9],"gold":228,"neow_bonus":"THREE_ENEMY_KILL","is_daily":false,"chose_seed":false,"campfire_upgraded":6,"win_rate":0.0,"timestamp":1608210560,"path_taken":["M","$","?","M","?","E","R","E","T","M","M","M","M","$","R","BOSS","M","?","M","?","$","R","E","?","T","M","E","R","$","M","R","BOSS","M","M","M","$","?","R","E","M","T","E","R","M","E","?","R","BOSS"],"items_purchased_type":["Relic","Card","Relic","Card","Card","Relic","Relic","Relic","Card","Card","Card"],"build_version":"2020-12-13","purchased_purges":4,"victory":true,"max_hp_per_floor":[75,75,75,75,75,75,75,75,75,75,75,75,75,75,75,75,75,75,75,75,75,75,75,75,75,75,75,75,75,75,75,75,75,75,75,75,75,75,75,75,75,75,75,75,75,75,75,75,75,75],"card_choices":[{"not_picked":["Doom and Gloom","Stack"],"picked":"Leap","floor":1},{"not_picked":["Go for the Eyes","Beam Cell"],"picked":"Scrape","floor":4},{"not_picked":["Turbo","Steam"],"picked":"Conserve Battery","floor":6},{"not_picked":["Darkness","Steam"],"picked":"Melter","floor":8},{"not_picked":["Capacitor","Amplify","Barrage"],"picked":"SKIP","floor":10},{"not_picked":["Gash","Heatsinks"],"picked":"Redo","floor":11},{"not_picked":["Coolheaded","Turbo"],"picked":"Beam Cell","floor":12},{"not_picked":["FTL","Barrage"],"picked":"Gash","floor":13},{"not_picked":["Core Surge","Multi-Cast"],"picked":"Fission","floor":16},{"not_picked":["Streamline","FTL"],"picked":"Go for the Eyes+1","floor":18},{"not_picked":["Ball Lightning","Turbo","Storm"],"picked":"SKIP","floor":20},{"not_picked":["Rebound","Sweeping Beam"],"picked":"Scrape+1","floor":24},{"not_picked":["Ball Lightning","Coolheaded","Aggregate"],"picked":"SKIP","floor":27},{"not_picked":["Sweeping Beam","Turbo","Coolheaded"],"picked":"SKIP","floor":28},{"not_picked":["Cold Snap","Static Discharge"],"picked":"Go for the Eyes","floor":31},{"not_picked":["Turbo+1","Barrage"],"picked":"Beam Cell+1","floor":35},{"not_picked":["Stack","Chill+1"],"picked":"Gash+1","floor":36},{"not_picked":["Heatsinks","Coolheaded+1","Redo+1"],"picked":"SKIP","floor":37},{"not_picked":["Skim+1","Ball Lightning+1"],"picked":"Conserve Battery","floor":39},{"not_picked":["Compile Driver+1","Force Field","Tempest+1"],"picked":"SKIP","floor":41},{"not_picked":["Rebound+1","Leap+1","Sweeping Beam+1"],"picked":"SKIP","floor":42},{"not_picked":["Hologram","Coolheaded+1","Biased Cognition"],"picked":"SKIP","floor":44},{"not_picked":["Conserve Battery+1","White Noise"],"picked":"Go for the Eyes","floor":45},{"not_picked":["Conserve Battery+1","Defragment"],"picked":"Beam Cell+1","floor":46},{"not_picked":["Compile Driver+1","Ball Lightning"],"picked":"FTL","floor":47}],"player_experience":765287,"relics_obtained":[{"floor":6,"key":"Akabeko"},{"floor":8,"key":"War Paint"},{"floor":9,"key":"Bag of Marbles"},{"floor":24,"key":"Bag of Preparation"},{"floor":26,"key":"Omamori"},{"floor":28,"key":"Dream Catcher"},{"floor":39,"key":"Torii"},{"floor":41,"key":"Mercury Hourglass"},{"floor":43,"key":"Regal Pillow"},{"floor":44,"key":"Smiling Mask"},{"floor":47,"key":"Whetstone"}],"event_choices":[{"damage_healed":0,"gold_gain":75,"player_choice":"Gather Gold","damage_taken":11,"max_hp_gain":0,"max_hp_loss":0,"event_name":"World of Goop","floor":3,"gold_loss":0},{"damage_healed":0,"gold_gain":175,"player_choice":"AGREE","damage_taken":0,"max_hp_gain":0,"max_hp_loss":0,"event_name":"Liars Game","floor":5,"gold_loss":0,"cards_obtained":["Doubt"]},{"cards_removed":["Strike_B"],"damage_healed":0,"gold_gain":0,"player_choice":"Elegance","damage_taken":0,"max_hp_gain":0,"max_hp_loss":0,"event_name":"Back to Basics","floor":19,"gold_loss":0},{"damage_healed":0,"gold_gain":99,"player_choice":"Stole From Cult","damage_taken":0,"max_hp_gain":0,"max_hp_loss":0,"event_name":"Nest","floor":21,"gold_loss":0},{"damage_healed":0,"gold_gain":0,"player_choice":"Fight","damage_taken":0,"max_hp_gain":0,"max_hp_loss":0,"event_name":"Mysterious Sphere","floor":39,"gold_loss":0},{"cards_removed":["Beam Cell"],"damage_healed":0,"gold_gain":0,"player_choice":"Removed Attack","damage_taken":0,"max_hp_gain":0,"max_hp_loss":0,"event_name":"Falling","floor":48,"gold_loss":0}],"is_beta":false,"boss_relics":[{"not_picked":["Busted Crown","Cursed Key"],"picked":"Nuclear Battery"},{"not_picked":["Runic Pyramid","FrozenCore"],"picked":"Empty Cage"}],"items_purged_floors":[2,14,22,30],"is_endless":false,"potions_floor_spawned":[1,6,8,10,16,28,31,33,36,37,42,44,47],"ascension_level":4}}