{"host":"nox","time":1608185084,"event":{"mods":["BaseMod","Colored Powertips","Minty Spire (QoL Compilation)","Quick Restart","Replay The Spire","StSLib"],"gold_per_floor":[116,41,41,55,55,55,80,80,105,120,133,162,180,355,355,457,457,467,467,84,96,96,129,129,129],"floor_reached":24,"playtime":922,"items_purged":["Strike_B"],"score":269,"play_id":"ad2a8ffb-b0f1-4902-be64-6545a21a82f4","local_time":"20201217130444","is_ascension_mode":true,"campfire_choices":[{"data":"Defend_B","floor":6.0,"key":"SMITH"},{"data":"Defend_B","floor":8.0,"key":"SMITH"}],"circlet_count":0,"master_deck":["Strike_B","Strike_B","Strike_B","Defend_B","Defend_B","Defend_B+1","Defend_B+1","Zap","Dualcast","Genetic Algorithm+1","Crystallizer","Gash","Capacitor+1","Doubt","Thunder Strike","BasicCrystalCard","Tempest","Apotheosis","Crystallizer","Leap"],"relics":["Coffee Dripper","Replay:Baseball","Bag of Preparation","Meat on the Bone","Cursed Key","Art of War","Replay:Bottled Steam"],"acts_visited":["Exordium","TheCity"],"potions_floor_usage":[21],"damage_taken":[{"damage":1.0,"enemies":"Cultist","floor":1.0,"turns":3.0},{"damage":3.0,"enemies":"Jaw Worm","floor":4.0,"turns":4.0},{"damage":32.0,"enemies":"Lagavulin","floor":7.0,"turns":10.0},{"damage":0.0,"enemies":"Small Slimes","floor":10.0,"turns":3.0},{"damage":4.0,"enemies":"Looter","floor":11.0,"turns":4.0},{"damage":26.0,"enemies":"Gremlin Nob","floor":12.0,"turns":4.0},{"damage":0.0,"enemies":"Blue Slaver","floor":13.0,"turns":4.0},{"damage":29.0,"enemies":"Hexaghost","floor":16.0,"turns":12.0},{"damage":42.0,"enemies":"Shell Parasite","floor":18.0,"turns":9.0},{"damage":12,"enemies":"3 Byrds","floor":21,"turns":4},{"damage":36,"enemies":"Replay:Snechameleon","floor":23,"turns":6},{"damage":32,"enemies":"Masked Bandits","floor":24,"turns":4}],"seed_played":"-4974455792283629971","potions_obtained":[{"floor":1.0,"key":"LifebloodPotion"},{"floor":4.0,"key":"SkillPotion"},{"floor":13.0,"key":"BlessingOfTheForge"},{"floor":16.0,"key":"Regen Potion"},{"floor":18.0,"key":"Fruit Juice"}],"is_trial":false,"path_per_floor":["M","$","$","M","?","R","E","R","T","M","M","E","M","?","R","B",null,"M","?","$","M","$","E","?"],"character_chosen":"DEFECT","items_purchased":["Apotheosis","Art of War","Crystallizer"],"campfire_rested":0,"item_purchase_floors":[20,20,20],"current_hp_per_floor":[74,74,74,71,71,71,39,39,39,39,35,9,21,21,43,26,75,50,50,50,50,50,26,0,0],"gold":129,"neow_bonus":"BOSS_RELIC","is_daily":false,"chose_seed":false,"campfire_upgraded":2,"win_rate":0.0,"timestamp":1608185084,"path_taken":["M","?","$","M","?","R","E","R","T","M","M","E","?","?","R","BOSS","M","?","$","M","$","E","?"],"items_purchased_type":["Card","Relic","Card"],"build_version":"2020-11-17","purchased_purges":1,"victory":false,"max_hp_per_floor":[75,75,75,75,75,75,75,75,75,75,75,75,75,75,75,75,75,80,80,80,80,80,80,80,80],"card_choices":[{"not_picked":["Conserve Battery","Leap"],"picked":"Genetic Algorithm","floor":1.0},{"not_picked":["Melter","Barrage","Double Energy"],"picked":"SKIP","floor":4.0},{"not_picked":["FTL","Aggregate","Leap"],"picked":"SKIP","floor":7.0},{"not_picked":["Panic Button","Streamline"],"picked":"Crystallizer","floor":10.0},{"not_picked":["Ball Lightning","Barrage"],"picked":"Gash","floor":11.0},{"not_picked":["Buffer","Doom and Gloom","Glacier"],"picked":"SKIP","floor":12.0},{"not_picked":["BasicCrystalCard","ReplaySolidLightProjector"],"picked":"Capacitor","floor":13.0},{"not_picked":["Creative AI","Seek"],"picked":"Thunder Strike","floor":16.0},{"not_picked":["Loop+1","Compile Driver"],"picked":"BasicCrystalCard","floor":18.0},{"not_picked":["Blizzard","Gash+1"],"picked":"Leap","floor":21},{"not_picked":["Time Bomb","Rip and Tear","Recycle"],"picked":"SKIP","floor":23}],"player_experience":157432,"relics_obtained":[{"floor":7.0,"key":"Replay:Baseball"},{"floor":9.0,"key":"Bag of Preparation"},{"floor":12.0,"key":"Meat on the Bone"},{"floor":23,"key":"Replay:Bottled Steam"}],"event_choices":[{"damage_healed":0.0,"max_hp_gain":0.0,"max_hp_loss":0.0,"gold_gain":0.0,"event_name":"Upgrade Shrine","player_choice":"Upgraded","floor":5.0,"gold_loss":0.0,"damage_taken":0.0,"cards_upgraded":["Genetic Algorithm"]},{"damage_healed":0.0,"max_hp_gain":0.0,"max_hp_loss":0.0,"gold_gain":175.0,"event_name":"Liars Game","player_choice":"AGREE","floor":14.0,"gold_loss":0.0,"damage_taken":0.0,"cards_obtained":["Doubt"]},{"damage_healed":0.0,"max_hp_gain":0.0,"max_hp_loss":0.0,"gold_gain":0.0,"event_name":"The Library","player_choice":"Read","floor":19.0,"gold_loss":0.0,"damage_taken":0.0,"cards_obtained":["Tempest"]},{"damage_healed":0,"gold_gain":0,"player_choice":"Fought Bandits","damage_taken":0,"max_hp_gain":0,"max_hp_loss":0,"event_name":"Masked Bandits","floor":24,"gold_loss":0}],"is_beta":true,"boss_relics":[{"not_picked":["Tiny House","SacredBark"],"picked":"Cursed Key"}],"items_purged_floors":[2],"is_endless":false,"potions_floor_spawned":[1,4,13,16,18],"killed_by":"Masked Bandits","ascension_level":4}}