{"host":"qw1m3zcvi888b4j7","time":1608164376,"event":{"mods":["BaseMod","Block Reminder","Colored Map","Colored Powertips","DeckTracker","Highlight Path","Hubris","Minty Spire (QoL Compilation)","Quick Restart","Rare Cards Sparkle","Relic Sorter","Relic Stats","Replay The Spire","StSLib","The Blue Laboratory","The Cursed"],"gold_per_floor":[115,115,115,190,34,34,69,30,83,110,125,139,159,191,191,296,296,309,323,323,4,4,4,33,33,33,58,58,76,95,115,115,115,115],"floor_reached":33,"playtime":1880,"items_purged":[],"score":371,"play_id":"933a5ca1-29f0-4ce9-921e-13e754f9ca79","local_time":"20201217011936","is_ascension_mode":true,"campfire_choices":[{"floor":6,"key":"RECALL"},{"data":"ReplayTheSpireMod:LeadingStrike","floor":15,"key":"SMITH"},{"data":"Life Link","floor":23,"key":"SMITH"},{"floor":25,"key":"REST"},{"floor":32,"key":"REST"}],"circlet_count":0,"master_deck":["Strike_R","Strike_R","Strike_R","Strike_R","Strike_R","Defend_R","Defend_R","Defend_R","Defend_R","Bash","hubris:ReadiedAction","ReplayTheSpireMod:LeadingStrike+1","Spot Weakness","Replay:Undeath\u0027s Touch","ReplayTheSpireMod:Corrosion Curse","Inflame","Dropkick","Thunderclap","Demonic Infusion","Headbutt+1","Replay:Undeath\u0027s Touch+1","hubris:SharpeningStone","Life Link+1","Infernal Blade","Carnage","Reckless Charge","Looming Evil","Body Slam+1","Life Link+1","True Grit+1","Cleave+1","Perfected Strike+1"],"relics":["Burning Blood","hubris:Icosahedron","NeowsBlessing","Happy Flower","Another Sword","Nunchaku","ReplayFunnel","hubris:TenFootPole","Cursed Key","ReplayTheSpireMod:TigerMarble","Potion Belt","hubris:IronBody","Counterbalance"],"acts_visited":["Exordium","TheCity"],"potions_floor_usage":[14,14,16,16,27,29,33],"damage_taken":[{"damage":0,"enemies":"Small Slimes","floor":1,"turns":1},{"damage":0,"enemies":"Gremlin Nob","floor":7,"turns":1},{"damage":0,"enemies":"3 Sentries","floor":10,"turns":2},{"damage":8,"enemies":"2 Louse","floor":11,"turns":3},{"damage":0,"enemies":"Cultist","floor":12,"turns":3},{"damage":4,"enemies":"Blue Slaver","floor":13,"turns":3},{"damage":23,"enemies":"Lagavulin","floor":14,"turns":4},{"damage":47,"enemies":"The Guardian","floor":16,"turns":8},{"damage":20,"enemies":"3 Byrds","floor":18,"turns":5},{"damage":3,"enemies":"Shell Parasite","floor":19,"turns":4},{"damage":35,"enemies":"Book of Stabbing","floor":24,"turns":4},{"damage":22,"enemies":"Slavers","floor":27,"turns":4},{"damage":34,"enemies":"Sentry and Sphere","floor":29,"turns":6},{"damage":8,"enemies":"Snake Plant","floor":30,"turns":2},{"damage":12,"enemies":"3 Cultists","floor":31,"turns":4},{"damage":65,"enemies":"Collector","floor":33,"turns":6}],"seed_played":"4123922650122083557","potions_obtained":[{"floor":1,"key":"GamblersBrew"},{"floor":7,"key":"blueLaboratory:RecallPotion"},{"floor":11,"key":"blueLaboratory:PhilterOfMotion"},{"floor":14,"key":"Ancient Potion"},{"floor":24,"key":"Reflective Coating"},{"floor":27,"key":"Regen Potion"},{"floor":31,"key":"ColorlessPotion"}],"is_trial":false,"path_per_floor":["M","?","?","?","$","R","E","$","T","E","M","M","M","E","R","B",null,"M","M","?","$","?","R","E","R","T","E","?","M","M","M","R","B"],"character_chosen":"IRONCLAD","items_purchased":["Happy Flower","Spot Weakness","Life Link","ReplayTheSpireMod:TigerMarble","Infernal Blade","Carnage"],"campfire_rested":2,"item_purchase_floors":[5,8,21,21,21,21],"current_hp_per_floor":[80,80,80,69,69,69,75,75,75,80,78,80,80,63,63,22,80,66,69,69,69,64,64,35,60,60,44,44,31,29,36,61,0,0],"gold":115,"neow_bonus":"THREE_ENEMY_KILL","is_daily":false,"chose_seed":false,"campfire_upgraded":2,"win_rate":0.0,"timestamp":1608164376,"path_taken":["M","?","?","?","$","R","E","$","T","E","M","M","M","E","R","BOSS","M","M","?","$","?","R","E","R","T","E","?","M","M","M","R","BOSS"],"items_purchased_type":["Relic","Card","Card","Relic","Card","Card"],"build_version":"2020-12-13","purchased_purges":0,"victory":false,"max_hp_per_floor":[80,80,80,80,80,80,80,80,80,80,80,80,80,80,80,80,80,80,80,80,80,85,85,85,85,85,85,85,85,85,85,85,85,85],"relic_stats":{"Nunchaku":[16],"Happy Flower":[19],"counters":[16,60],"Cursed Key":1,"obtain_stats":[{"ReplayFunnel":10,"Potion Belt":24,"NeowsBlessing":0,"Happy Flower":5,"Counterbalance":27,"Cursed Key":17,"Burning Blood":0,"Nunchaku":9,"hubris:Icosahedron":2,"Another Sword":7,"hubris:IronBody":26,"hubris:TenFootPole":14,"ReplayTheSpireMod:TigerMarble":21},{"ReplayFunnel":3,"Potion Belt":11,"NeowsBlessing":0,"Happy Flower":1,"Counterbalance":12,"Cursed Key":8,"Burning Blood":0,"Nunchaku":2,"hubris:Icosahedron":1,"Another Sword":2,"hubris:IronBody":11,"hubris:TenFootPole":7,"ReplayTheSpireMod:TigerMarble":10},{"ReplayFunnel":4,"Potion Belt":38,"NeowsBlessing":0,"Happy Flower":1,"Counterbalance":42,"Cursed Key":25,"Burning Blood":0,"Nunchaku":2,"hubris:Icosahedron":1,"Another Sword":2,"hubris:IronBody":38,"hubris:TenFootPole":17,"ReplayTheSpireMod:TigerMarble":34}],"Burning Blood":77},"card_choices":[{"not_picked":["Intimidate","Flex"],"picked":"hubris:ReadiedAction","floor":1},{"not_picked":["Sentinel","Wild Strike"],"picked":"ReplayTheSpireMod:LeadingStrike","floor":7},{"not_picked":["Hemokinesis","Rupture"],"picked":"Replay:Undeath\u0027s Touch","floor":10},{"not_picked":["Sentinel","Twin Strike"],"picked":"ReplayTheSpireMod:Corrosion Curse","floor":11},{"not_picked":["Pommel Strike","Clothesline"],"picked":"Inflame","floor":12},{"not_picked":["Feel No Pain","Whirlwind"],"picked":"Dropkick","floor":13},{"not_picked":["Sentinel","ReplayTheSpireMod:LeadingStrike"],"picked":"Thunderclap","floor":14},{"not_picked":["Double Tap","Fiend Fire"],"picked":"Demonic Infusion","floor":16},{"not_picked":["Power Through","Thunderclap"],"picked":"Headbutt+1","floor":18},{"not_picked":["Body Slam+1","Cleave"],"picked":"Replay:Undeath\u0027s Touch+1","floor":19},{"not_picked":["True Grit","Rupture"],"picked":"Reckless Charge","floor":24},{"not_picked":["Pummel+1","Blood for Blood"],"picked":"Body Slam+1","floor":27},{"not_picked":["Pommel Strike","Thunderclap"],"picked":"True Grit+1","floor":29},{"not_picked":["Demonic Infusion","Carnage"],"picked":"Cleave+1","floor":30},{"not_picked":["Wild Strike+1","Heavy Blade+1"],"picked":"Perfected Strike+1","floor":31}],"player_experience":105887,"relics_obtained":[{"floor":7,"key":"Another Sword"},{"floor":9,"key":"Nunchaku"},{"floor":10,"key":"ReplayFunnel"},{"floor":14,"key":"hubris:TenFootPole"},{"floor":24,"key":"Potion Belt"},{"floor":26,"key":"hubris:IronBody"},{"floor":27,"key":"Counterbalance"}],"event_choices":[{"damage_healed":0,"gold_gain":0,"player_choice":"Leave","damage_taken":0,"max_hp_gain":0,"max_hp_loss":0,"event_name":"The Cleric","floor":3,"gold_loss":0},{"damage_healed":0,"gold_gain":75,"player_choice":"Gather Gold","damage_taken":11,"max_hp_gain":0,"max_hp_loss":0,"event_name":"World of Goop","floor":4,"gold_loss":0},{"damage_healed":0,"gold_gain":0,"player_choice":"Read","damage_taken":0,"max_hp_gain":0,"max_hp_loss":0,"event_name":"The Library","floor":20,"gold_loss":0,"cards_obtained":["hubris:SharpeningStone"]},{"damage_healed":0,"gold_gain":0,"player_choice":"Shed Blood","damage_taken":20,"max_hp_gain":5,"max_hp_loss":0,"event_name":"Forgotten Altar","floor":22,"gold_loss":0},{"damage_healed":0,"gold_gain":0,"player_choice":"Copied","damage_taken":0,"max_hp_gain":0,"max_hp_loss":0,"event_name":"Duplicator","floor":28,"gold_loss":0,"cards_obtained":["Life Link"]}],"is_beta":false,"boss_relics":[{"not_picked":["Velvet Choker","Sozu"],"picked":"Cursed Key"}],"items_purged_floors":[],"is_endless":false,"potions_floor_spawned":[1,7,11,12,14,24,27,31],"killed_by":"Collector","ascension_level":1}}