{"host":"no0bdlpxzp7bzzks","time":1608187392,"event":{"mods":["BaseMod","Better Match","Block Reminder","Colored Map","Curses Come First","DeckTracker","Downfall","Duelist Mod","Filter the Spire","Highlight Path","Key Reminder","Minty Spire (QoL Compilation)","Permanent Neow","Relic Sorter","Relic Stats","Replay The Spire","StSLib"],"gold_per_floor":[125,140,157,284,304,316,316,347,272,303,288,308,96,110,123,221,321,321,332,364,384,63,63,63],"floor_reached":23,"playtime":4884,"items_purged":[],"score":311,"play_id":"e33b1b77-32aa-4b04-82f5-7cb9e756856d","local_time":"20201217004312","is_ascension_mode":true,"campfire_choices":[{"floor":1.0,"key":"DIG"},{"data":"theDuelist:VampireSorcerer","floor":9.0,"key":"SMITH"},{"floor":18,"key":"DIG"}],"circlet_count":0,"master_deck":["theDuelist:ZombieCorpse","theDuelist:ZombieCorpse","theDuelist:ArmoredZombie","theDuelist:ArmoredZombie","theDuelist:ClownZombie","theDuelist:ShallowGrave","theDuelist:TutanMask","theDuelist:VampireSorcerer+1","theDuelist:VampireFamiliar","theDuelist:TriWight","theDuelist:VendreadCore","theDuelist:Chopman","theDuelist:Chopman","theDuelist:RebornZombie","theDuelist:PatricianDarkness","theDuelist:FutureFusion","theDuelist:Chopman","theDuelist:BookMoon","theDuelist:GhostReaper","theDuelist:DoubleCoston","theDuelist:BookTaiyou","theDuelist:GhostrickMummy","theDuelist:RobbinZombie","theDuelist:ZombieNecronize","theDuelist:RelinquishedFusion","theDuelist:GhostBelle","theDuelist:VampireLord","theDuelist:VampireDuke","Mayhem","theDuelist:CardSafeReturn","theDuelist:ZombieMaster","theDuelist:BrilliantFusion","expansioncontent:Corrupt","theDuelist:Wightprincess"],"relics":["theDuelist:MillenniumPuzzle","theDuelist:CardPoolMinusRelic","theDuelist:CardPoolAddRelic","theDuelist:CardPoolRelic","theDuelist:CardPoolBasicRelic","theDuelist:BoosterPackPoolRelic","theDuelist:CardPoolSaveRelic","theDuelist:CardPoolOptionsRelic","White Beast Statue","theDuelist:MillenniumCoin","theDuelist:SolderToken","keyreminder:keyreminder","theDuelist:YugiMirror","downfall:HeartBlessingGreen","theDuelist:BlessingAnubis","Replay:Wanted Poster","theDuelist:SummonAnchor","Ornamental Fan","Bag of Preparation","theDuelist:MerchantPendant"],"acts_visited":["Exordium","TheCity"],"potions_floor_usage":[16,20,20,22,23],"damage_taken":[{"damage":8.0,"enemies":"Cultist","floor":2.0,"turns":5.0},{"damage":4.0,"enemies":"Jaw Worm","floor":3.0,"turns":5.0},{"damage":21.0,"enemies":"Gremlin Nob","floor":4.0,"turns":5.0},{"damage":0.0,"enemies":"2 Louse","floor":5.0,"turns":1.0},{"damage":0.0,"enemies":"Exordium Wildlife","floor":6.0,"turns":3.0},{"damage":0.0,"enemies":"Lagavulin","floor":8.0,"turns":7.0},{"damage":0.0,"enemies":"3 Sentries","floor":10.0,"turns":4.0},{"damage":3.0,"enemies":"downfall:FleeingMerchant","floor":11.0,"turns":4.0},{"damage":10,"enemies":"Large Slime","floor":12,"turns":3},{"damage":10,"enemies":"downfall:FleeingMerchant","floor":13,"turns":4},{"damage":0,"enemies":"2 Fungi Beasts","floor":14,"turns":3},{"damage":0,"enemies":"3 Louse","floor":15,"turns":5},{"damage":20,"enemies":"downfall:Ironclad","floor":16,"turns":4},{"damage":0,"enemies":"Chosen","floor":19,"turns":2},{"damage":21,"enemies":"Book of Stabbing","floor":20,"turns":5},{"damage":31,"enemies":"Centurion and Healer","floor":21,"turns":4},{"damage":0,"enemies":"downfall:FleeingMerchant","floor":22,"turns":4},{"damage":29,"enemies":"Snake Plant","floor":23,"turns":3}],"seed_played":"647162420236001555","potions_obtained":[{"floor":2.0,"key":"theDuelist:TributeBottle"},{"floor":3.0,"key":"theDuelist:BonePotion"},{"floor":4.0,"key":"Reflective Coating"},{"floor":5.0,"key":"SkillPotion"},{"floor":6.0,"key":"theDuelist:ReducerPotion"},{"floor":8.0,"key":"theDuelist:SoulPotion"},{"floor":11,"key":"theDuelist:BottledKuriboh"},{"floor":15,"key":"theDuelist:VoidBottle"},{"floor":16,"key":"LiquidMemories"},{"floor":19,"key":"theDuelist:StunPotion"},{"floor":20,"key":"theDuelist:BonePotion"},{"floor":21,"key":"Adrenaline Potion"},{"floor":22,"key":"FocusPotion"}],"is_trial":false,"path_per_floor":["R_BF","M","M","E","M","M","T","E","R","E","$","M","$","M","M","B",null,"R_BF","M","E","M","$","M"],"character_chosen":"THE_DUELIST","items_purchased":["theDuelist:DoubleCoston","theDuelist:ShiranuiSamuraisaga","theDuelist:VampireDuke","Bag of Preparation","theDuelist:MerchantPendant","Mayhem","theDuelist:CardSafeReturn","theDuelist:ZombieMaster","theDuelist:Pumprincess","theDuelist:BrilliantFusion","expansioncontent:Corrupt","theDuelist:Wightprincess"],"campfire_rested":0,"item_purchase_floors":[13,13,22,22,22,22,22,22,22,22,22,22],"current_hp_per_floor":[80,72,68,47,47,47,47,47,47,47,44,34,24,24,24,4,80,80,80,59,28,28,0,0],"gold":63,"neow_bonus":"THREE_CARDS","is_daily":false,"chose_seed":false,"campfire_upgraded":1,"win_rate":0.0,"timestamp":1608187392,"path_taken":["R_BF","M","?","E","M","?","T","E","R","E","$","M","$","M","M","BOSS","R_BF","?","E","M","$","M"],"items_purchased_type":["Card","Card","Card","Relic","Relic","Card","Card","Card","Card","Card","Card","Card"],"build_version":"2020-12-13","purchased_purges":0,"victory":false,"max_hp_per_floor":[80,80,80,80,80,80,80,80,80,80,80,80,80,80,80,80,80,80,80,80,80,80,80,80],"relic_stats":{"counters":[18,71],"Ornamental Fan":[4],"Bag of Preparation":[2],"obtain_stats":[{"theDuelist:SummonAnchor":18,"theDuelist:MillenniumCoin":4,"downfall:HeartBlessingGreen":9,"Bag of Preparation":22,"theDuelist:MerchantPendant":22,"theDuelist:MillenniumPuzzle":0,"theDuelist:CardPoolSaveRelic":0,"theDuelist:SolderToken":7,"White Beast Statue":1,"keyreminder:keyreminder":8,"Replay:Wanted Poster":17,"theDuelist:BoosterPackPoolRelic":0,"theDuelist:CardPoolMinusRelic":0,"theDuelist:YugiMirror":8,"Ornamental Fan":20,"theDuelist:CardPoolBasicRelic":0,"theDuelist:CardPoolAddRelic":0,"theDuelist:CardPoolOptionsRelic":0,"theDuelist:CardPoolRelic":0,"theDuelist:BlessingAnubis":10},{"theDuelist:SummonAnchor":13,"theDuelist:MillenniumCoin":3,"downfall:HeartBlessingGreen":6,"Bag of Preparation":17,"theDuelist:MerchantPendant":17,"theDuelist:MillenniumPuzzle":0,"theDuelist:CardPoolSaveRelic":0,"theDuelist:SolderToken":5,"White Beast Statue":0,"keyreminder:keyreminder":6,"Replay:Wanted Poster":13,"theDuelist:BoosterPackPoolRelic":0,"theDuelist:CardPoolMinusRelic":0,"theDuelist:YugiMirror":6,"Ornamental Fan":15,"theDuelist:CardPoolBasicRelic":0,"theDuelist:CardPoolAddRelic":0,"theDuelist:CardPoolOptionsRelic":0,"theDuelist:CardPoolRelic":0,"theDuelist:BlessingAnubis":7},{"theDuelist:SummonAnchor":53,"theDuelist:MillenniumCoin":15,"downfall:HeartBlessingGreen":26,"Bag of Preparation":68,"theDuelist:MerchantPendant":68,"theDuelist:MillenniumPuzzle":0,"theDuelist:CardPoolSaveRelic":0,"theDuelist:SolderToken":19,"White Beast Statue":0,"keyreminder:keyreminder":26,"Replay:Wanted Poster":53,"theDuelist:BoosterPackPoolRelic":0,"theDuelist:CardPoolMinusRelic":0,"theDuelist:YugiMirror":26,"Ornamental Fan":60,"theDuelist:CardPoolBasicRelic":0,"theDuelist:CardPoolAddRelic":0,"theDuelist:CardPoolOptionsRelic":0,"theDuelist:CardPoolRelic":0,"theDuelist:BlessingAnubis":30}]},"card_choices":[{"not_picked":["theDuelist:RelinquishedFusion","theDuelist:BattleFusion"],"picked":"theDuelist:VampireSorcerer","floor":0.0},{"not_picked":["theDuelist:ZombieWarrior","theDuelist:OvertexQoatlus","theDuelist:FireReaper","theDuelist:VendreadCharge"],"picked":"theDuelist:VampireFamiliar","floor":2.0},{"not_picked":["theDuelist:AshBlossom","theDuelist:SkullServant","theDuelist:Mezuki","theDuelist:IlBlud"],"picked":"theDuelist:TriWight","floor":3.0},{"not_picked":["theDuelist:NecroworldBanshee","theDuelist:FearFromDark","theDuelist:GhostrickWarwolf","theDuelist:VendreadNights"],"picked":"theDuelist:VendreadCore","floor":4.0},{"not_picked":["theDuelist:VampireFamiliar","theDuelist:ZombieWarrior","theDuelist:GhostrickSkeleton","theDuelist:RyuKokki"],"picked":"theDuelist:Chopman","floor":5.0},{"not_picked":["theDuelist:MechMoleZombie","theDuelist:VendreadReorigin","theDuelist:VendreadCore","theDuelist:VendreadHoundhorde"],"picked":"theDuelist:Chopman","floor":6.0},{"not_picked":["theDuelist:FuryFire","theDuelist:FossilDragon","theDuelist:PMCaptor","theDuelist:FlameGhost"],"picked":"theDuelist:RebornZombie","floor":8.0},{"not_picked":["theDuelist:ShiranuiSwordmaster","theDuelist:SkullFlame","theDuelist:DarkMirrorForce","theDuelist:RedMedicine"],"picked":"theDuelist:FutureFusion","floor":10.0},{"not_picked":["theDuelist:ClownZombie","theDuelist:VampireFamiliar","theDuelist:TriWight","theDuelist:VampireGenesis"],"picked":"theDuelist:Chopman","floor":11},{"not_picked":["theDuelist:FusionWeapon","theDuelist:VisionFusion","theDuelist:VampireDomain","theDuelist:VendreadNights"],"picked":"theDuelist:BookMoon","floor":12},{"not_picked":["theDuelist:SkullConductor","theDuelist:MechMoleZombie","theDuelist:VampireLady","theDuelist:CrimsonKnightVampire"],"picked":"theDuelist:GhostReaper","floor":13},{"not_picked":["theDuelist:FuryFire","theDuelist:BeastPharaoh","theDuelist:GhostrickDoll","theDuelist:GhostrickLantern"],"picked":"theDuelist:BookTaiyou","floor":14},{"not_picked":["theDuelist:GhostrickAlucard","theDuelist:GhostrickGhoul","theDuelist:GhostrickSkeleton","theDuelist:GhostrickYeti"],"picked":"theDuelist:GhostrickMummy","floor":15},{"not_picked":["theDuelist:DecayedCommander","theDuelist:FusionGuard","theDuelist:VendreadStriges","theDuelist:YukiOnnaAbsolute"],"picked":"theDuelist:RobbinZombie","floor":16},{"not_picked":["theDuelist:GhostrickStein","theDuelist:GhostSister","theDuelist:VampireBaby","theDuelist:ZombieWorld"],"picked":"theDuelist:ZombieNecronize","floor":19},{"not_picked":["theDuelist:UnderworldCannon","theDuelist:VendreadNights","theDuelist:ZombieWorld","theDuelist:SuperPolymerization"],"picked":"theDuelist:RelinquishedFusion","floor":20},{"not_picked":["theDuelist:MechMoleZombie","theDuelist:VampireGrimson","theDuelist:Wightprincess","theDuelist:UniZombie"],"picked":"theDuelist:GhostBelle","floor":21},{"not_picked":["theDuelist:VampireFamiliar","theDuelist:GhostrickMummy","theDuelist:GhostrickSkeleton","theDuelist:Tsukahagi"],"picked":"theDuelist:VampireLord","floor":22}],"player_experience":115896,"relics_obtained":[{"floor":1.0,"key":"White Beast Statue"},{"floor":4.0,"key":"theDuelist:MillenniumCoin"},{"floor":7.0,"key":"theDuelist:SolderToken"},{"floor":8.0,"key":"theDuelist:YugiMirror"},{"floor":10.0,"key":"theDuelist:BlessingAnubis"},{"floor":18,"key":"theDuelist:SummonAnchor"},{"floor":20,"key":"Ornamental Fan"}],"event_choices":[],"is_beta":false,"boss_relics":[{"not_picked":["Honey Jar","Empty Cage"],"picked":"Replay:Wanted Poster"}],"items_purged_floors":[],"is_endless":false,"potions_floor_spawned":[2,3,4,5,6,8,10,11,12,13,14,15,16,19,20,21,22],"killed_by":"Snake Plant","ascension_level":2}}