{"host":"a7kkotolxcg5vljr","time":1608171259,"event":{"mods":["2.2 Compatiblity","AchievementEnabler","Act Like it!","BaseMod","Better Altar","Better Skull","Better Third Choice","Colored Map","Colored Powertips","Downfall","Hermit","Highlight Path","Marisa????????","Minty Spire (QoL Compilation)","Quick Restart","Rare Cards Sparkle","Replay The Spire","Spicy Shops","StSLib","The Cursed","The Disciple","The Servant 0.9.4"],"gold_per_floor":[118,118,118,95,105,138,89,89,89,120,120,133,133,150,150,246,246,264,10,85,97,120,145,161,161,209,226,258,258,286,300,300,398,398,414,414,24,61,61,129,190,190,213,213,213,213,213,213,289,341,341,341,39,80,146],"floor_reached":56,"playtime":2085,"items_purged":[],"score":1537,"play_id":"59211efb-25de-4410-ad89-76e4121cf921","local_time":"20201216211419","is_ascension_mode":false,"campfire_choices":[{"floor":11,"key":"RECALL"},{"data":"Riddle With Holes","floor":13,"key":"SMITH"},{"data":"Eviscerate","floor":15,"key":"SMITH"},{"floor":29,"key":"REST"},{"data":"Reflex","floor":32,"key":"SMITH"},{"floor":42,"key":"REST"},{"data":"Calculated Gamble","floor":46,"key":"SMITH"},{"data":"Reflex","floor":52,"key":"SMITH"}],"circlet_count":0,"master_deck":["Strike_G","Strike_G","Strike_G","Strike_G","Strike_G+1","Defend_G","Defend_G","Defend_G+1","Defend_G+1","Defend_G","Survivor","Neutralize+1","Dash","Reflex+1","Riddle With Holes+1","Flying Knee","Quick Slash","Eviscerate+1","A Thousand Cuts+1","Reflex+1","Metamorphosis+1","All Out Attack+1","Phantasmal Killer+1","Backflip+1","Dagger Throw","Backflip+1","Phantasmal Killer+1","Underhanded Strike","Bullet Time+1","Predator+1","Mayhem+1","Backflip+1","Replay:Parry","Calculated Gamble+1","Dagger Throw+1","Flying Knee","Dark Shackles+1","Dark Shackles+1","ReplayTheSpireMod:From All Sides+1"],"relics":["Snecko Scales","Juzu Bracelet","The Courier","betterThird:SlimedRelic","ReplayTheSpireMod:TigerMarble","Gremlin Horn","Golden Egg","SlaversCollar","Membership Card","FossilizedHelix","Omamori","Replay:Baseball","Toy Ornithopter","HornCleat","Philosopher\u0027s Stone","Replay:Bandana","Bag of Marbles","Tingsha","Happy Flower","ReplayTheSpireMod:Shallot","Art of War","PreservedInsect","Blue Doll","WarpedTongs","Whetstone","BargainBundle","Pet Ghost","Onion Ring","Strawberry","War Paint"],"acts_visited":["Exordium","TheCity","TheBeyond","TheEnding"],"potions_floor_usage":[23,24,28,33,33,50,50,50,55,55,55],"damage_taken":[{"damage":0,"enemies":"Small Slimes","floor":1,"turns":3},{"damage":1,"enemies":"Jaw Worm","floor":5,"turns":3},{"damage":10,"enemies":"Gremlin Nob","floor":6,"turns":5},{"damage":0,"enemies":"Lagavulin","floor":10,"turns":6},{"damage":0,"enemies":"Cultist","floor":12,"turns":1},{"damage":0,"enemies":"Red Slaver","floor":14,"turns":2},{"damage":0,"enemies":"Slime Boss","floor":16,"turns":4},{"damage":2,"enemies":"2 Thieves","floor":18,"turns":2},{"damage":0,"enemies":"Chosen","floor":21,"turns":4},{"damage":13,"enemies":"Slavers","floor":23,"turns":3},{"damage":8,"enemies":"Snake Plant","floor":24,"turns":3},{"damage":0,"enemies":"3 Cultists","floor":27,"turns":3},{"damage":0,"enemies":"Gremlin Leader","floor":28,"turns":2},{"damage":0,"enemies":"Book of Stabbing","floor":30,"turns":2},{"damage":0,"enemies":"Shelled Parasite and Fungi","floor":31,"turns":3},{"damage":16,"enemies":"Pondfish","floor":33,"turns":6},{"damage":8,"enemies":"3 Shapes","floor":35,"turns":2},{"damage":0,"enemies":"3 Darklings","floor":38,"turns":2},{"damage":0,"enemies":"Reptomancer","floor":40,"turns":3},{"damage":11,"enemies":"Replay:Hell Engine","floor":50,"turns":5},{"damage":0,"enemies":"Shield and Spear","floor":54,"turns":2},{"damage":77,"enemies":"The Heart","floor":55,"turns":7}],"seed_played":"3308412003084037905","potions_obtained":[{"floor":1,"key":"Swift Potion"},{"floor":6,"key":"Explosive Potion"},{"floor":14,"key":"Elixir"},{"floor":23,"key":"SkillPotion"},{"floor":27,"key":"Weak Potion"},{"floor":31,"key":"Slimebound:ThreeZeroPotion"},{"floor":33,"key":"Elixir"},{"floor":40,"key":"Explosive Potion"},{"floor":41,"key":"SkillPotion"}],"is_trial":false,"path_per_floor":["M","?","?","?","M","E","$","?","T","E","R","M","R","M","R","B",null,"M","$","?","M","T","E","M","?","T","M","E","R","E","M","R","B",null,"M","?","$","M","?","E","?","R","T","?","?","R","T","?","R_BF","B",null,"R","$","E","B",null],"character_chosen":"THE_SILENT","items_purchased":["Riddle With Holes","Membership Card","Metamorphosis","FossilizedHelix","Bag of Marbles","Mayhem","Tingsha","Happy Flower","ReplayTheSpireMod:Shallot","BargainBundle","Pet Ghost","Onion Ring","Strawberry","ColorlessPotion","AttackPotion","SteroidPotion","Fire Potion","Dark Shackles"],"campfire_rested":2,"item_purchase_floors":[7,19,19,19,37,37,37,37,37,53,53,53,53,53,53,53,53,53],"current_hp_per_floor":[70,39,39,28,27,17,17,80,80,80,80,80,80,80,80,80,80,78,78,70,70,70,57,49,49,49,49,49,73,73,73,73,67,80,72,72,72,72,72,72,40,64,64,64,64,64,64,64,64,68,80,80,87,87,13],"gold":146,"neow_bonus":"BOSS_RELIC","is_daily":false,"chose_seed":false,"campfire_upgraded":5,"win_rate":0.0,"timestamp":1608171259,"path_taken":["M","?","?","?","M","E","$","?","T","E","R","M","R","M","R","BOSS","M","$","?","M","?","E","M","?","T","M","E","R","E","M","R","BOSS","M","?","$","M","?","E","?","R","T","?","?","R","?","?","R_BF","BOSS","R","$","E","BOSS"],"items_purchased_type":["Card","Relic","Card","Relic","Relic","Card","Relic","Relic","Relic","Relic","Relic","Relic","Relic","Potion","Potion","Potion","Potion","Card"],"build_version":"2020-12-13","purchased_purges":0,"victory":true,"max_hp_per_floor":[70,70,70,70,70,70,70,80,80,80,80,80,80,80,80,80,80,80,80,80,80,80,80,80,80,80,80,80,80,80,80,80,80,80,80,80,80,80,80,80,80,80,80,80,80,80,80,80,80,80,80,80,87,87,87],"card_choices":[{"not_picked":["Replay:Poison Smokescreen","Bane"],"picked":"Dash","floor":1},{"not_picked":["Choke","Replay:Poison Smokescreen"],"picked":"Reflex","floor":5},{"not_picked":["Deflect","Cloak And Dagger"],"picked":"Phantasmal Killer","floor":6},{"not_picked":["Crippling Poison","Deflect"],"picked":"Flying Knee","floor":10},{"not_picked":["Slice","Infinite Blades"],"picked":"Quick Slash","floor":12},{"not_picked":["Slice","Outmaneuver"],"picked":"Eviscerate","floor":14},{"not_picked":["Malaise","Replay:Bag of Tricks"],"picked":"A Thousand Cuts","floor":16},{"not_picked":["Flechettes","Dagger Spray+1"],"picked":"Reflex","floor":18},{"not_picked":["Deadly Poison","Hidden Blade"],"picked":"All Out Attack+1","floor":21},{"not_picked":["Blade Dance","Escape Plan+1"],"picked":"Phantasmal Killer","floor":23},{"not_picked":["Cloak And Dagger","Outmaneuver"],"picked":"Backflip+1","floor":24},{"not_picked":["Setup","Outmaneuver+1"],"picked":"Dagger Throw","floor":27},{"not_picked":["Terror","Flying Knee"],"picked":"Backflip+1","floor":28},{"not_picked":["ReplayTheSpireMod:From All Sides","Flying Knee"],"picked":"Phantasmal Killer","floor":30},{"not_picked":["Sneak Up+1","Blur"],"picked":"Underhanded Strike","floor":31},{"not_picked":["Adrenaline","Unload"],"picked":"Bullet Time","floor":33},{"not_picked":["Bane","Catalyst+1"],"picked":"Predator+1","floor":35},{"not_picked":["Dodge and Roll+1","Noxious Fumes+1"],"picked":"Backflip+1","floor":38},{"not_picked":["Replay:SS_hec_4","Mind Blast"],"picked":"Replay:Parry","floor":39},{"not_picked":["Blade Dance+1","Deadly Poison"],"picked":"Calculated Gamble","floor":40},{"not_picked":["Outmaneuver","Quick Slash"],"picked":"Dagger Throw","floor":41},{"not_picked":["Caltrops","Infinite Blades"],"picked":"Flying Knee","floor":41},{"not_picked":["Deflect","Blade Dance+1"],"picked":"ReplayTheSpireMod:From All Sides","floor":54}],"player_experience":338404,"relics_obtained":[{"floor":6,"key":"ReplayTheSpireMod:TigerMarble"},{"floor":9,"key":"Gremlin Horn"},{"floor":10,"key":"Golden Egg"},{"floor":22,"key":"Omamori"},{"floor":23,"key":"Replay:Baseball"},{"floor":28,"key":"Toy Ornithopter"},{"floor":30,"key":"HornCleat"},{"floor":36,"key":"Replay:Bandana"},{"floor":40,"key":"Art of War"},{"floor":41,"key":"PreservedInsect"},{"floor":43,"key":"Blue Doll"},{"floor":47,"key":"Whetstone"},{"floor":54,"key":"War Paint"}],"event_choices":[{"damage_healed":0,"gold_gain":1,"player_choice":"Relic Relic ","damage_taken":31,"max_hp_gain":0,"max_hp_loss":0,"event_name":"betterThird:BetterScrap","floor":2,"gold_loss":0,"cards_obtained":["Replay:Vibes"]},{"damage_healed":0,"gold_gain":0,"player_choice":"Grow","damage_taken":0,"max_hp_gain":0,"max_hp_loss":0,"event_name":"Living Wall","floor":3,"gold_loss":0,"cards_upgraded":["Neutralize"]},{"damage_healed":0,"gold_gain":0,"player_choice":"Slimed","damage_taken":11,"max_hp_gain":0,"max_hp_loss":0,"event_name":"betterThird:BetterGoop","floor":4,"gold_loss":23},{"cards_removed":["Phantasmal Killer"],"damage_healed":53,"gold_gain":0,"player_choice":"Offered Rare","damage_taken":0,"max_hp_gain":10,"max_hp_loss":0,"event_name":"Bonfire Elementals","floor":8,"gold_loss":0},{"damage_healed":0,"gold_gain":75,"player_choice":"Touch","damage_taken":8,"max_hp_gain":0,"max_hp_loss":0,"event_name":"FaceTrader","floor":20,"gold_loss":0},{"damage_healed":0,"gold_gain":0,"player_choice":"Ignored","damage_taken":0,"max_hp_gain":0,"max_hp_loss":0,"event_name":"Beggar","floor":25,"gold_loss":0},{"damage_healed":0,"gold_gain":0,"player_choice":"Relic","damage_taken":0,"max_hp_gain":0,"max_hp_loss":0,"event_name":"Wheel of Change","floor":36,"gold_loss":0},{"damage_healed":0,"gold_gain":0,"player_choice":"Memory 1","damage_taken":0,"max_hp_gain":0,"max_hp_loss":0,"event_name":"SensoryStone","floor":39,"gold_loss":0},{"damage_healed":0,"gold_gain":0,"player_choice":"Rummage","damage_taken":0,"relics_obtained":["WarpedTongs"],"max_hp_gain":0,"max_hp_loss":0,"event_name":"Accursed Blacksmith","floor":44,"gold_loss":0,"cards_obtained":["Pain"]},{"damage_healed":0,"gold_gain":0,"player_choice":"Ignored","damage_taken":0,"max_hp_gain":0,"max_hp_loss":0,"event_name":"OrinTheCat","floor":45,"gold_loss":0},{"damage_healed":0,"gold_gain":0,"player_choice":"Bought 0 Potions","damage_taken":0,"max_hp_gain":0,"max_hp_loss":0,"event_name":"The Woman in Blue","floor":48,"gold_loss":0}],"is_beta":false,"boss_relics":[{"not_picked":["Snecko Heart","Runic Pyramid"],"picked":"SlaversCollar"},{"not_picked":["Replay:Drink Me","Empty Cage"],"picked":"Philosopher\u0027s Stone"}],"items_purged_floors":[],"is_endless":false,"potions_floor_spawned":[1,6,14,16,21,23,27,31,33,40],"ascension_level":0}}