{"host":"5qewjvycy34u7aeo","time":1608163390,"event":{"mods":["Act Like it!","Aspiration","BaseMod","Conspire","Downfall","GifTheSpireLib","Hubris","Infinite Spire","Minty Spire (QoL Compilation)","Permanent Neow","Replay The Spire","Shop Mod","StSLib","Stuff the Spire"],"gold_per_floor":[99,99,130,130,147,162,187,203,203,153,174,239,50,50,77,182,182,132,141,169,191,234,263,287,237,256,288,309,328,328,355,382,487,487,437,473,482,432,451,401,401,401,319,342,371,428,498,517,546,546,546],"floor_reached":50,"playtime":4034,"items_purged":["Slimebound:Defend_Slimebound"],"score":666,"play_id":"84f9a6b8-8ac0-41b3-a2d6-559b1ec27198","local_time":"20201216160310","is_ascension_mode":false,"campfire_choices":[{"data":"Slimebound:Tackle","floor":1,"key":"SMITH"},{"data":"Slimebound:CorrosiveSpit","floor":4,"key":"SMITH"},{"data":"Slimebound:Split","floor":10,"key":"SMITH"},{"data":"Slimebound:HungryTackle","floor":18,"key":"SMITH"},{"data":"Slimebound:MinionMaster","floor":25,"key":"SMITH"},{"data":"Slimebound:SpikyOuterGoop","floor":35,"key":"SMITH"},{"data":"Slimebound:LevelUp","floor":38,"key":"SMITH"},{"floor":40,"key":"RECALL"}],"circlet_count":0,"master_deck":["Slimebound:Strike_Slimebound","Slimebound:Strike_Slimebound","Slimebound:Tackle+1","Slimebound:Defend_Slimebound","Slimebound:Defend_Slimebound","Slimebound:Defend_Slimebound","Slimebound:Split+1","Slimebound:CorrosiveSpit+1","Injury","Slimebound:Recollect+1","Slimebound:Repurpose+1","Slimebound:HauntingLick+1","Slimebound:RainOfGoop+1","Slimebound:SamplingLick+1","Slimebound:HungryTackle+1","Slimebound:SlimeTap+1","Slimebound:Teamwork+1","Slimebound:DouseInSlime+1","Slimebound:CheckThePlaybook+1","Slimebound:SamplingLick+1","Slimebound:RejuvenatingLick+1","Slimebound:MinionMaster+1","Slimebound:DivideAndConquer+1","Slimebound:SlimeTap+1","Slimebound:AcidTongue+1","Slimebound:TongueLash+1","Slimebound:Replication+1","Slimebound:SpikyOuterGoop+1","Slimebound:Overexert+1","Slimebound:Recollect+1","Slimebound:LevelUp+1","Slimebound:ViciousTackle+1","Slimebound:AcidTongue+1","Slimebound:LeadByExample","Slimebound:OozeBath+1","Slimebound:FormOfPuddle+1","ReplayTheSpireMod:Splinters","Slimebound:Gluttony+1","Slimebound:ItLooksTasty+1","Slimebound:Dissolve+1"],"relics":["Slimebound:AbsorbEndCombat","Happy Flower","Toxic Egg 2","Slimebound:SlimedTailRelic","CeramicFish","Slimebound:GreedOozeRelic","StuffTheSpire:Gunfinga","ReplayTheSpireMod:Shallot","Black Star","Mummified Hand","Toy Ornithopter","BranchBurnRelic","Slimebound:SlimedSkullRelic","Golden Egg","Sozu","StuffTheSpire:ForceGauntlet","StuffTheSpire:RubySignet","Bottled Flame","hubris:Towel","Molten Egg 2","hubris:Teleporter","hubris:TenFootPole"],"acts_visited":["Exordium","TheCity","TheBeyond"],"potions_floor_usage":[],"damage_taken":[{"damage":48,"enemies":"Gremlin Nob","floor":3,"turns":5},{"damage":8,"enemies":"Jaw Worm","floor":5,"turns":3},{"damage":4,"enemies":"2 Louse","floor":6,"turns":2},{"damage":8,"enemies":"Small Slimes","floor":8,"turns":4},{"damage":13,"enemies":"Blue Slaver","floor":11,"turns":4},{"damage":10,"enemies":"3 Sentries","floor":12,"turns":5},{"damage":11,"enemies":"downfall:FleeingMerchant","floor":13,"turns":4},{"damage":0,"enemies":"Exordium Thugs","floor":15,"turns":2},{"damage":8,"enemies":"downfall:Watcher","floor":16,"turns":4},{"damage":8,"enemies":"Shell Parasite","floor":20,"turns":3},{"damage":11,"enemies":"3 Byrds","floor":21,"turns":4},{"damage":8,"enemies":"Nightmare","floor":22,"turns":5},{"damage":8,"enemies":"Sentry and Sphere","floor":23,"turns":3},{"damage":14,"enemies":"conspire:HollyBat","floor":26,"turns":6},{"damage":11,"enemies":"conspire:SneckoGhost","floor":27,"turns":3},{"damage":2,"enemies":"Snake Plant","floor":28,"turns":2},{"damage":23,"enemies":"Shelled Parasite and Fungi","floor":29,"turns":4},{"damage":0,"enemies":"conspire:HollyBat","floor":31,"turns":4},{"damage":17,"enemies":"Chosen and Byrds","floor":32,"turns":5},{"damage":46,"enemies":"downfall:Ironclad","floor":33,"turns":5},{"damage":19,"enemies":"Nightmare","floor":36,"turns":5},{"damage":8,"enemies":"3 Shapes","floor":39,"turns":2},{"damage":14,"enemies":"downfall:FleeingMerchant","floor":43,"turns":4},{"damage":0,"enemies":"3 Darklings","floor":44,"turns":2},{"damage":12,"enemies":"4 Shapes","floor":45,"turns":3},{"damage":57,"enemies":"2 Orb Walkers","floor":46,"turns":5},{"damage":8,"enemies":"Sphere and 2 Shapes","floor":48,"turns":4},{"damage":8,"enemies":"Maw","floor":49,"turns":4},{"damage":65,"enemies":"downfall:Silent","floor":50,"turns":4}],"seed_played":"-7664998081355818679","potions_obtained":[{"floor":3,"key":"AttackPotion"},{"floor":6,"key":"Energy Potion"},{"floor":8,"key":"Weak Potion"},{"floor":12,"key":"Adrenaline Potion"},{"floor":27,"key":"Slimebound:SpawnSlimePotion"}],"is_trial":false,"path_per_floor":["R","?","E","R","M","M","T","M","?","R","M","?","$","T","M","B",null,"R","?","M","M","NM","M","T","R","M","E","M","M","?","M","M","B",null,"R","NM","?","R","M","R","T","?","$","M","M","?","?","M","M","B"],"character_chosen":"SLIMEBOUND","items_purchased":["Slimebound:SamplingLick+1","Slimebound:HungryTackle","Slimebound:SlimeTap+1","Molten Egg 2","Slimebound:ViciousTackle+1","Slimebound:AcidTongue"],"campfire_rested":0,"item_purchase_floors":[13,13,13,43,43,43],"current_hp_per_floor":[60,60,24,24,28,28,28,40,40,40,47,57,60,60,60,60,60,60,39,51,60,60,60,60,60,60,60,60,49,41,47,42,26,60,60,53,53,53,60,60,60,60,57,60,58,21,21,31,59,0,0],"gold":546,"neow_bonus":"RANDOM_COMMON_RELIC","is_daily":false,"chose_seed":false,"campfire_upgraded":7,"win_rate":0.0,"timestamp":1608163390,"path_taken":["R","?","E","R","M","M","T","M","?","R","M","?","?","?","M","BOSS","R","?","M","M","NM","M","T","R","M","E","M","M","?","?","M","BOSS","R","NM","?","R","M","R","T","?","$","M","?","?","?","M","M","BOSS"],"items_purchased_type":["Card","Card","Card","Relic","Card","Card"],"build_version":"2020-12-13","purchased_purges":1,"victory":false,"max_hp_per_floor":[60,60,60,60,60,60,60,60,60,60,60,60,60,60,60,60,60,60,60,60,60,60,60,60,60,60,60,60,60,60,60,60,60,60,60,60,60,60,60,60,60,60,60,60,60,60,60,60,60,60,60],"card_choices":[{"not_picked":["Slimebound:LivingWall+1","Slimebound:SplitBruiser+1"],"picked":"Slimebound:Recollect+1","floor":3},{"not_picked":["Slimebound:FinishingTackle","Slimebound:ComboTackle","Slimebound:LivingWall+1"],"picked":"SKIP","floor":5},{"not_picked":["Slimebound:ComboTackle","Slimebound:SamplingLick+1"],"picked":"Slimebound:Repurpose+1","floor":6},{"not_picked":["Slimebound:PressTheAttack","Slimebound:DisruptingSlam","Slimebound:LivingWall+1"],"picked":"SKIP","floor":8},{"not_picked":["Slimebound:SlimeBarrage","Slimebound:SplitMire+1"],"picked":"Slimebound:HauntingLick+1","floor":11},{"not_picked":["Slimebound:Schlurp+1","Slimebound:FirmFortitude"],"picked":"Slimebound:RainOfGoop+1","floor":12},{"not_picked":["Slimebound:PressTheAttack","Slimebound:Schlurp+1","Slimebound:LeechEnergy"],"picked":"SKIP","floor":13},{"not_picked":["Slimebound:PressTheAttack","Slimebound:Nibble"],"picked":"Slimebound:Teamwork+1","floor":15},{"not_picked":["Slimebound:MinionMaster","Slimebound:WasteNot+1"],"picked":"Slimebound:DouseInSlime+1","floor":16},{"not_picked":["Slimebound:ViciousTackle","Slimebound:RollThrough"],"picked":"Slimebound:SamplingLick+1","floor":20},{"not_picked":["Slimebound:RollThrough","Slimebound:ComboTackle+1"],"picked":"Slimebound:RejuvenatingLick+1","floor":21},{"not_picked":["Slimebound:SlimeSpikes+1","Slimebound:RollThrough"],"picked":"Slimebound:MinionMaster","floor":22},{"not_picked":["Slimebound:LeechingTouch","Slimebound:SlimeSpikes+1"],"picked":"Slimebound:DivideAndConquer+1","floor":23},{"not_picked":["Slimebound:PressTheAttack+1","Slimebound:SplitMire+1"],"picked":"Slimebound:SlimeTap+1","floor":26},{"not_picked":["Slimebound:SplitBruiser+1","Slimebound:ForwardTackle","Slimebound:ViciousTackle"],"picked":"SKIP","floor":27},{"not_picked":["Slimebound:SplitMire+1","Slimebound:DivideAndConquer+1"],"picked":"Slimebound:AcidTongue+1","floor":28},{"not_picked":["Slimebound:PressTheAttack","Slimebound:LeechingTouch"],"picked":"Slimebound:TongueLash","floor":29},{"not_picked":["Slimebound:FormOfPuddle+1","Slimebound:ComboTackle"],"picked":"Slimebound:Replication+1","floor":31},{"not_picked":["Slimebound:LeechingTouch","Slimebound:MinionMaster"],"picked":"Slimebound:SpikyOuterGoop","floor":32},{"not_picked":["Slimebound:SelfFormingGoo","Slimebound:MassFeed"],"picked":"Slimebound:Overexert","floor":33},{"not_picked":["Slimebound:SplitLeeching+1","Slimebound:PressTheAttack+1"],"picked":"Slimebound:Recollect+1","floor":36},{"not_picked":["Slimebound:LeechEnergy+1","Slimebound:PressTheAttack+1","Slimebound:SplitLeeching+1"],"picked":"SKIP","floor":39},{"not_picked":["Slimebound:FormOfPuddle+1","Slimebound:GoopSpray+1","Slimebound:RollThrough+1"],"picked":"SKIP","floor":43},{"not_picked":["Slimebound:SplitMire+1","Slimebound:MassFeed+1"],"picked":"Slimebound:LeadByExample","floor":44},{"not_picked":["Slimebound:GrowthPunch+1","Slimebound:Chomp+1"],"picked":"Slimebound:OozeBath+1","floor":45},{"not_picked":["Slimebound:PressTheAttack+1","Slimebound:FinishingTackle+1"],"picked":"Slimebound:FormOfPuddle+1","floor":46},{"not_picked":["Slimebound:DivideAndConquer+1","Slimebound:ViciousTackle+1"],"picked":"Slimebound:Gluttony+1","floor":47},{"not_picked":["Slimebound:PressTheAttack+1","Slimebound:Gluttony"],"picked":"Slimebound:ItLooksTasty+1","floor":48},{"not_picked":["Slimebound:SplitBruiser+1","Slimebound:GrowthPunch+1"],"picked":"Slimebound:Dissolve+1","floor":49}],"player_experience":345164,"relics_obtained":[{"floor":3,"key":"Slimebound:SlimedTailRelic"},{"floor":7,"key":"CeramicFish"},{"floor":14,"key":"ReplayTheSpireMod:Shallot"},{"floor":22,"key":"Dead Branch"},{"floor":22,"key":"Mummified Hand"},{"floor":24,"key":"Toy Ornithopter"},{"floor":27,"key":"Slimebound:SlimedSkullRelic"},{"floor":27,"key":"Golden Egg"},{"floor":36,"key":"StuffTheSpire:ForceGauntlet"},{"floor":36,"key":"StuffTheSpire:RubySignet"},{"floor":41,"key":"Bottled Flame"},{"floor":46,"key":"hubris:Teleporter"},{"floor":47,"key":"hubris:TenFootPole"}],"event_choices":[{"damage_healed":0,"gold_gain":0,"player_choice":"Fight","damage_taken":0,"max_hp_gain":0,"max_hp_loss":0,"event_name":"Mysterious Sphere","floor":46,"gold_loss":0}],"is_beta":false,"boss_relics":[{"not_picked":["ReplayTheSpireMod:SealedPack","Replay:Drink Me"],"picked":"Black Star"},{"not_picked":["infinitespire:Cupcake","Ring of Chaos"],"picked":"Sozu"}],"items_purged_floors":[43],"is_endless":true,"potions_floor_spawned":[3,6,8,12,21,27,28,31,32,33,44,45,46,48],"killed_by":"downfall:Silent","ascension_level":0}}