{"host":"2lo6hma6kymb0g9i","time":1608178804,"event":{"mods":["BaseMod","Colored Map","DeckTracker","Minty Spire (QoL Compilation)"],"gold_per_floor":[113,113,113,113,213,213,248,248,303,303,319,173,173,202,202,275,275,290,78,78,90,101,101,101],"floor_reached":23,"playtime":1311,"items_purged":["Strike_G","Strike_G"],"score":363,"play_id":"a3c4beeb-548d-44cf-a2cb-ea65cb7ddeab","local_time":"20201217132004","is_ascension_mode":true,"campfire_choices":[{"data":"Neutralize","floor":6,"key":"SMITH"},{"data":"Predator","floor":8,"key":"SMITH"},{"data":"Blade Dance","floor":10,"key":"SMITH"},{"data":"Envenom","floor":15,"key":"SMITH"}],"circlet_count":0,"master_deck":["AscendersBane","Strike_G","Strike_G","Strike_G","Defend_G","Defend_G+1","Defend_G+1","Defend_G","Defend_G","Survivor","Neutralize+1","Predator+1","Blade Dance+1","Well Laid Plans","A Thousand Cuts","Envenom+1","Phantasmal Killer","Deflect","Terror","Escape Plan","Underhanded Strike","Distraction+1"],"relics":["Ring of the Snake","NeowsBlessing","War Paint","Dream Catcher","Orichalcum","Runic Pyramid"],"acts_visited":["Exordium","TheCity"],"potions_floor_usage":[],"damage_taken":[{"damage":0,"enemies":"2 Louse","floor":1,"turns":1},{"damage":0,"enemies":"Lagavulin","floor":7,"turns":1},{"damage":0,"enemies":"Jaw Worm","floor":11,"turns":1},{"damage":33,"enemies":"Gremlin Nob","floor":14,"turns":4},{"damage":2,"enemies":"The Guardian","floor":16,"turns":12},{"damage":29,"enemies":"Spheric Guardian","floor":18,"turns":6},{"damage":10,"enemies":"3 Byrds","floor":21,"turns":5},{"damage":12,"enemies":"Snecko","floor":22,"turns":5},{"damage":32,"enemies":"Slavers","floor":23,"turns":3}],"seed_played":"-6476659301490356906","potions_obtained":[{"floor":1,"key":"GamblersBrew"},{"floor":14,"key":"SpeedPotion"},{"floor":18,"key":"FairyPotion"}],"is_trial":false,"path_per_floor":["M","$","?","$","?","R","E","R","T","R","M","$","?","E","R","B",null,"M","$","?","M","M","E"],"character_chosen":"THE_SILENT","items_purchased":["A Thousand Cuts","Terror","Escape Plan"],"campfire_rested":0,"item_purchase_floors":[12,19,19],"current_hp_per_floor":[63,63,63,63,63,63,63,63,63,63,63,63,68,35,35,33,65,36,36,36,26,14,13,13],"gold":101,"neow_bonus":"THREE_ENEMY_KILL","is_daily":false,"chose_seed":false,"campfire_upgraded":4,"win_rate":0.0,"timestamp":1608178804,"path_taken":["M","$","?","$","?","R","E","R","T","R","?","$","?","E","R","BOSS","M","$","?","M","M","E"],"items_purchased_type":["Card","Card","Card"],"build_version":"2020-12-13","purchased_purges":2,"victory":false,"max_hp_per_floor":[70,70,70,70,70,70,70,70,70,70,70,70,75,75,75,75,75,75,75,75,75,75,75,75],"card_choices":[{"not_picked":["Dodge and Roll","Caltrops"],"picked":"Predator","floor":1},{"not_picked":["Acrobatics","Flechettes"],"picked":"Blade Dance","floor":7},{"not_picked":["Cloak And Dagger","Slice"],"picked":"Well Laid Plans","floor":11},{"not_picked":["Crippling Poison","Dodge and Roll"],"picked":"Envenom","floor":14},{"not_picked":["Venomology","Storm of Steel"],"picked":"Phantasmal Killer","floor":16},{"not_picked":["Heel Hook+1","Cloak And Dagger"],"picked":"Deflect","floor":18},{"not_picked":["Escape Plan","Masterful Stab"],"picked":"Underhanded Strike","floor":21},{"not_picked":["Leg Sweep","Deadly Poison"],"picked":"Distraction+1","floor":22}],"player_experience":809985,"relics_obtained":[{"floor":7,"key":"War Paint"},{"floor":9,"key":"Dream Catcher"},{"floor":14,"key":"Orichalcum"}],"event_choices":[{"damage_healed":0,"gold_gain":0,"player_choice":"Ignored","damage_taken":0,"max_hp_gain":0,"max_hp_loss":0,"event_name":"Shining Light","floor":3,"gold_loss":0},{"damage_healed":0,"gold_gain":100,"player_choice":"Pray","damage_taken":0,"max_hp_gain":0,"max_hp_loss":0,"event_name":"Golden Shrine","floor":5,"gold_loss":0},{"damage_healed":0,"gold_gain":0,"player_choice":"Donut","damage_taken":0,"max_hp_gain":5,"max_hp_loss":0,"event_name":"Big Fish","floor":13,"gold_loss":0},{"damage_healed":0,"gold_gain":0,"player_choice":"Ignored","damage_taken":0,"max_hp_gain":0,"max_hp_loss":0,"event_name":"Vampires","floor":20,"gold_loss":0}],"is_beta":false,"boss_relics":[{"not_picked":["Tiny House","Philosopher\u0027s Stone"],"picked":"Runic Pyramid"}],"items_purged_floors":[12,19],"is_endless":false,"potions_floor_spawned":[1,14,18],"killed_by":"Slavers","ascension_level":13}}