{"host":"u0pt4wuoyrjgzhh2","time":1608220998,"event":{"mods":["AchievementEnabler","Act Like it!","Aspiration","BaseMod","Better Note","Better Vampires","BetterRewards","Block Reminder","Challenge The Spire","Colored Map","Colored Powertips","Conspire","Dota2Spire","Downfall","Gensokyo","Highlight Path","Hubris","Minty Spire (QoL Compilation)","MostiFishMod","Permanent Neow","Quick Restart","Relic Stats","Replay The Spire","Shop Mod","Spicy Shops","StSLib","SuperFastMode","TestMod","The Jungle","Wandering Minibosses","vexMod","【遗物卡牌】REMEMod"],"gold_per_floor":[113,123,23,40,58,58,68,102,102,131,147,173,173,199,199,330,380,410,410,444,168,198,198,246,268,349,349,44,76,136,136,136,254,254,291,93,118,118,197,252,252,314,340,398,398,437,474,474,474,550,550,550,15,69,151],"floor_reached":56,"playtime":3005,"items_purged":["Strike_G","Strike_G","Defend_G","Strike_G+1","Defend_G","Defend_G"],"score":1811,"play_id":"e7e38597-7021-4fec-ba2e-b37958533f7f","local_time":"20201218000318","is_ascension_mode":true,"campfire_choices":[{"data":"Blade Dance","floor":6.0,"key":"SMITH"},{"data":"Accuracy","floor":13.0,"key":"SMITH"},{"data":"Calculated Gamble","floor":15.0,"key":"SMITH"},{"data":"MostiFishMod:Dislodge","floor":23.0,"key":"SMITH"},{"data":"Well Laid Plans","floor":27.0,"key":"SMITH"},{"data":"REME_ACTH","floor":32.0,"key":"SMITH"},{"floor":41.0,"key":"RECALL"},{"data":"Reflex","floor":49.0,"key":"SMITH"},{"data":"Hologram","floor":52.0,"key":"SMITH"}],"circlet_count":0,"master_deck":["Strike_G+1","Defend_G","Survivor","Neutralize","MostiFishMod:InvigoratingSolution","Accuracy+1","Sneak Up+1","Deflect","Blade Dance+1","Calculated Gamble+1","Acrobatics","Terror","MostiFishMod:Dislodge+1","Well Laid Plans+1","Concentrate","Hologram+1","Echo Form","Reflex+1","Acrobatics+1","REME_ACTH+1"],"relics":["Ring of the Snake","testmod-TestBox","REME_ComplimentaryCards","Orrery","MerchantsRug","ClockworkSouvenir","testmod-Fanaticism","Chemical X","Question Card","conspire:TopHat","testmod-HeartOfDaVinci","Whetstone","Replay:Bandana","ImportantClient","Tiny House","Anchor","aspiration:Nostalgia","Cracked Core","Bag of Marbles","Bag of Preparation","Brimstone","vexMod:Dragonfruit","Replay:WaspNest","Replay:Grab Bag","hexamod:IceCube","vexMod:TanglingVine","TakeMeEscape","sneckomod:SneckoTalon","testmod-AssaultLearning","DaveBox","Eternal Feather","Mummified Hand","REME_HandOfSuture","testmod-LifeArmor","Sundial","Medical Kit","Lee\u0027s Waffle","hubris:Metronome"],"acts_visited":["Exordium","TheCity","TheBeyond","TheEnding"],"potions_floor_usage":[],"damage_taken":[{"damage":6.0,"enemies":"Cultist","floor":1.0,"turns":4.0},{"damage":6.0,"enemies":"conspire:RoseBush","floor":2.0,"turns":4.0},{"damage":0.0,"enemies":"2 Louse","floor":4.0,"turns":2.0},{"damage":0.0,"enemies":"Gremlin Gang","floor":5.0,"turns":5.0},{"damage":0.0,"enemies":"Exordium Thugs","floor":7.0,"turns":2.0},{"damage":11.0,"enemies":"Gremlin Nob","floor":8.0,"turns":3.0},{"damage":0.0,"enemies":"Lagavulin","floor":10.0,"turns":5.0},{"damage":0.0,"enemies":"Exordium Wildlife","floor":11.0,"turns":2.0},{"damage":5.0,"enemies":"Gremlin Nob","floor":12.0,"turns":3.0},{"damage":7.0,"enemies":"Looter","floor":14.0,"turns":2.0},{"damage":0.0,"enemies":"Hexaghost","floor":16.0,"turns":4.0},{"damage":0.0,"enemies":"2 Thieves","floor":18.0,"turns":3.0},{"damage":0.0,"enemies":"Chosen","floor":20.0,"turns":3.0},{"damage":64.0,"enemies":"Snake Plant","floor":22.0,"turns":6.0},{"damage":13.0,"enemies":"REME_1_Revenger","floor":24.0,"turns":3.0},{"damage":0.0,"enemies":"Snecko","floor":25.0,"turns":2.0},{"damage":0.0,"enemies":"Sentry and Sphere","floor":29.0,"turns":2.0},{"damage":0.0,"enemies":"conspire:Head Lice","floor":30.0,"turns":2.0},{"damage":11.0,"enemies":"Champ","floor":33.0,"turns":2.0},{"damage":0.0,"enemies":"3 Shapes","floor":35.0,"turns":1.0},{"damage":0.0,"enemies":"Orb Walker","floor":37.0,"turns":1.0},{"damage":0.0,"enemies":"Transient","floor":39.0,"turns":4.0},{"damage":0.0,"enemies":"Reptomancer","floor":40.0,"turns":2.0},{"damage":21.0,"enemies":"R_Hoarder","floor":42.0,"turns":3.0},{"damage":0.0,"enemies":"Giant Head","floor":44.0,"turns":3.0},{"damage":0.0,"enemies":"3 Darklings","floor":46.0,"turns":1.0},{"damage":0.0,"enemies":"Jaw Worm Horde","floor":47.0,"turns":1.0},{"damage":0.0,"enemies":"conspire:OrnateMirror","floor":50.0,"turns":1.0},{"damage":0.0,"enemies":"Shield and Spear","floor":54.0,"turns":2.0},{"damage":1,"enemies":"The Heart","floor":55,"turns":3}],"seed_played":"127428701167117314","potions_obtained":[{"floor":1.0,"key":"Milkshake"},{"floor":4.0,"key":"Weak Potion"},{"floor":5.0,"key":"ColorlessPotion"},{"floor":10.0,"key":"Regen Potion"},{"floor":19.0,"key":"Fire Potion"},{"floor":25.0,"key":"Dota2Spire:Clarity"},{"floor":30.0,"key":"AttackPotion"},{"floor":35.0,"key":"Venom Potion"},{"floor":44.0,"key":"GhostInAJar"}],"is_trial":false,"path_per_floor":["M","M","$","M","M","R","M","E","T","E","M","E","R","M","R","B",null,"M","?","M","$","M","R","E","M","T","R","$","M","E","T","R","B",null,"M","$","M","?","M","E","R","E","T","E","?","M","M","?","R","B",null,"R","$","E","B",null],"character_chosen":"THE_SILENT","items_purchased":["Orrery","MerchantsRug","ClockworkSouvenir","Anchor","aspiration:Nostalgia","Bag of Preparation","Brimstone","testmod-AssaultLearning","Medical Kit","Lee\u0027s Waffle","hubris:Metronome"],"campfire_rested":0,"item_purchase_floors":[0,0,0,21,21,28,28,36,53,53,53],"current_hp_per_floor":[42,36,36,36,36,36,36,25,25,25,25,20,20,13,13,13,75,75,75,75,75,56,56,70,70,70,70,70,70,75,75,75,80,80,80,80,80,80,80,80,80,80,80,80,80,80,80,80,80,80,80,80,87,87,86],"gold":151,"neow_bonus":"","is_daily":false,"chose_seed":false,"campfire_upgraded":8,"win_rate":0.0,"timestamp":1608220998,"path_taken":["M","?","$","M","M","R","?","E","T","E","M","E","R","M","R","BOSS","M","?","?","$","M","R","E","M","T","R","$","M","E","?","R","BOSS","M","$","M","?","M","E","R","E","T","E","?","M","?","?","R","BOSS","R","$","E","BOSS"],"items_purchased_type":["Relic","Relic","Relic","Relic","Relic","Relic","Relic","Relic","Relic","Relic","Relic"],"build_version":"2020-12-13","purchased_purges":6,"victory":true,"max_hp_per_floor":[70,70,70,70,70,70,70,70,70,70,70,70,70,70,70,70,75,75,75,75,75,75,75,75,75,75,75,75,75,80,80,80,80,80,80,80,80,80,80,80,80,80,80,80,80,80,80,80,80,80,80,80,87,87,87],"relic_stats":{"Lee\u0027s Waffle":7,"counters":[35,100],"Mummified Hand":[26],"Sundial":[70],"Eternal Feather":0,"Bag of Preparation":[32],"Chemical X":[0],"Whetstone":["Strike_G","Strike_G"],"Question Card":30,"Medical Kit":[6],"obtain_stats":[{"Tiny House":17,"testmod-PortableAltar":6,"testmod-LifeArmor":43,"BirthdayGift-Icosahedron":1,"Whetstone":10,"vexMod:TanglingVine":34,"testmod-Fanaticism":0,"Ccalipers":1,"DollysMirror":1,"Sundial":44,"Kunai":1,"Toxic Egg 2":0,"ImportantClient":16,"MerchantsRug":0,"testmod-TestBox":0,"Dota2Spire:UrnOfShadows":7,"aspiration:Nostalgia":21,"Replay:Grab Bag":34,"Eternal Feather":38,"Letter Opener":3,"Question Card":1,"sneckomod:SneckoTalon":34,"Brimstone":28,"Molten Egg 2":0,"ArrowTower":9,"Dota2Spire:PhaseBoots":1,"testmod-HeartOfDaVinci":9,"hubris:Metronome":7,"DaveBox":0,"SynthV":7,"Bag of Preparation":7,"testmod-Charity":0,"conspire:TopHat":8,"ClockworkSouvenir":0,"Replay:Bandana":12,"testmod-Motorcycle":4,"Mummified Hand":40,"Chemical X":0,"Cracked Core":21,"Ring of the Snake":0,"Lee\u0027s Waffle":53,"The Courier":0,"Replay:WaspNest":31,"Frozen Egg 2":0,"Medical Kit":53,"vexMod:Dragonfruit":30,"Anchor":21,"TakeMeEscape":34,"testmod-AssaultLearning":36,"Orrery":0,"REME_HandOfSuture":42,"Bag of Marbles":24,"Membership Card":7,"hexamod:BolsterEngine":5,"hexamod:IceCube":34,"REME_ComplimentaryCards":0},{"Tiny House":16,"testmod-PortableAltar":3,"testmod-LifeArmor":29,"BirthdayGift-Icosahedron":0,"Whetstone":12,"vexMod:TanglingVine":24,"testmod-Fanaticism":5,"Ccalipers":0,"DollysMirror":0,"Sundial":30,"Kunai":0,"Toxic Egg 2":0,"ImportantClient":16,"MerchantsRug":5,"testmod-TestBox":0,"Dota2Spire:UrnOfShadows":3,"aspiration:Nostalgia":18,"Replay:Grab Bag":24,"Eternal Feather":26,"Letter Opener":1,"Question Card":6,"sneckomod:SneckoTalon":24,"Brimstone":21,"Molten Egg 2":0,"ArrowTower":4,"Dota2Spire:PhaseBoots":0,"testmod-HeartOfDaVinci":11,"hubris:Metronome":3,"DaveBox":0,"SynthV":3,"Bag of Preparation":3,"testmod-Charity":0,"conspire:TopHat":11,"ClockworkSouvenir":5,"Replay:Bandana":14,"testmod-Motorcycle":2,"Mummified Hand":28,"Chemical X":5,"Cracked Core":18,"Ring of the Snake":0,"Lee\u0027s Waffle":33,"The Courier":0,"Replay:WaspNest":23,"Frozen Egg 2":0,"Medical Kit":33,"vexMod:Dragonfruit":23,"Anchor":18,"TakeMeEscape":24,"testmod-AssaultLearning":25,"Orrery":5,"REME_HandOfSuture":29,"Bag of Marbles":20,"Membership Card":3,"hexamod:BolsterEngine":3,"hexamod:IceCube":24,"REME_ComplimentaryCards":0},{"Tiny House":55,"testmod-PortableAltar":13,"testmod-LifeArmor":89,"BirthdayGift-Icosahedron":0,"Whetstone":44,"vexMod:TanglingVine":78,"testmod-Fanaticism":19,"Ccalipers":0,"DollysMirror":0,"Sundial":92,"Kunai":0,"Toxic Egg 2":0,"ImportantClient":55,"MerchantsRug":19,"testmod-TestBox":0,"Dota2Spire:UrnOfShadows":13,"aspiration:Nostalgia":61,"Replay:Grab Bag":78,"Eternal Feather":80,"Letter Opener":6,"Question Card":23,"sneckomod:SneckoTalon":78,"Brimstone":72,"Molten Egg 2":0,"ArrowTower":18,"Dota2Spire:PhaseBoots":0,"testmod-HeartOfDaVinci":39,"hubris:Metronome":13,"DaveBox":0,"SynthV":13,"Bag of Preparation":13,"testmod-Charity":0,"conspire:TopHat":39,"ClockworkSouvenir":19,"Replay:Bandana":49,"testmod-Motorcycle":11,"Mummified Hand":86,"Chemical X":19,"Cracked Core":61,"Ring of the Snake":0,"Lee\u0027s Waffle":95,"The Courier":0,"Replay:WaspNest":76,"Frozen Egg 2":0,"Medical Kit":95,"vexMod:Dragonfruit":76,"Anchor":61,"TakeMeEscape":78,"testmod-AssaultLearning":79,"Orrery":19,"REME_HandOfSuture":89,"Bag of Marbles":70,"Membership Card":13,"hexamod:BolsterEngine":13,"hexamod:IceCube":78,"REME_ComplimentaryCards":0}],"Ring of the Snake":[70]},"card_choices":[{"not_picked":["Leg Sweep","Sucker Punch"],"picked":"MostiFishMod:InvigoratingSolution","floor":0.0},{"not_picked":["Dagger Throw","MostiFishMod:PerfectParry"],"picked":"Accuracy","floor":0.0},{"not_picked":["Underhanded Strike","conspire:DoublingDagger"],"picked":"Sneak Up","floor":0.0},{"not_picked":["Flying Knee","Underhanded Strike","Dagger Spray"],"picked":"SKIP","floor":1.0},{"not_picked":["Bane","MostiFishMod:PerfectParry","Dagger Throw"],"picked":"Blade Dance","floor":2.0},{"not_picked":["Flying Knee","Catalyst","Dodge and Roll"],"picked":"Calculated Gamble","floor":4.0},{"not_picked":["Sucker Punch","Eviscerate","Cloak And Dagger","Crippling Poison"],"picked":"SKIP","floor":5.0},{"not_picked":["hubris:SlightOfHand","ReplayTheSpireMod:Shiv Toss","MostiFishMod:Confrontation"],"picked":"Acrobatics","floor":7.0},{"not_picked":["Draining Mist","Deadly Poison","Dodge and Roll","Dagger Throw"],"picked":"SKIP","floor":8.0},{"not_picked":["Quick Slash","Dagger Spray","Expertise"],"picked":"Terror","floor":10.0},{"not_picked":["MostiFishMod:InvigoratingSolution","Deflect","Cloak And Dagger","Accuracy"],"picked":"SKIP","floor":11.0},{"not_picked":["Poisoned Stab","REME_ShadowStrike","Hidden Blade","Calculated Gamble"],"picked":"SKIP","floor":12.0},{"not_picked":["Dagger Throw","Backflip","Dodge and Roll","Bane"],"picked":"SKIP","floor":14.0},{"not_picked":["Unload","Corpse Explosion","Die Die Die"],"picked":"MostiFishMod:Dislodge","floor":16.0},{"not_picked":["REME_GreenPollution","Deflect","hubris:SlightOfHand"],"picked":"Well Laid Plans","floor":17.0},{"not_picked":["Underhanded Strike+1","Masterful Stab+1","Blade Dance","Replay:Poison Smokescreen+1"],"picked":"SKIP","floor":18.0},{"not_picked":["Blur+1","Dagger Throw","Dodge and Roll"],"picked":"Concentrate","floor":20.0},{"not_picked":["Footwork","Masterful Stab","MostiFishMod:PerfectParry"],"picked":"Reflex","floor":22.0},{"not_picked":["Poisoned Stab","ReplayTheSpireMod:Exploit Weakness","Deadly Poison+1","Quick Slash"],"picked":"SKIP","floor":24.0},{"not_picked":["Slice+1","Prepared","Blur+1"],"picked":"Acrobatics+1","floor":25.0},{"not_picked":["MostiFishMod:ThornCasing","MostiFishMod:PerfectParry","Dagger Spray+1","Dagger Throw+1"],"picked":"SKIP","floor":29.0},{"not_picked":["Envenom","Deflect","Dagger Spray","hubris:SlightOfHand"],"picked":"SKIP","floor":30.0},{"not_picked":["Envenom","Deflect","Dagger Spray","hubris:SlightOfHand"],"picked":"SKIP","floor":30.0},{"not_picked":["Outmaneuver+1","Flechettes","Noxious Fumes+1","Dagger Spray"],"picked":"SKIP","floor":35.0},{"not_picked":["Well Laid Plans+1","ReplayTheSpireMod:Exploit Weakness","Hidden Blade","Prepared"],"picked":"SKIP","floor":37.0},{"not_picked":["Bane+1","MostiFishMod:PreservedThorns","Deflect","Heel Hook"],"picked":"SKIP","floor":39.0},{"not_picked":["Draining Mist","Bane+1","Endless Agony+1","MostiFishMod:Confrontation"],"picked":"SKIP","floor":40.0},{"not_picked":["hubris:SlightOfHand","Outmaneuver+1","Quick Slash+1","Dodge and Roll+1"],"picked":"SKIP","floor":42.0},{"not_picked":["Underhanded Strike","Bane","Skewer","Dagger Throw"],"picked":"SKIP","floor":44.0},{"not_picked":["ReplayTheSpireMod:The Works","Fluid Movement+1","Corpse Explosion","MostiFishMod:PerfectParry"],"picked":"SKIP","floor":46.0},{"not_picked":["Acrobatics","Sucker Punch+1","Deflect","Hidden Blade"],"picked":"SKIP","floor":47.0},{"not_picked":["ReplayTheSpireMod:Speed Training","Footwork","Draining Mist+1","Burst"],"picked":"SKIP","floor":54}],"player_experience":131704,"relics_obtained":[{"floor":1.0,"key":"Question Card"},{"floor":8.0,"key":"conspire:TopHat"},{"floor":9.0,"key":"testmod-HeartOfDaVinci"},{"floor":10.0,"key":"Whetstone"},{"floor":12.0,"key":"Replay:Bandana"},{"floor":16.0,"key":"ImportantClient"},{"floor":24.0,"key":"Bag of Marbles"},{"floor":30.0,"key":"vexMod:Dragonfruit"},{"floor":31.0,"key":"Replay:WaspNest"},{"floor":40.0,"key":"Mummified Hand"},{"floor":42.0,"key":"REME_HandOfSuture"},{"floor":43.0,"key":"testmod-LifeArmor"},{"floor":44.0,"key":"Sundial"}],"event_choices":[{"damage_healed":0.0,"max_hp_gain":0.0,"max_hp_loss":0.0,"gold_gain":0.0,"event_name":"Lab","player_choice":"Got Potions","floor":19.0,"gold_loss":0.0,"damage_taken":0.0},{"damage_healed":0.0,"max_hp_gain":0.0,"max_hp_loss":0.0,"gold_gain":0.0,"event_name":"给自己的盒子","player_choice":"Swap Relic","floor":38.0,"relics_lost":["DaveBox"],"gold_loss":0.0,"damage_taken":0.0,"relics_obtained":["DaveBox"]},{"cards_removed":["Defend_G"],"damage_healed":0.0,"max_hp_gain":0.0,"max_hp_loss":0.0,"gold_gain":0.0,"event_name":"Purifier","player_choice":"Purged","floor":45.0,"gold_loss":0.0,"damage_taken":0.0},{"damage_healed":0.0,"max_hp_gain":0.0,"max_hp_loss":0.0,"gold_gain":0.0,"event_name":"Tomb of Lord Red Mask","player_choice":"Ignored","floor":48.0,"gold_loss":0.0,"damage_taken":0.0}],"is_beta":false,"boss_relics":[{"not_picked":["Sozu","testmod-KeyOfTheVoid"],"picked":"Tiny House"},{"not_picked":["aspiration:SecretTechniqueScroll","aspiration:PoetsPen_weak"],"picked":"Replay:Grab Bag"},{"not_picked":["hubris:CrackedHourglass","vexMod:DeviousBotling"],"picked":"hexamod:IceCube"},{"not_picked":["SlaversCollar","Cursed Key"],"picked":"vexMod:TanglingVine"},{"not_picked":["testmod-Recursion","testmod-TimeTraveler"],"picked":"TakeMeEscape"},{"not_picked":["testmod-StringDisintegrator","aspiration:DefectSkillbook"],"picked":"sneckomod:SneckoTalon"}],"items_purged_floors":[0,3,21,28,36,53],"is_endless":false,"potions_floor_spawned":[1,4,5,10,12,14,25,30,35,44],"ascension_level":3}}