{"host":"egyxg9lnjq7g2hmw","time":1608199649,"event":{"mods":["AchievementEnabler","BaseMod","Block Reminder","Colored Map","Colored Powertips","Highlight Path","Minty Spire (QoL Compilation)","Rare Cards Sparkle","StSLib"],"gold_per_floor":[118,136,61,77,77,110,110,35,60,72,86,7,7,18,18,95,95,106,106,106,119,139,139,139,171,171,171,171],"floor_reached":27,"playtime":1723,"items_purged":["Strike_G"],"score":443,"play_id":"a8ecf6dd-ea7e-402b-b739-72e0d61885bf","local_time":"20201217020729","is_ascension_mode":true,"campfire_choices":[{"data":"Noxious Fumes","floor":7,"key":"SMITH"},{"floor":15,"key":"REST"},{"floor":23,"key":"REST"}],"circlet_count":0,"master_deck":["AscendersBane","Strike_G","Strike_G","Defend_G","Defend_G","Defend_G","Defend_G","Defend_G","Survivor","Neutralize","Dash","Noxious Fumes+1","Well Laid Plans","Quick Slash","Bane","Crippling Poison","Die Die Die","Acrobatics","Envenom","Outmaneuver","Decay","Escape Plan","PiercingWail","Footwork"],"relics":["Ring of the Snake","Blood Vial","Dream Catcher","Snecko Eye","Centennial Puzzle","Orichalcum"],"acts_visited":["Exordium","TheCity"],"potions_floor_usage":[10,16,25],"damage_taken":[{"damage":5,"enemies":"Small Slimes","floor":1,"turns":6},{"damage":0,"enemies":"2 Louse","floor":2,"turns":3},{"damage":5,"enemies":"Cultist","floor":4,"turns":4},{"damage":38,"enemies":"Lagavulin","floor":6,"turns":9},{"damage":28,"enemies":"Exordium Thugs","floor":10,"turns":6},{"damage":7,"enemies":"Large Slime","floor":11,"turns":6},{"damage":0,"enemies":"Looter","floor":14,"turns":4},{"damage":36,"enemies":"Slime Boss","floor":16,"turns":10},{"damage":31,"enemies":"Shell Parasite","floor":18,"turns":7},{"damage":13,"enemies":"Chosen","floor":21,"turns":4},{"damage":5,"enemies":"Snecko","floor":22,"turns":5},{"damage":36,"enemies":"Gremlin Leader","floor":25,"turns":6},{"damage":12,"enemies":"Chosen and Byrds","floor":27,"turns":3}],"seed_played":"-5636796686418748054","potions_obtained":[{"floor":1,"key":"Strength Potion"},{"floor":4,"key":"SkillPotion"},{"floor":14,"key":"BlessingOfTheForge"},{"floor":16,"key":"Swift Potion"},{"floor":25,"key":"PowerPotion"}],"is_trial":false,"path_per_floor":["M","M","?","M","?","E","R","$","T","M","M","$","?","M","R","B",null,"M","?","?","M","M","R","?","E","T","M"],"character_chosen":"THE_SILENT","items_purchased":["Die Die Die"],"campfire_rested":2,"item_purchase_floors":[12],"current_hp_per_floor":[60,60,60,55,72,34,34,34,34,8,3,3,27,29,50,16,58,29,29,29,18,15,36,36,2,2,0,0],"gold":171,"neow_bonus":"TEN_PERCENT_HP_BONUS","is_daily":false,"chose_seed":false,"campfire_upgraded":1,"win_rate":0.0,"timestamp":1608199649,"path_taken":["M","M","?","M","?","E","R","$","T","?","M","?","?","M","R","BOSS","M","?","?","M","?","R","?","E","T","M"],"items_purchased_type":["Card"],"build_version":"2020-12-13","purchased_purges":1,"victory":false,"max_hp_per_floor":[72,72,72,72,72,72,72,72,72,72,72,72,72,72,72,72,72,72,72,72,72,72,72,72,72,72,72,72],"card_choices":[{"not_picked":["Setup","Sucker Punch"],"picked":"Dash","floor":1},{"not_picked":["Sucker Punch","Eviscerate"],"picked":"Noxious Fumes","floor":2},{"not_picked":["Caltrops","Dagger Spray"],"picked":"Well Laid Plans","floor":4},{"not_picked":["Terror","Reflex"],"picked":"Quick Slash","floor":6},{"not_picked":["Sucker Punch","Deadly Poison"],"picked":"Bane","floor":10},{"not_picked":["Dagger Throw","Underhanded Strike"],"picked":"Crippling Poison","floor":11},{"not_picked":["Infinite Blades","Storm of Steel","Dagger Spray"],"picked":"SKIP","floor":14},{"not_picked":["Dagger Throw","Bane"],"picked":"Acrobatics","floor":15},{"not_picked":["Storm of Steel","Night Terror"],"picked":"Envenom","floor":16},{"not_picked":["Underhanded Strike","Flying Knee"],"picked":"Outmaneuver","floor":18},{"not_picked":["Bane","Dagger Throw","Cloak And Dagger"],"picked":"SKIP","floor":21},{"not_picked":["Deadly Poison","Well Laid Plans"],"picked":"Escape Plan","floor":22},{"not_picked":["Deflect","Deadly Poison"],"picked":"PiercingWail","floor":23},{"not_picked":["Well Laid Plans","Quick Slash"],"picked":"Footwork","floor":25}],"player_experience":494971,"relics_obtained":[{"floor":6,"key":"Blood Vial"},{"floor":9,"key":"Dream Catcher"},{"floor":25,"key":"Centennial Puzzle"},{"floor":26,"key":"Orichalcum"}],"event_choices":[{"cards_removed":["Strike_G"],"damage_healed":0,"gold_gain":0,"player_choice":"Card Removal","damage_taken":0,"max_hp_gain":0,"max_hp_loss":0,"event_name":"The Cleric","floor":3,"gold_loss":75},{"damage_healed":17,"gold_gain":0,"player_choice":"Full Heal","damage_taken":0,"max_hp_gain":0,"max_hp_loss":0,"event_name":"Wheel of Change","floor":5,"gold_loss":0},{"damage_healed":24,"gold_gain":0,"player_choice":"Banana","damage_taken":0,"max_hp_gain":0,"max_hp_loss":0,"event_name":"Big Fish","floor":13,"gold_loss":0},{"cards_removed":["Strike_G"],"damage_healed":0,"gold_gain":0,"player_choice":"Elegance","damage_taken":0,"max_hp_gain":0,"max_hp_loss":0,"event_name":"Back to Basics","floor":19,"gold_loss":0},{"damage_healed":0,"gold_gain":0,"player_choice":"Smashed Altar","damage_taken":0,"max_hp_gain":0,"max_hp_loss":0,"event_name":"Forgotten Altar","floor":20,"gold_loss":0,"cards_obtained":["Decay"]},{"damage_healed":0,"gold_gain":0,"player_choice":"Ignored","damage_taken":0,"max_hp_gain":0,"max_hp_loss":0,"event_name":"The Mausoleum","floor":24,"gold_loss":0}],"is_beta":false,"boss_relics":[{"not_picked":["Runic Pyramid","Empty Cage"],"picked":"Snecko Eye"}],"items_purged_floors":[8],"is_endless":false,"potions_floor_spawned":[1,4,14,16,18,22,25],"killed_by":"Chosen and Byrds","ascension_level":18}}