{"host":"phzz6vgtixj4nwio","time":1608228503,"event":{"mods":["BaseMod","GifTheSpireLib","Minty Spire (QoL Compilation)","StSLib","The Animator"],"gold_per_floor":[112,122,152,169,83,83,83,119,119,119,80,96,96,107,107,229,229,264,275,297,168,178,178,209,209,209,134,134,144,158,169,169,271,296,312,312,312,333,46,109,109,109,211,236,261,286,286,306,306,306],"floor_reached":51,"playtime":3041,"items_purged":[],"score":664,"play_id":"9e60bbb0-402f-49a7-bf90-d39ed4aeb195","local_time":"20201217180823","is_ascension_mode":false,"campfire_choices":[{"floor":7,"key":"RECALL"},{"floor":10,"key":"REST"},{"floor":15,"key":"REST"},{"floor":23,"key":"REST"},{"floor":32,"key":"REST"},{"floor":42,"key":"REST"},{"floor":44,"key":"DIG"},{"floor":46,"key":"DIG"},{"floor":49,"key":"REST"}],"circlet_count":0,"master_deck":["animator:Strike_Fate+1","animator:Defend_Fate+1","animator:Alexander","animator:Rider","animator:KyokoSakura","animator:Berserker","animator:Lancer","animator:Strike_OwariNoSeraph+1","animator:Strike_FullmetalAlchemist+1","animator:Strike_TenSura+1","animator:Defend_NoGameNoLife+1","animator:Defend_GATE+1","animator:Defend_Kancolle+1","animator:Lancer","animator:ShinjiMatou","animator:HigakiRinne","animator:ShinjiMatou","animator:Sora","animator:Archer+1","animator:Archer+1","animator:MisaKurobane","animator:Pride","animator:Assassin","animator:Jibril","animator:EmiyaShirou","animator:Berserker","animator:Gilgamesh+6","animator:RinTohsaka","animator:ChlammyZell","animator:SakuraMatou+1","Writhe","Parasite","animator:KyokoSakura+1"],"relics":["animator:VividPicture","animator:TheMissingPiece","Frozen Egg 2","Mercury Hourglass","Centennial Puzzle","Pantograph","Fusion Hammer","animator:EngravedStaff","Shovel","Mummified Hand","Gremlin Horn","Bottled Tornado","animator:Buoy"],"acts_visited":["Exordium","TheCity","TheBeyond"],"potions_floor_usage":[30,33,35,40,50,50],"damage_taken":[{"damage":0,"enemies":"2 Louse","floor":1,"turns":3},{"damage":0,"enemies":"Jaw Worm","floor":2,"turns":3},{"damage":0,"enemies":"Cultist","floor":3,"turns":3},{"damage":0,"enemies":"Large Slime","floor":4,"turns":5},{"damage":26,"enemies":"Exordium Wildlife","floor":8,"turns":5},{"damage":6,"enemies":"Exordium Thugs","floor":12,"turns":5},{"damage":6,"enemies":"Gremlin Gang","floor":14,"turns":3},{"damage":1,"enemies":"Slime Boss","floor":16,"turns":5},{"damage":0,"enemies":"Spheric Guardian","floor":18,"turns":2},{"damage":3,"enemies":"3 Byrds","floor":19,"turns":3},{"damage":15,"enemies":"Snake Plant","floor":20,"turns":3},{"damage":4,"enemies":"Snecko","floor":22,"turns":3},{"damage":39,"enemies":"Slavers","floor":24,"turns":4},{"damage":5,"enemies":"Sentry and Sphere","floor":29,"turns":3},{"damage":5,"enemies":"Centurion and Healer","floor":30,"turns":3},{"damage":9,"enemies":"Chosen and Byrds","floor":31,"turns":4},{"damage":21,"enemies":"Collector","floor":33,"turns":6},{"damage":6,"enemies":"3 Darklings","floor":35,"turns":4},{"damage":17,"enemies":"Orb Walker","floor":38,"turns":3},{"damage":29,"enemies":"Nemesis","floor":40,"turns":5},{"damage":4,"enemies":"Writhing Mass","floor":48,"turns":3},{"damage":51,"enemies":"Time Eater","floor":50,"turns":9}],"seed_played":"455258266006020554","potions_obtained":[{"floor":4,"key":"SkillPotion"},{"floor":8,"key":"DuplicationPotion"},{"floor":12,"key":"FearPotion"},{"floor":30,"key":"SkillPotion"},{"floor":33,"key":"ColorlessPotion"},{"floor":35,"key":"Energy Potion"},{"floor":48,"key":"FearPotion"}],"is_trial":false,"path_per_floor":["M","M","M","M","?","?","R","M","T","R","$","M","?","M","R","B",null,"M","M","M","$","M","R","E","?","T","?","$","M","M","M","R","B",null,"M","?","?","M","$","E","?","R","T","R","T","R","?","M","R","B",null],"character_chosen":"THE_ANIMATOR","items_purchased":["animator:Lancer","animator:Archer+1","animator:MisaKurobane","animator:EngravedStaff"],"campfire_rested":6,"item_purchase_floors":[11,21,21,39],"current_hp_per_floor":[66,66,66,67,67,42,42,16,16,36,36,31,31,25,45,44,68,68,65,50,50,46,66,29,29,29,29,29,25,20,11,32,36,71,65,65,65,48,48,19,37,58,58,58,58,58,58,54,71,20],"gold":306,"neow_bonus":"THREE_CARDS","is_daily":false,"chose_seed":false,"campfire_upgraded":0,"win_rate":0.0,"timestamp":1608228503,"path_taken":["M","M","M","M","?","?","R","M","T","R","?","M","?","M","R","BOSS","M","M","M","$","?","R","E","?","T","?","?","M","M","M","R","BOSS","M","?","?","?","$","E","?","R","T","R","?","R","?","M","R","BOSS"],"items_purchased_type":["Card","Card","Card","Relic"],"build_version":"2020-12-13","purchased_purges":0,"victory":true,"max_hp_per_floor":[66,66,66,67,67,67,67,67,67,67,67,68,68,68,68,68,68,68,68,68,68,68,68,70,70,70,70,70,71,71,71,71,71,71,71,71,71,71,71,71,71,71,71,71,71,71,71,71,71,71],"card_choices":[{"not_picked":["animator:Konayuki","animator:IrohaTamaki"],"picked":"animator:KyokoSakura","floor":0},{"not_picked":["animator:Gillette","animator:DolaCouronne","animator:ChlammyZell"],"picked":"SKIP","floor":1},{"not_picked":["animator:Sebas","animator:MamiTomoe","animator:Viivi"],"picked":"SKIP","floor":2},{"not_picked":["animator:ChaikaBohdan","animator:DolaRiku"],"picked":"animator:Berserker","floor":3},{"not_picked":["animator:Caster","animator:RinTohsaka"],"picked":"animator:Lancer","floor":4},{"not_picked":["animator:Azekura","animator:DolaRiku"],"picked":"animator:Caster","floor":8},{"not_picked":["animator:YachiyoNanami+1","animator:AcuraAkari"],"picked":"animator:ShinjiMatou","floor":12},{"not_picked":["animator:MaesHughes","animator:UneriGinkaku"],"picked":"animator:ShinjiMatou","floor":14},{"not_picked":["animator:HomuraAkemi","animator:Envy+1"],"picked":"animator:Sora","floor":16},{"not_picked":["animator:EmiyaShirou","animator:Caster"],"picked":"animator:Archer+1","floor":18},{"not_picked":["animator:PandorasActor+1","animator:SuzuneAmano","animator:ElricEdward"],"picked":"SKIP","floor":19},{"not_picked":["animator:Gluttony","animator:DolaRiku","animator:MamiTomoe+1"],"picked":"SKIP","floor":20},{"not_picked":["animator:SayakaMiki","animator:Guy"],"picked":"animator:Pride","floor":22},{"not_picked":["animator:Rider","animator:Lancer"],"picked":"animator:Assassin","floor":24},{"not_picked":["animator:Gluttony","animator:ElricEdward+1"],"picked":"animator:Jibril","floor":29},{"not_picked":["animator:Hitei+1","animator:IzunaHatsuse"],"picked":"animator:EmiyaShirou","floor":30},{"not_picked":["animator:NagisaMomoe","animator:Hitei+1"],"picked":"animator:Berserker","floor":31},{"not_picked":["animator:Envy+1","animator:HigakiRinne"],"picked":"animator:Gilgamesh","floor":33},{"not_picked":["animator:Berserker","animator:ShinjiMatou"],"picked":"animator:RinTohsaka","floor":35},{"not_picked":["animator:Evileye+1","animator:UneriGinkaku+1"],"picked":"animator:SakuraMatou+1","floor":38},{"not_picked":["animator:DolaRiku+1","animator:Konayuki","animator:OrikoMikuni+1"],"picked":"SKIP","floor":40},{"not_picked":["animator:Caster","animator:ZankiKiguchi+1"],"picked":"animator:KyokoSakura+1","floor":48}],"player_experience":556696,"relics_obtained":[{"floor":9,"key":"Mercury Hourglass"},{"floor":24,"key":"Centennial Puzzle"},{"floor":26,"key":"Pantograph"},{"floor":40,"key":"Shovel"},{"floor":43,"key":"Mummified Hand"},{"floor":44,"key":"Gremlin Horn"},{"floor":45,"key":"Bottled Tornado"},{"floor":46,"key":"animator:Buoy"}],"event_choices":[{"damage_healed":0,"gold_gain":0,"player_choice":"Success","damage_taken":25,"relics_obtained":["Frozen Egg 2"],"max_hp_gain":0,"max_hp_loss":0,"event_name":"Scrap Ooze","floor":6,"gold_loss":0},{"damage_healed":0,"gold_gain":0,"player_choice":"2 cards matched","damage_taken":0,"max_hp_gain":0,"max_hp_loss":0,"event_name":"Match and Keep!","floor":13,"gold_loss":0,"cards_obtained":["animator:Cirno","animator:HigakiRinne"]},{"damage_healed":0,"gold_gain":0,"player_choice":"Simplicity","damage_taken":0,"max_hp_gain":0,"max_hp_loss":0,"event_name":"Back to Basics","floor":25,"gold_loss":0,"cards_upgraded":["animator:Strike_Fate","animator:Defend_Fate","animator:Strike_OwariNoSeraph","animator:Strike_FullmetalAlchemist","animator:Strike_TenSura","animator:Defend_NoGameNoLife","animator:Defend_GATE","animator:Defend_Kancolle"]},{"cards_removed":["animator:Cirno"],"damage_healed":0,"gold_gain":0,"player_choice":"Gave Gold","damage_taken":0,"max_hp_gain":0,"max_hp_loss":0,"event_name":"Beggar","floor":27,"gold_loss":75},{"damage_healed":0,"gold_gain":0,"player_choice":"Ignored","damage_taken":0,"max_hp_gain":0,"max_hp_loss":0,"event_name":"Tomb of Lord Red Mask","floor":36,"gold_loss":0},{"damage_healed":0,"gold_gain":0,"cards_transformed":["animator:Caster"],"player_choice":"Transformed","damage_taken":0,"max_hp_gain":0,"max_hp_loss":0,"event_name":"Transmorgrifier","floor":37,"gold_loss":0,"cards_obtained":["animator:ChlammyZell"]},{"damage_healed":18,"gold_gain":0,"player_choice":"Writhe","damage_taken":0,"max_hp_gain":0,"max_hp_loss":0,"event_name":"Winding Halls","floor":41,"gold_loss":0,"cards_obtained":["Writhe"]},{"damage_healed":0,"gold_gain":0,"player_choice":"Ignored","damage_taken":0,"max_hp_gain":0,"max_hp_loss":0,"event_name":"Mysterious Sphere","floor":47,"gold_loss":0}],"is_beta":false,"boss_relics":[{"not_picked":["Busted Crown","Empty Cage"],"picked":"animator:VividPicture"},{"not_picked":["animator:CursedBlade","Cursed Key"],"picked":"Fusion Hammer"}],"items_purged_floors":[],"is_endless":false,"potions_floor_spawned":[4,8,12,19,30,33,35,48],"ascension_level":0}}