{"host":"y15j0sqd0it1yzon","time":1608239325,"event":{"mods":["AchievementEnabler","Act Like it!","BaseMod","Elementarium","Gensokyo","Infinite Spire","Menagerie","Minty Spire (QoL Compilation)","Replay The Spire","StSLib","The Jungle"],"gold_per_floor":[112,112,132,132,57,87,106,106,187,197,197,197,266,277,289,304,304,403,403,413,28,45,115,18,46,46,46,46,81,81,95,95,115,115,220,220,233,233,252,252,262,262,262],"floor_reached":42,"playtime":5676,"items_purged":["Languid","Writhe"],"score":488,"play_id":"5bc23958-9334-409a-ad23-02d27318a611","local_time":"20201217210845","is_ascension_mode":false,"campfire_choices":[{"data":"Bouncing Flask","floor":17,"key":"SMITH"},{"floor":26,"key":"REST"},{"floor":32,"key":"REST"},{"floor":34,"key":"REST"}],"circlet_count":0,"master_deck":["Strike_G","Strike_G","Defend_G","Defend_G","Survivor","Neutralize","Cloak And Dagger","Deadly Poison","Blade Dance","Noxious Fumes","Backflip","Bouncing Flask","Bouncing Flask+1","Footwork","Adrenaline","Menagerie:BloodySpellbook","Infinite Blades","Deadly Poison+1","Cloak And Dagger","Dark Shackles","Venomology","Escape Plan+1","infinitespire:FutureSight","Cloak And Dagger+1","PiercingWail+1","infinitespire:Neurotoxin","Backflip+1"],"relics":["Ring of the Snake","NeowsBlessing","ReplayTheSpireMod:Ring of Sloth","infinitespire:Lucky Rock","Bronze Scales","ReplayTheSpireMod:Shallot","Question Card","Kintsugi","The Specimen","Blue Doll","Du-Vu Doll","Mummified Hand","Pen Nib","Black Star"],"acts_visited":["Exordium","TheCity","TheBeyond"],"potions_floor_usage":[18,25,29,33,35,35,39,41,42,42,42,42],"damage_taken":[{"damage":0,"enemies":"Jaw Worm","floor":1,"turns":1},{"damage":0,"enemies":"Small Slimes","floor":3,"turns":1},{"damage":0,"enemies":"Gremlin Nob","floor":6,"turns":1},{"damage":0,"enemies":"Cultist","floor":7,"turns":3},{"damage":0,"enemies":"2 Fungi Beasts","floor":10,"turns":4},{"damage":2,"enemies":"Large Slime","floor":14,"turns":6},{"damage":0,"enemies":"Exordium Wildlife","floor":15,"turns":5},{"damage":0,"enemies":"3 Louse","floor":16,"turns":3},{"damage":9,"enemies":"The Guardian","floor":18,"turns":7},{"damage":0,"enemies":"Shell Parasite","floor":20,"turns":4},{"damage":0,"enemies":"Chosen","floor":22,"turns":4},{"damage":51,"enemies":"Slavers","floor":25,"turns":5},{"damage":0,"enemies":"Book of Stabbing","floor":29,"turns":4},{"damage":6,"enemies":"Snecko","floor":31,"turns":4},{"damage":0,"enemies":"Centurion and Healer","floor":33,"turns":5},{"damage":49,"enemies":"Champ","floor":35,"turns":9},{"damage":6,"enemies":"3 Shapes","floor":37,"turns":4},{"damage":3,"enemies":"Orb Walker","floor":39,"turns":4},{"damage":21,"enemies":"Jaw Worm Horde","floor":41,"turns":4},{"damage":48,"enemies":"Giant Head","floor":42,"turns":7}],"seed_played":"2700884540880713310","potions_obtained":[{"floor":3,"key":"Poison Potion"},{"floor":7,"key":"Elixir"},{"floor":18,"key":"Explosive Potion"},{"floor":23,"key":"Strength Potion"},{"floor":25,"key":"FearPotion"},{"floor":29,"key":"CunningPotion"},{"floor":35,"key":"Languid Potion"},{"floor":39,"key":"Poison Potion"},{"floor":41,"key":"Strength Potion"}],"is_trial":false,"path_per_floor":["M","?","M","?","$","E","M","?","T","M","PTL","PTL","T","M","M","M","R","B",null,"M","$","M","?","$","E","R","?","T","E","AVR","M","R","M","R","B",null,"M","?","M","?","M","E"],"character_chosen":"THE_SILENT","items_purchased":["The Specimen","Dark Shackles"],"campfire_rested":3,"item_purchase_floors":[21,24],"current_hp_per_floor":[70,70,70,63,63,63,63,63,63,63,63,63,63,61,61,61,61,52,70,70,70,70,70,70,19,40,40,40,40,40,34,55,55,70,21,70,64,64,61,61,40,0,0],"gold":262,"neow_bonus":"THREE_ENEMY_KILL","is_daily":false,"chose_seed":false,"campfire_upgraded":1,"win_rate":0.0,"timestamp":1608239325,"path_taken":["M","?","M","?","?","E","M","?","T","?","PTL","PTL","?","M","M","M","R","BOSS","M","$","M","?","$","E","R","?","T","E","AVR","M","R","M","R","BOSS","M","?","?","?","?","E"],"items_purchased_type":["Relic","Card"],"build_version":"2020-12-13","purchased_purges":2,"victory":false,"max_hp_per_floor":[70,70,70,70,70,70,70,70,70,70,70,70,70,70,70,70,70,70,70,70,70,70,70,70,70,70,70,70,70,70,70,70,70,70,70,70,70,70,70,70,70,70,70],"card_choices":[{"not_picked":["Eviscerate","Dagger Throw"],"picked":"Cloak And Dagger","floor":1},{"not_picked":["PiercingWail","ReplayTheSpireMod:The Works"],"picked":"Deadly Poison","floor":3},{"not_picked":["Distraction","Dagger Throw"],"picked":"Blade Dance","floor":6},{"not_picked":["Deadly Poison","Leg Sweep"],"picked":"Noxious Fumes","floor":7},{"not_picked":["Blur","Blade Dance"],"picked":"Backflip","floor":10},{"not_picked":["Bane","ReplayTheSpireMod:Tripwire","Fluid Movement"],"picked":"Bouncing Flask","floor":14},{"not_picked":["Acrobatics","Poisoned Stab","ReplayTheSpireMod:Speed Training"],"picked":"Bouncing Flask","floor":15},{"not_picked":["Setup","Dagger Spray","PiercingWail"],"picked":"Footwork","floor":16},{"not_picked":["Phantasmal Killer","Envenom","Poison Darts"],"picked":"Adrenaline","floor":18},{"not_picked":["Concentrate","Dagger Throw","Blur"],"picked":"Infinite Blades","floor":20},{"not_picked":["Bane+1","Blade Dance","Dagger Spray","Underhanded Strike+1"],"picked":"SKIP","floor":22},{"not_picked":["Hidden Blade","Wraith Form v2","Poisoned Stab"],"picked":"Deadly Poison+1","floor":23},{"not_picked":["Quick Slash","Bouncing Flask","Deadly Poison+1"],"picked":"Cloak And Dagger","floor":23},{"not_picked":["Cloak And Dagger","Backflip","Reflex+1"],"picked":"Venomology","floor":25},{"not_picked":["Prepared+1","Predator","Bane"],"picked":"Escape Plan+1","floor":29},{"not_picked":["Concentrate","Bane","Distraction"],"picked":"Cloak And Dagger+1","floor":31},{"not_picked":["Sucker Punch+1","Heel Hook","Leg Sweep"],"picked":"PiercingWail+1","floor":33},{"not_picked":["Malaise","Night Terror","Corpse Explosion"],"picked":"infinitespire:Neurotoxin","floor":35},{"not_picked":["Hidden Blade","Underhanded Strike+1","Outmaneuver+1","Bane"],"picked":"SKIP","floor":37},{"not_picked":["ReplayTheSpireMod:Exploit Weakness","Deflect+1","Quick Slash"],"picked":"Backflip+1","floor":39},{"not_picked":["Skewer","Slice+1","Quick Slash","Blade Dance+1"],"picked":"SKIP","floor":41}],"player_experience":356712,"relics_obtained":[{"floor":2,"key":"ReplayTheSpireMod:Ring of Sloth"},{"floor":6,"key":"Bronze Scales"},{"floor":9,"key":"ReplayTheSpireMod:Shallot"},{"floor":13,"key":"Question Card"},{"floor":23,"key":"Blue Doll"},{"floor":25,"key":"Du-Vu Doll"},{"floor":28,"key":"Mummified Hand"},{"floor":29,"key":"Pen Nib"}],"event_choices":[{"damage_healed":0,"gold_gain":0,"player_choice":"Success","damage_taken":7,"relics_obtained":["infinitespire:Lucky Rock"],"max_hp_gain":0,"max_hp_loss":0,"event_name":"Scrap Ooze","floor":4,"gold_loss":0},{"damage_healed":0,"gold_gain":0,"player_choice":"Ignored","damage_taken":0,"max_hp_gain":0,"max_hp_loss":0,"event_name":"Ghosts","floor":27,"gold_loss":0},{"damage_healed":0,"gold_gain":0,"player_choice":"Ignored","damage_taken":0,"max_hp_gain":0,"max_hp_loss":0,"event_name":"SecretPortal","floor":38,"gold_loss":0},{"damage_healed":0,"gold_gain":0,"player_choice":"Ignored","damage_taken":0,"max_hp_gain":0,"max_hp_loss":0,"event_name":"Transmorgrifier","floor":40,"gold_loss":0}],"is_beta":false,"boss_relics":[{"not_picked":["Runic Pyramid","Ring of the Serpent"],"picked":"Kintsugi"},{"not_picked":["Fusion Hammer","Replay:Drink Me"],"picked":"Black Star"}],"items_purged_floors":[5,21],"is_endless":false,"potions_floor_spawned":[3,7,18,25,29,35,39,41],"killed_by":"Giant Head","ascension_level":0}}