{"host":"l4jj3li0klahglqo","time":1608177154,"event":{"mods":["BaseMod","Conspire","Hubris","Infinite Spire","Marisa????????","Minty Spire (QoL Compilation)","Quick Restart","Replay The Spire","Shop Mod","StSLib","The Animator"],"gold_per_floor":[116,135,23,35,52,83,83,158,208,225,237,237,256,45,45,147,147,147],"floor_reached":17,"playtime":937,"items_purged":["Strike_R"],"score":231,"play_id":"4b52fcbd-6dc0-4eb8-b561-4f77ce260358","local_time":"20201216215234","is_ascension_mode":true,"campfire_choices":[{"floor":7,"key":"REST"},{"data":"Armaments","floor":12,"key":"SMITH"}],"circlet_count":0,"master_deck":["Bash","Impervious","Defy Death","Armaments+1","True Grit","animator:Curse_GriefSeed","Fire Breathing","Intimidate","Carnage","ReplayTheSpireMod:Muscle Training","Spot Weakness","Fire Breathing","Juggernaut","True Grit","Sword Boomerang","Impervious","Massacre","Twin Strike","hubris:ReadiedAction","Burning Pact","Battle Trance"],"relics":["Burning Blood","ReplayTheSpireMod:CursedCoin","White Beast Statue","Mango","Smiling Mask","Pandora\u0027s Box"],"acts_visited":["Exordium","TheCity"],"potions_floor_usage":[5,6,10,11,13,16],"damage_taken":[{"damage":2,"enemies":"Small Slimes","floor":1,"turns":5},{"damage":0,"enemies":"2 Louse","floor":2,"turns":2},{"damage":3,"enemies":"Jaw Worm","floor":4,"turns":6},{"damage":14,"enemies":"Blue Slaver","floor":5,"turns":3},{"damage":45,"enemies":"Lagavulin","floor":6,"turns":9},{"damage":6,"enemies":"2 Fungi Beasts","floor":10,"turns":3},{"damage":9,"enemies":"Looter","floor":11,"turns":4},{"damage":29,"enemies":"Gremlin Gang","floor":13,"turns":6},{"damage":19,"enemies":"Slime Boss","floor":16,"turns":9}],"seed_played":"-8376665501591873648","potions_obtained":[{"floor":4,"key":"SteroidPotion"},{"floor":5,"key":"Milkshake"},{"floor":6,"key":"AttackPotion"},{"floor":10,"key":"Regen Potion"},{"floor":11,"key":"SpeedPotion"},{"floor":13,"key":"Toxic Potion"},{"floor":16,"key":"Venom Potion"}],"is_trial":false,"path_per_floor":["M","M","$","M","M","E","R","?","T","M","M","R","M","$","R","B",null],"character_chosen":"IRONCLAD","items_purchased":["ReplayTheSpireMod:CursedCoin","White Beast Statue","Juggernaut","True Grit"],"campfire_rested":1,"item_purchase_floors":[3,3,14,14],"current_hp_per_floor":[55,61,61,64,56,31,59,48,48,48,54,54,31,31,31,18,75,75],"gold":147,"neow_bonus":"TRANSFORM_TWO_CARDS","is_daily":false,"chose_seed":false,"campfire_upgraded":1,"win_rate":0.0,"timestamp":1608177154,"path_taken":["M","M","$","M","M","E","R","?","T","M","M","R","M","$","R","BOSS"],"items_purchased_type":["Relic","Relic","Card","Card"],"build_version":"2020-12-13","purchased_purges":1,"victory":false,"max_hp_per_floor":[80,80,80,80,80,94,94,94,94,94,94,94,94,94,94,94,94,94],"card_choices":[{"not_picked":["hubris:SharpeningStone","Blood for Blood"],"picked":"Armaments","floor":1},{"not_picked":["Anger","Body Slam"],"picked":"True Grit","floor":2},{"not_picked":["Armaments","Warcry"],"picked":"Fire Breathing","floor":4},{"not_picked":["Battle Trance","Entrench"],"picked":"Intimidate","floor":5},{"not_picked":["Run Through","Iron Wave"],"picked":"Carnage","floor":6},{"not_picked":["Flex","True Grit"],"picked":"ReplayTheSpireMod:Muscle Training","floor":10},{"not_picked":["Uppercut","hubris:ReadiedAction"],"picked":"Spot Weakness","floor":11},{"not_picked":["Shockwave","Sword Boomerang"],"picked":"Fire Breathing","floor":13},{"not_picked":["Exhume","Brutality"],"picked":"Impervious","floor":16}],"player_experience":1202225,"relics_obtained":[{"floor":6,"key":"Mango"},{"floor":9,"key":"Smiling Mask"}],"event_choices":[{"damage_healed":0,"gold_gain":75,"player_choice":"Gather Gold","damage_taken":11,"max_hp_gain":0,"max_hp_loss":0,"event_name":"World of Goop","floor":8,"gold_loss":0}],"is_beta":false,"boss_relics":[{"not_picked":["conspire:SpecialSausage","hubris:HollowSoul"],"picked":"Pandora\u0027s Box"}],"items_purged_floors":[14],"is_endless":false,"potions_floor_spawned":[4,5,6,10,11,13,16],"ascension_level":9}}