{"host":"d7fd5aa1my0gmokc","time":1608194365,"event":{"mods":["AchievementEnabler","BaseMod","DeckTracker","Minty Spire (QoL Compilation)","Prisma Mod","Relic Stats","StSLib","SuperFastMode","everything is the same but u backflip on backflip"],"gold_per_floor":[368,110,110,125,144,158,233,248,248,275,275,300,311,331,331,435,435,435,435],"floor_reached":18,"playtime":505,"items_purged":["Regret"],"score":224,"play_id":"8591c3a8-a621-49e2-891e-2784eeb603c0","local_time":"20201217173925","is_ascension_mode":false,"campfire_choices":[{"data":"Demon Form","floor":11.0,"key":"SMITH"},{"floor":15.0,"key":"RECALL"}],"circlet_count":0,"master_deck":["Bash","Apotheosis+1","Body Slam","Demon Form+1","Shrug It Off","Disarm","Flame Barrier","Limit Break","Intimidate","Sentinel","Battle Trance","Dark Embrace","Fiend Fire","Ghostly Armor","Clothesline","Sever Soul","Impervious"],"relics":["Burning Blood","FossilizedHelix","Paper Frog","Gambling Chip","Pandora\u0027s Box"],"acts_visited":["Exordium","TheCity"],"potions_floor_usage":[],"damage_taken":[{"damage":11.0,"enemies":"2 Louse","floor":1.0,"turns":4.0},{"damage":0.0,"enemies":"Cultist","floor":4.0,"turns":3.0},{"damage":1.0,"enemies":"Jaw Worm","floor":5.0,"turns":3.0},{"damage":1.0,"enemies":"2 Fungi Beasts","floor":6.0,"turns":4.0},{"damage":10.0,"enemies":"3 Louse","floor":8.0,"turns":4.0},{"damage":2.0,"enemies":"3 Sentries","floor":10.0,"turns":7.0},{"damage":16.0,"enemies":"Gremlin Nob","floor":12.0,"turns":4.0},{"damage":0.0,"enemies":"Looter","floor":13.0,"turns":3.0},{"damage":0.0,"enemies":"Large Slime","floor":14.0,"turns":4.0},{"damage":0,"enemies":"Slime Boss","floor":16,"turns":8},{"damage":0,"enemies":"3 Byrds","floor":18,"turns":1}],"seed_played":"-5803845747135497920","potions_obtained":[{"floor":4.0,"key":"Block Potion"},{"floor":12.0,"key":"Explosive Potion"},{"floor":13.0,"key":"EssenceOfSteel"}],"is_trial":false,"path_per_floor":["M","$","?","M","M","M","?","M","T","E","R","E","M","M","R","B",null,"M"],"character_chosen":"IRONCLAD","items_purchased":["Apotheosis"],"campfire_rested":0,"item_purchase_floors":[2],"current_hp_per_floor":[75,75,75,80,80,80,69,65,65,69,69,59,65,71,71,77,80,80,80],"gold":435,"neow_bonus":"TWO_FIFTY_GOLD","is_daily":false,"chose_seed":false,"campfire_upgraded":1,"win_rate":0.0,"timestamp":1608194365,"path_taken":["M","$","?","M","?","M","?","M","T","E","R","E","M","M","R","BOSS","M"],"items_purchased_type":["Card"],"build_version":"2020-12-13","purchased_purges":1,"victory":false,"max_hp_per_floor":[80,80,80,80,80,80,80,80,80,80,80,80,80,80,80,80,80,80,80],"relic_stats":{"counters":[11,45],"Gambling Chip":[9],"Pandora\u0027s Box":["Intimidate","Sentinel","Battle Trance","Dark Embrace","Fiend Fire","Ghostly Armor","Clothesline","Sever Soul","Impervious"],"obtain_stats":[{"Gambling Chip":12,"Pandora\u0027s Box":17,"Burning Blood":0,"FossilizedHelix":9,"Paper Frog":10},{"Gambling Chip":7,"Pandora\u0027s Box":10,"Burning Blood":0,"FossilizedHelix":5,"Paper Frog":6},{"Gambling Chip":29,"Pandora\u0027s Box":44,"Burning Blood":0,"FossilizedHelix":18,"Paper Frog":25}],"Burning Blood":49},"card_choices":[{"not_picked":["Clash","Thunderclap","Twin Strike"],"picked":"SKIP","floor":1.0},{"not_picked":["Warcry","Fiend Fire","Carnage"],"picked":"SKIP","floor":4.0},{"not_picked":["Dual Wield","True Grit","Clothesline"],"picked":"SKIP","floor":5.0},{"not_picked":["Rampage","Blood for Blood","Armaments"],"picked":"SKIP","floor":6.0},{"not_picked":["Pommel Strike","Carnage"],"picked":"Body Slam","floor":8.0},{"not_picked":["Havoc","Seeing Red"],"picked":"Demon Form","floor":10.0},{"not_picked":["Perfected Strike","Thunderclap"],"picked":"Shrug It Off","floor":12.0},{"not_picked":["True Grit","Clothesline"],"picked":"Disarm","floor":13.0},{"not_picked":["Rage","Anger"],"picked":"Flame Barrier","floor":14.0},{"not_picked":["Demon Form","Reaper"],"picked":"Limit Break","floor":16}],"player_experience":161899,"relics_obtained":[{"floor":9.0,"key":"FossilizedHelix"},{"floor":10.0,"key":"Paper Frog"},{"floor":12.0,"key":"Gambling Chip"}],"event_choices":[{"damage_healed":0.0,"max_hp_gain":0.0,"max_hp_loss":0.0,"gold_gain":0.0,"event_name":"Upgrade Shrine","player_choice":"Upgraded","floor":3.0,"gold_loss":0.0,"damage_taken":0.0,"cards_upgraded":["Apotheosis"]},{"damage_healed":0.0,"max_hp_gain":0.0,"max_hp_loss":0.0,"gold_gain":75.0,"event_name":"World of Goop","player_choice":"Gather Gold","floor":7.0,"gold_loss":0.0,"damage_taken":11.0}],"is_beta":false,"boss_relics":[{"not_picked":["SlaversCollar","SacredBark"],"picked":"Pandora\u0027s Box"}],"items_purged_floors":[2],"is_endless":false,"potions_floor_spawned":[4,12,13,14],"killed_by":"3 Byrds","ascension_level":0}}