{"host":"5s7sm4h73jkd9266","time":1608199413,"event":{"mods":["AchievementEnabler","Bartender","BaseMod","Better Match","Better Vampires","BetterRewards","Colored Map","Colored Powertips","Conspire","Downfall","Energized Spire","GifTheSpireLib","Hermit","Hubris","Magitek Elite","Marisa????????","Melee Mod","Minty Spire (QoL Compilation)","Potion Indicator Mod","Rare Cards Sparkle","Relic Stats","Replay The Spire","Robot Space Explorer","Shade Mod","Shop Mod","StSLib","Stuff the Spire","The Bladedancer","The Blue Laboratory","The Cursed","The Disciple","The Dragon Tamer","The Forsaken","The Necromancer","The Servant 0.9.4","The Wild Card","The Witch","Virulent Crown","everything is the same but u backflip on backflip","slay the spire mod where everything is the same but ironclad has a cowboy hat","vexMod"],"gold_per_floor":[112,112,130,207,225,259,270,298,321,321,333,351,351,370,370,447,447,462,462,482,482,43,43,59,92,118,128,147,229,229,229,229,305,305,324,338,338,354,28,28,28,28,45,45,91,91,107,107,120,132,132,132,132],"floor_reached":52,"playtime":6839,"items_purged":["SwitchThreat"],"score":974,"play_id":"39f0f520-e28b-42b1-8318-fa2660bc9243","local_time":"20201217050333","is_ascension_mode":true,"campfire_choices":[{"floor":10.0,"key":"REST"},{"floor":13.0,"key":"REST"},{"data":"expansioncontent:Torchfire","floor":15.0,"key":"SMITH"},{"data":"ReplayTheSpireMod:Omega Cannon","floor":23.0,"key":"SMITH"},{"data":"ReplayTheSpireMod:Omega Cannon","floor":30.0,"key":"SMITH"},{"floor":32.0,"key":"DIG"},{"floor":42.0,"key":"REST"},{"floor":44.0,"key":"REST"},{"floor":46.0,"key":"REST"},{"floor":51,"key":"REST"}],"circlet_count":0,"master_deck":["AscendersBane","Strike_B+1","Strike_B+1","Strike_B+1","Strike_B+1","Defend_B+1","Defend_B+1","Defend_B+1","Defend_B+1","Zap","Dualcast","expansioncontent:Torchfire+1","Time Bomb","Static Discharge","Ball Lightning","Gash","FIFO Queue","Stack","Leap","Ball Lightning","Melter","Leap","Chill","Self Repair","ReplayTheSpireMod:Omega Cannon+1","BasicCrystalCard","StuffTheSpire:Plugnplay","ReplayTheSpireMod:Omega Cannon+1","Crystallizer","hubris:PowerSurge","Static Discharge","Barrage","Buffer","ReplayTheSpireMod:Omega Cannon","conspire:SharedLibrary+1","Cold Snap+1","hubris:Ukulele","Bandage Up+1","Poisoned Strike","Conserve Battery","Defragment","Beam Cell+1","Barrage+1","StuffTheSpire:SnapShoot+1","Conserve Battery"],"relics":["Cracked Core","Raider\u0027s Mask","hubris:BallOfYels","Choco_Feather","ReplayTheSpireMod:CursedCoin","hubris:Icosahedron","theForsaken:Lifeblossom","conspire:InfiniteJournal","ReplayTheSpireMod:Lightbulb","hubris:ScarierMask","conspire:BottledYoYo","vexMod:BarristanHead","Blue Doll","hubris:BottledRain","Shuriken","conspire:TopHat"],"acts_visited":["Exordium","TheCity","TheBeyond"],"potions_floor_usage":[52],"damage_taken":[{"damage":0.0,"enemies":"Jaw Worm","floor":1.0,"turns":1.0},{"damage":7.0,"enemies":"2 Louse","floor":3.0,"turns":2.0},{"damage":0.0,"enemies":"Cultist","floor":5.0,"turns":2.0},{"damage":12.0,"enemies":"Gremlin Nob","floor":6.0,"turns":3.0},{"damage":19.0,"enemies":"Exordium Thugs","floor":7.0,"turns":2.0},{"damage":21.0,"enemies":"3 Sentries","floor":8.0,"turns":5.0},{"damage":0.0,"enemies":"Large Slime","floor":11.0,"turns":2.0},{"damage":0.0,"enemies":"Gremlin Gang","floor":12.0,"turns":2.0},{"damage":0.0,"enemies":"Looter","floor":14.0,"turns":2.0},{"damage":28.0,"enemies":"The Guardian","floor":16.0,"turns":7.0},{"damage":0.0,"enemies":"3 Byrds","floor":18.0,"turns":3.0},{"damage":0.0,"enemies":"Spheric Guardian","floor":20.0,"turns":1.0},{"damage":15.0,"enemies":"Snake Plant","floor":24.0,"turns":3.0},{"damage":0.0,"enemies":"conspire:Head Lice","floor":25.0,"turns":5.0},{"damage":14.0,"enemies":"Centurion and Healer","floor":27.0,"turns":3.0},{"damage":16.0,"enemies":"Shelled Parasite and Fungi","floor":28.0,"turns":3.0},{"damage":50.0,"enemies":"Champ","floor":33.0,"turns":8.0},{"damage":22.0,"enemies":"Orb Walker","floor":35.0,"turns":3.0},{"damage":3.0,"enemies":"3 Darklings","floor":36.0,"turns":2.0},{"damage":52.0,"enemies":"Maw","floor":38.0,"turns":6.0},{"damage":38.0,"enemies":"Transient","floor":43.0,"turns":6.0},{"damage":19.0,"enemies":"4 Shapes","floor":47.0,"turns":4.0},{"damage":38,"enemies":"Writhing Mass","floor":49,"turns":5},{"damage":13,"enemies":"Sphere and 2 Shapes","floor":50,"turns":2},{"damage":65,"enemies":"hubris:GrandSnecko","floor":52,"turns":10}],"seed_played":"3412591160977788099","potions_obtained":[{"floor":5.0,"key":"blueLaboratory:RecallPotion"},{"floor":6.0,"key":"Fire Potion"},{"floor":8.0,"key":"SpeedPotion"},{"floor":11.0,"key":"Death Potion"},{"floor":14.0,"key":"blueLaboratory:BottleOfVodka"},{"floor":20.0,"key":"SpeedPotion"},{"floor":24.0,"key":"Adrenaline Potion"},{"floor":27.0,"key":"Fire Potion"},{"floor":38.0,"key":"blueLaboratory:BottledHope"},{"floor":43.0,"key":"SteroidPotion"},{"floor":49,"key":"blueLaboratory:BottleOfRum"},{"floor":50,"key":"blueLaboratory:BottledHope"}],"is_trial":false,"path_per_floor":["M","?","M","?","M","E","M","E","T","R","M","M","R","M","R","B",null,"M","?","M","?","$","R","M","E","T","M","M","T","R","?","R_BF","B",null,"M","M","?","M","$","PTL","PTL","R","M","R","T","R","M","?","M","M","R","B"],"character_chosen":"DEFECT","items_purchased":["Raider\u0027s Mask","hubris:BallOfYels","blueLaboratory:FruitPunch","ReplayTheSpireMod:CursedCoin","expansioncontent:Torchfire","Time Bomb","Static Discharge","Ball Lightning","conspire:BottledYoYo","Crystallizer","Bandage Up+1","Poisoned Strike","Conserve Battery","Defragment"],"campfire_rested":6,"item_purchase_floors":[0,0,0,0,0,0,0,0,22,22,39,39,39,39],"current_hp_per_floor":[34,34,66,66,66,54,38,23,23,44,47,50,71,73,73,52,68,73,73,73,73,73,73,67,73,73,66,62,62,62,62,62,18,59,43,43,73,29,29,29,29,50,18,39,39,60,53,53,34,30,51,0,0],"gold":132,"neow_bonus":"","is_daily":false,"chose_seed":false,"campfire_upgraded":3,"win_rate":0.0,"timestamp":1608199413,"path_taken":["M","?","M","?","M","E","M","E","T","R","M","M","R","M","R","BOSS","M","?","M","?","$","R","?","E","T","M","M","?","R","?","R_BF","BOSS","M","M","?","?","$","PTL","PTL","R","M","R","T","R","M","?","?","M","R","BOSS"],"items_purchased_type":["Relic","Relic","Potion","Relic","Card","Card","Card","Card","Relic","Card","Card","Card","Card","Card"],"build_version":"2020-12-13","purchased_purges":1,"victory":false,"max_hp_per_floor":[73,73,73,73,73,73,73,73,73,73,73,73,73,73,73,73,73,73,73,73,73,73,73,73,73,73,73,73,73,73,73,73,73,73,73,73,73,73,73,73,73,73,73,73,73,73,73,73,73,73,73,73,73],"relic_stats":{"counters":[25,92],"Shuriken":[14],"obtain_stats":[{"hubris:BallOfYels":0,"ReplayTheSpireMod:CursedCoin":0,"Choco_Feather":0,"theForsaken:Lifeblossom":6,"Blue Doll":26,"Raider\u0027s Mask":0,"conspire:TopHat":45,"conspire:InfiniteJournal":8,"hubris:Icosahedron":2,"vexMod:BarristanHead":25,"Shuriken":32,"hubris:ScarierMask":17,"conspire:BottledYoYo":22,"Cracked Core":0,"ReplayTheSpireMod:Lightbulb":9,"hubris:BottledRain":29},{"hubris:BallOfYels":0,"ReplayTheSpireMod:CursedCoin":0,"Choco_Feather":0,"theForsaken:Lifeblossom":4,"Blue Doll":14,"Raider\u0027s Mask":0,"conspire:TopHat":21,"conspire:InfiniteJournal":6,"hubris:Icosahedron":1,"vexMod:BarristanHead":14,"Shuriken":16,"hubris:ScarierMask":10,"conspire:BottledYoYo":12,"Cracked Core":0,"ReplayTheSpireMod:Lightbulb":6,"hubris:BottledRain":16},{"hubris:BallOfYels":0,"ReplayTheSpireMod:CursedCoin":0,"Choco_Feather":0,"theForsaken:Lifeblossom":8,"Blue Doll":40,"Raider\u0027s Mask":0,"conspire:TopHat":71,"conspire:InfiniteJournal":15,"hubris:Icosahedron":1,"vexMod:BarristanHead":40,"Shuriken":46,"hubris:ScarierMask":28,"conspire:BottledYoYo":32,"Cracked Core":0,"ReplayTheSpireMod:Lightbulb":15,"hubris:BottledRain":46}]},"card_choices":[{"not_picked":["Cold Snap","Hologram"],"picked":"Gash","floor":1.0},{"not_picked":["conspire:Rain","Steam"],"picked":"FIFO Queue","floor":3.0},{"not_picked":["Hologram","StuffTheSpire:CleanHardDrive"],"picked":"Stack","floor":5.0},{"not_picked":["Scrape","ReplayTheSpireMod:GoodbyeWorld"],"picked":"Leap","floor":6.0},{"not_picked":["hubris:SpecializedCircuitry","Barrage"],"picked":"Ball Lightning","floor":7.0},{"not_picked":["Leap","Streamline"],"picked":"Melter","floor":8.0},{"not_picked":["Lockon","Heatsinks"],"picked":"Leap","floor":11.0},{"not_picked":["Force Field","Leap"],"picked":"Chill","floor":12.0},{"not_picked":["Beam Cell","Turbo"],"picked":"Self Repair","floor":14.0},{"not_picked":["StuffTheSpire:EventHorizon","Meteor Strike"],"picked":"ReplayTheSpireMod:Omega Cannon","floor":16.0},{"not_picked":["StuffTheSpire:Rend","Turbo"],"picked":"BasicCrystalCard","floor":18.0},{"not_picked":["Rebound","Leap"],"picked":"StuffTheSpire:Plugnplay","floor":20.0},{"not_picked":["Ball Lightning","ReplayTheSpireMod:System Scan"],"picked":"hubris:PowerSurge","floor":24.0},{"not_picked":["ReplayTheSpireMod:Dual Polarity","Capacitor+1"],"picked":"Static Discharge","floor":25.0},{"not_picked":["Panic Button+1","Ball Lightning"],"picked":"Barrage","floor":27.0},{"not_picked":["Redo","Reinforced Body"],"picked":"Buffer","floor":28.0},{"not_picked":["hubris:SpecializedCircuitry","Fission"],"picked":"ReplayTheSpireMod:Omega Cannon","floor":33.0},{"not_picked":["Stack","StuffTheSpire:Plugnplay"],"picked":"conspire:SharedLibrary+1","floor":35.0},{"not_picked":["Sweeping Beam","Force Field+1"],"picked":"Cold Snap+1","floor":36.0},{"not_picked":["StuffTheSpire:LoadUp","Gash"],"picked":"hubris:Ukulele","floor":38.0},{"not_picked":["Reboot","Sunder"],"picked":"Beam Cell+1","floor":43.0},{"not_picked":["Hologram","Coolheaded+1"],"picked":"Barrage+1","floor":47.0},{"not_picked":["Barrage","Coolheaded"],"picked":"StuffTheSpire:SnapShoot+1","floor":49},{"not_picked":["Recycle","Beam Cell"],"picked":"Conserve Battery","floor":50}],"player_experience":5327186,"relics_obtained":[{"floor":6.0,"key":"theForsaken:Lifeblossom"},{"floor":8.0,"key":"conspire:InfiniteJournal"},{"floor":9.0,"key":"ReplayTheSpireMod:Lightbulb"},{"floor":25.0,"key":"vexMod:BarristanHead"},{"floor":26.0,"key":"Blue Doll"},{"floor":29.0,"key":"hubris:BottledRain"},{"floor":32.0,"key":"Shuriken"},{"floor":45.0,"key":"conspire:TopHat"}],"event_choices":[{"damage_healed":0.0,"max_hp_gain":0.0,"max_hp_loss":0.0,"gold_gain":77.0,"event_name":"Golden Wing","player_choice":"Gained Gold","floor":4.0,"gold_loss":0.0,"damage_taken":0.0},{"damage_healed":0.0,"max_hp_gain":0.0,"max_hp_loss":0.0,"gold_gain":0.0,"event_name":"Duplicator","player_choice":"Copied","floor":21.0,"gold_loss":0.0,"damage_taken":0.0,"cards_obtained":["ReplayTheSpireMod:Omega Cannon"]},{"damage_healed":0.0,"max_hp_gain":0.0,"max_hp_loss":0.0,"gold_gain":0.0,"event_name":"Back to Basics","player_choice":"Simplicity","floor":31.0,"gold_loss":0.0,"damage_taken":0.0,"cards_upgraded":["Strike_B","Strike_B","Strike_B","Strike_B","Defend_B","Defend_B","Defend_B","Defend_B"]},{"damage_healed":30.0,"max_hp_gain":0.0,"max_hp_loss":0.0,"gold_gain":0.0,"event_name":"Wheel of Change","player_choice":"Full Heal","floor":37.0,"gold_loss":0.0,"damage_taken":0.0},{"cards_removed":["Clumsy"],"damage_healed":0.0,"max_hp_gain":0.0,"max_hp_loss":0.0,"gold_gain":0.0,"event_name":"Fountain of Cleansing","player_choice":"Removed Curses","floor":48.0,"gold_loss":0.0,"damage_taken":0.0}],"is_beta":false,"boss_relics":[{"not_picked":["Velvet Choker","Kintsugi"],"picked":"hubris:ScarierMask"},{"not_picked":["conspire:RunicOctahedron","StuffTheSpire:RunicHypercube","energizedSpire:EnergizedDie"]}],"items_purged_floors":[22],"is_endless":false,"potions_floor_spawned":[5,6,8,11,14,20,24,27,38,43,49,50],"killed_by":"hubris:GrandSnecko","ascension_level":17}}