{"host":"j7sckui85i3pbddf","time":1608213101,"event":{"mods":["BaseMod","Colored Map","Downfall","Hermit","Minty Spire (QoL Compilation)","Permanent Neow","Shop Mod","StSLib","The Cursed","The Servant 0.9.4"],"gold_per_floor":[99,99,99,129,129,129,129,144,179,179,189,203,36,53,73,171,171,171,171,185,185,213,213,238,238,252,252,266,266,266,286,305,409,409,409,422,422,472,522,539,618,632,643,643,643,653,653,663,673,673],"floor_reached":51,"playtime":4350,"items_purged":[],"score":704,"play_id":"bf458e6f-a575-45ba-a3a7-dae8f2cc8e93","local_time":"20201217215141","is_ascension_mode":false,"campfire_choices":[{"data":"Guardian:CurlUp","floor":1,"key":"SMITH"},{"data":"Guardian:Strike_Guardian","floor":3,"key":"SMITH"},{"floor":5,"key":"REST"},{"data":"Guardian:HyperBeam_Guardian","floor":10,"key":"SMITH"},{"data":"Guardian:ArmoredProtocol","floor":18,"key":"SMITH"},{"data":"Guardian:DonusPower","floor":21,"key":"SMITH"},{"data":"Guardian:SpikerProtocol","floor":23,"key":"SMITH"},{"floor":25,"key":"REST"},{"data":"Guardian:ShieldSpikes","floor":27,"key":"SMITH"},{"data":"Guardian:SphericShield","floor":35,"key":"SMITH"},{"floor":44,"key":"REST"}],"circlet_count":0,"master_deck":["Guardian:Strike_Guardian+1","Guardian:Strike_Guardian","Guardian:Strike_Guardian","Guardian:Defend_Guardian+1","Guardian:Defend_Guardian","Guardian:CurlUp+1","Guardian:TwinSlam+1","Guardian:HyperBeam_Guardian+1","Guardian:PiercingHide+1","Guardian:ArmoredProtocol+1","Guardian:DonusPower+1","Guardian:Gem_Blue","Guardian:SpikerProtocol+1","Guardian:ShieldSpikes+1","Guardian:RollAttack","Guardian:Clone+1","Guardian:ShieldCharger","Guardian:Gem_Blue","Guardian:FloatingOrbs","Guardian:SphericShield+1","Guardian:ChargeUp","Guardian:Gem_Green","Guardian:CrystalBeam+1","Guardian:Gem_Crimson","Guardian:WalkerClaw+1","Guardian:Gem_Red","Guardian:ArmoredProtocol","Guardian:ShieldSpikes+1"],"relics":["Guardian:ModeShifterPlus","Gremlin Horn","Ornamental Fan","Mummified Hand","Vajra","HandDrill","Eternal Feather","War Paint","Guardian:StasisSlotReductionRelic","Calipers","Thread and Needle","Mercury Hourglass","Pocketwatch"],"acts_visited":["Exordium","TheCity","TheBeyond"],"potions_floor_usage":[16,22,33,33,33,33,38,42,50,50],"damage_taken":[{"damage":34,"enemies":"3 Sentries","floor":4,"turns":10},{"damage":1,"enemies":"Jaw Worm","floor":8,"turns":4},{"damage":13,"enemies":"Lagavulin","floor":9,"turns":7},{"damage":0,"enemies":"Small Slimes","floor":11,"turns":2},{"damage":0,"enemies":"Cultist","floor":12,"turns":2},{"damage":0,"enemies":"downfall:FleeingMerchant","floor":13,"turns":4},{"damage":0,"enemies":"Exordium Wildlife","floor":14,"turns":2},{"damage":0,"enemies":"3 Louse","floor":15,"turns":1},{"damage":14,"enemies":"downfall:Silent","floor":16,"turns":6},{"damage":22,"enemies":"Shell Parasite","floor":20,"turns":3},{"damage":0,"enemies":"Book of Stabbing","floor":22,"turns":4},{"damage":4,"enemies":"Chosen","floor":26,"turns":4},{"damage":5,"enemies":"3 Cultists","floor":28,"turns":4},{"damage":16,"enemies":"Chosen and Byrds","floor":31,"turns":6},{"damage":11,"enemies":"Snake Plant","floor":32,"turns":4},{"damage":28,"enemies":"downfall:Ironclad","floor":33,"turns":10},{"damage":0,"enemies":"3 Darklings","floor":36,"turns":4},{"damage":46,"enemies":"2 Orb Walkers","floor":38,"turns":7},{"damage":0,"enemies":"Mind Bloom Boss Battle","floor":39,"turns":8},{"damage":0,"enemies":"Orb Walker","floor":40,"turns":4},{"damage":0,"enemies":"Sphere and 2 Shapes","floor":42,"turns":2},{"damage":0,"enemies":"4 Shapes","floor":43,"turns":5},{"damage":0,"enemies":"Writhing Mass","floor":46,"turns":4},{"damage":0,"enemies":"Transient","floor":48,"turns":5},{"damage":0,"enemies":"3 Darklings","floor":49,"turns":2},{"damage":0,"enemies":"downfall:Watcher","floor":50,"turns":7}],"seed_played":"554952045793599432","potions_obtained":[{"floor":8,"key":"FairyPotion"},{"floor":12,"key":"Guardian:BlockOnCardUsePotion"},{"floor":15,"key":"SkillPotion"},{"floor":20,"key":"EssenceOfSteel"},{"floor":26,"key":"EntropicBrew"},{"floor":33,"key":"Guardian:BlockOnCardUsePotion"},{"floor":36,"key":"Strength Potion"},{"floor":39,"key":"SteroidPotion"},{"floor":46,"key":"sneckomod:MuddlingPotion"},{"floor":48,"key":"Slimebound:ThreeZeroPotion"}],"is_trial":false,"path_per_floor":["R","?","R","E","R","?","T","M","E","R","M","M","$","M","M","B",null,"R","?","M","R","E","R","T","R","M","R","M","?","?","M","M","B",null,"R","M","?","?","?","M","T","M","M","R","?","M","?","M","M","B",null],"character_chosen":"GUARDIAN","items_purchased":["HandDrill"],"campfire_rested":3,"item_purchase_floors":[13],"current_hp_per_floor":[80,73,73,39,63,63,63,62,49,49,49,49,49,49,49,35,80,80,80,58,58,58,67,67,80,76,80,75,75,75,59,48,20,80,80,80,80,34,34,34,34,34,34,73,73,73,73,73,73,73],"gold":673,"neow_bonus":"UPGRADE_CARD","is_daily":false,"chose_seed":false,"campfire_upgraded":8,"win_rate":0.0,"timestamp":1608213101,"path_taken":["R","?","R","E","R","?","T","M","E","R","M","?","$","M","M","BOSS","R","?","M","R","E","R","T","R","M","R","M","?","?","M","M","BOSS","R","M","?","?","?","?","T","M","M","R","?","M","?","?","M","BOSS"],"items_purchased_type":["Relic"],"build_version":"2020-12-13","purchased_purges":0,"victory":true,"max_hp_per_floor":[80,80,80,80,80,80,80,80,80,80,80,80,80,80,80,80,80,80,80,80,80,80,80,80,80,80,80,80,80,80,80,80,80,80,80,80,80,80,80,80,80,80,80,80,80,80,80,80,80,80],"card_choices":[{"not_picked":["Guardian:ChargeCore","Guardian:Suspension"],"picked":"Guardian:Gem_Lightblue","floor":4},{"not_picked":["Guardian:Gem_Cyan","Guardian:Emergency"],"picked":"Guardian:VentSteam","floor":8},{"not_picked":["Guardian:DonusPower","Guardian:VentSteam"],"picked":"Guardian:HyperBeam_Guardian","floor":9},{"not_picked":["Guardian:TemporalShield","Guardian:VentSteam"],"picked":"Guardian:PiercingHide","floor":11},{"not_picked":["Guardian:Gem_Cyan","Guardian:Gem_Green"],"picked":"Guardian:ArmoredProtocol","floor":12},{"not_picked":["Guardian:AncientConstruct","Guardian:GuardianWhirl"],"picked":"Guardian:Gem_Red","floor":13},{"not_picked":["Guardian:Gem_Crimson","Guardian:Gem_White"],"picked":"Guardian:DonusPower","floor":14},{"not_picked":["Guardian:Gem_White","Guardian:PrimingBeam"],"picked":"Guardian:Gem_Blue","floor":15},{"not_picked":["Guardian:StasisField","Guardian:FastForward"],"picked":"Guardian:Gem_Orange","floor":16},{"not_picked":["Guardian:Planning+1","Guardian:PrimingBeam"],"picked":"Guardian:ShieldSpikes","floor":20},{"not_picked":["Guardian:Clone","Guardian:StasisStrike"],"picked":"Guardian:RollAttack","floor":22},{"not_picked":["Guardian:Gem_Cyan","Guardian:BronzeOrb"],"picked":"Guardian:Clone+1","floor":26},{"not_picked":["Guardian:PiercingHide+1","Guardian:Gem_Green"],"picked":"Guardian:ShieldCharger","floor":28},{"not_picked":["Guardian:Planning","Guardian:Emergency","Guardian:Gem_Green"],"picked":"SKIP","floor":31},{"not_picked":["Guardian:RollAttack","Guardian:VentSteam"],"picked":"Guardian:FloatingOrbs","floor":32},{"not_picked":["Guardian:Gem_Orange","Guardian:ExploitGems"],"picked":"Guardian:SphericShield","floor":33},{"not_picked":["Guardian:MultiBeam","Guardian:Gem_Lightblue"],"picked":"Guardian:ChargeUp","floor":36},{"not_picked":["Guardian:PiercingHide+1","Guardian:TemporalStrike"],"picked":"Guardian:Gem_Green","floor":38},{"not_picked":["Guardian:Gem_Cyan","Guardian:AncientConstruct"],"picked":"Guardian:CrystalBeam+1","floor":39},{"not_picked":["Guardian:BronzeOrb","Guardian:Incinerate+1"],"picked":"Guardian:Gem_Crimson","floor":40},{"not_picked":["Guardian:RollAttack+1","Guardian:PrimingBeam","Guardian:BronzeArmor"],"picked":"SKIP","floor":42},{"not_picked":["Guardian:RefractedBeam","Guardian:Repulse"],"picked":"Guardian:WalkerClaw+1","floor":43},{"not_picked":["Guardian:PrimingBeam+1","Guardian:HyperBeam_Guardian"],"picked":"Guardian:Gem_Red","floor":46},{"not_picked":["Guardian:BronzeOrb+1","Guardian:CrystalBeam+1","Guardian:Gem_Cyan"],"picked":"SKIP","floor":48},{"not_picked":["Guardian:Suspension+1","Guardian:CrystalBeam+1"],"picked":"Guardian:ShieldSpikes+1","floor":49}],"player_experience":466938,"relics_obtained":[{"floor":4,"key":"Ornamental Fan"},{"floor":7,"key":"Mummified Hand"},{"floor":9,"key":"Vajra"},{"floor":22,"key":"Eternal Feather"},{"floor":24,"key":"War Paint"},{"floor":38,"key":"Calipers"},{"floor":39,"key":"Thread and Needle"},{"floor":41,"key":"Mercury Hourglass"},{"floor":45,"key":"Pocketwatch"}],"event_choices":[{"damage_healed":0,"gold_gain":0,"player_choice":"Success","damage_taken":7,"relics_obtained":["Gremlin Horn"],"max_hp_gain":0,"max_hp_loss":0,"event_name":"Scrap Ooze","floor":2,"gold_loss":0},{"damage_healed":0,"gold_gain":0,"player_choice":"Read","damage_taken":0,"max_hp_gain":0,"max_hp_loss":0,"event_name":"The Library","floor":19,"gold_loss":0,"cards_obtained":["Guardian:SpikerProtocol"]},{"damage_healed":0,"gold_gain":0,"player_choice":"Ignored","damage_taken":0,"max_hp_gain":0,"max_hp_loss":0,"event_name":"Ghosts","floor":30,"gold_loss":0},{"cards_removed":["Guardian:Defend_Guardian"],"damage_healed":0,"gold_gain":0,"player_choice":"Removed Skill","damage_taken":0,"max_hp_gain":0,"max_hp_loss":0,"event_name":"Falling","floor":37,"gold_loss":0},{"damage_healed":0,"gold_gain":0,"player_choice":"Fight","damage_taken":0,"max_hp_gain":0,"max_hp_loss":0,"event_name":"Mysterious Sphere","floor":38,"gold_loss":0},{"damage_healed":0,"gold_gain":0,"cards_transformed":["Guardian:Strike_Guardian"],"player_choice":"Transformed","damage_taken":0,"max_hp_gain":0,"max_hp_loss":0,"event_name":"Transmorgrifier","floor":47,"gold_loss":0,"cards_obtained":["Guardian:ArmoredProtocol"]}],"is_beta":false,"boss_relics":[{"not_picked":["SacredBark","Sozu"],"picked":"Guardian:ModeShifterPlus"},{"not_picked":["Velvet Choker","Calling Bell"],"picked":"Guardian:StasisSlotReductionRelic"}],"items_purged_floors":[],"is_endless":false,"potions_floor_spawned":[8,12,15,20,26,32,33,36,39,46,48,49],"ascension_level":0}}