{"host":"ih7ofq2zpufcoifs","time":1608226962,"event":{"mods":["BaseMod","Colored Map","Minty Spire (QoL Compilation)"],"gold_per_floor":[110,124,140,153,303,303,333,333,333,365,92,102,131,145,145,218,218,230,230,33,46,96,96,121,121,121,140,155,70,101,120,120,192,192,202,215,61,61,72,99,99,130,130,149,166,180,180,198,198,198,198,198,62,88,88],"floor_reached":56,"playtime":5976,"items_purged":["Doubt","Strike_B"],"score":2018,"play_id":"f880f851-85f9-4ff9-a84c-053d0b152993","local_time":"20201218034242","is_ascension_mode":true,"campfire_choices":[{"data":"Barrage","floor":6.0,"key":"SMITH"},{"floor":8.0,"key":"REST"},{"data":"Static Discharge","floor":15.0,"key":"SMITH"},{"data":"Electrodynamics","floor":23.0,"key":"SMITH"},{"data":"Seek","floor":25.0,"key":"SMITH"},{"data":"Rainbow","floor":32.0,"key":"SMITH"},{"floor":41.0,"key":"RECALL"},{"data":"Defragment","floor":47.0,"key":"SMITH"},{"data":"Buffer","floor":49.0,"key":"SMITH"},{"data":"Hologram","floor":52,"key":"SMITH"}],"circlet_count":0,"master_deck":["AscendersBane","Strike_B","Strike_B","Strike_B","Defend_B","Defend_B","Defend_B","Defend_B","Zap","Dualcast","Electrodynamics+1","Barrage+1","Streamline","Steam Power","Auto Shields","Self Repair","Multi-Cast","Chill","Static Discharge+1","Rebound","Force Field","Buffer+1","Seek+1","Glacier","Static Discharge+1","Rainbow+1","Echo Form","Recycle+1","Hologram+1","Glacier","Multi-Cast","Defragment+1","Heatsinks+1","Hologram","Recycle","Blizzard+1","Creative AI","All For One+1"],"relics":["Cracked Core","Darkstone Periapt","Question Card","Bottled Tornado","Bag of Preparation","Snecko Eye","Lee\u0027s Waffle","Nunchaku","Molten Egg 2","Singing Bowl","Eternal Feather","Coffee Dripper","Dream Catcher","White Beast Statue","Mercury Hourglass"],"acts_visited":["TheCity","TheBeyond","TheEnding"],"potions_floor_usage":[54,55,55],"damage_taken":[{"damage":7.0,"enemies":"Small Slimes","floor":1.0,"turns":3.0},{"damage":2.0,"enemies":"Jaw Worm","floor":2.0,"turns":3.0},{"damage":1.0,"enemies":"Cultist","floor":3.0,"turns":3.0},{"damage":7.0,"enemies":"Looter","floor":4.0,"turns":3.0},{"damage":20.0,"enemies":"3 Sentries","floor":7.0,"turns":5.0},{"damage":19.0,"enemies":"Lagavulin","floor":10.0,"turns":7.0},{"damage":0.0,"enemies":"2 Fungi Beasts","floor":12.0,"turns":2.0},{"damage":6.0,"enemies":"3 Sentries","floor":13.0,"turns":4.0},{"damage":0.0,"enemies":"Gremlin Gang","floor":14.0,"turns":1.0},{"damage":20.0,"enemies":"Hexaghost","floor":16.0,"turns":9.0},{"damage":0.0,"enemies":"Spheric Guardian","floor":18.0,"turns":4.0},{"damage":0.0,"enemies":"2 Thieves","floor":21.0,"turns":2.0},{"damage":3.0,"enemies":"Gremlin Leader","floor":24.0,"turns":7.0},{"damage":11.0,"enemies":"Snake Plant","floor":27.0,"turns":3.0},{"damage":0.0,"enemies":"Centurion and Healer","floor":28.0,"turns":10.0},{"damage":24.0,"enemies":"Slavers","floor":30.0,"turns":2.0},{"damage":11.0,"enemies":"Snecko","floor":31.0,"turns":6.0},{"damage":57.0,"enemies":"Collector","floor":33.0,"turns":10.0},{"damage":2.0,"enemies":"3 Darklings","floor":35.0,"turns":5.0},{"damage":0.0,"enemies":"Orb Walker","floor":36.0,"turns":5.0},{"damage":19.0,"enemies":"Writhing Mass","floor":39.0,"turns":10.0},{"damage":15.0,"enemies":"Nemesis","floor":40.0,"turns":11.0},{"damage":24.0,"enemies":"Giant Head","floor":42.0,"turns":10.0},{"damage":0.0,"enemies":"Jaw Worm Horde","floor":44.0,"turns":1.0},{"damage":4.0,"enemies":"4 Shapes","floor":45.0,"turns":2.0},{"damage":2.0,"enemies":"Spire Growth","floor":46.0,"turns":7.0},{"damage":0.0,"enemies":"Sphere and 2 Shapes","floor":48.0,"turns":4.0},{"damage":0,"enemies":"Donu and Deca","floor":50,"turns":7},{"damage":30,"enemies":"Shield and Spear","floor":54,"turns":5},{"damage":50,"enemies":"The Heart","floor":55,"turns":10}],"seed_played":"-5201740447864863267","potions_obtained":[{"floor":7.0,"key":"LiquidMemories"},{"floor":10.0,"key":"Block Potion"},{"floor":21.0,"key":"AttackPotion"},{"floor":30.0,"key":"FearPotion"},{"floor":31.0,"key":"Explosive Potion"},{"floor":35.0,"key":"GamblersBrew"},{"floor":42.0,"key":"ColorlessPotion"},{"floor":44.0,"key":"Weak Potion"},{"floor":45.0,"key":"GamblersBrew"},{"floor":54,"key":"Fire Potion"}],"is_trial":false,"path_per_floor":["M","M","M","M","?","R","E","R","T","E","$","M","E","M","R","B",null,"M","?","$","M","?","R","E","R","T","M","M","?","E","M","R","B",null,"M","M","$","?","M","E","R","E","T","M","M","M","R","M","R","B",null,"R","$","E","B",null],"character_chosen":"DEFECT","items_purchased":["Chill","Static Discharge","Rebound","Lee\u0027s Waffle","BlessingOfTheForge","Hologram","Creative AI"],"campfire_rested":1,"item_purchase_floors":[11,11,11,20,20,37,53],"current_hp_per_floor":[57,55,54,47,47,47,27,48,48,36,36,36,37,37,37,24,59,66,46,83,83,75,75,79,79,79,75,82,82,67,63,78,28,71,71,71,71,71,66,65,83,73,73,73,76,87,87,87,87,87,87,87,87,57,7],"gold":88,"neow_bonus":"ONE_RANDOM_RARE_CARD","is_daily":false,"chose_seed":false,"campfire_upgraded":8,"win_rate":0.0,"timestamp":1608226962,"path_taken":["M","M","M","M","?","R","E","R","T","E","$","M","E","M","R","BOSS","M","?","$","M","?","R","E","R","T","?","M","?","E","M","R","BOSS","M","M","$","?","M","E","R","E","T","M","M","M","R","?","R","BOSS","R","$","E","BOSS"],"items_purchased_type":["Card","Card","Card","Relic","Potion","Card","Card"],"build_version":"2020-12-13","purchased_purges":2,"victory":true,"max_hp_per_floor":[71,71,71,71,71,71,71,71,71,71,71,71,71,71,71,71,71,71,76,83,83,83,83,83,83,83,83,83,83,85,85,85,85,85,87,87,87,87,87,87,87,87,87,87,87,87,87,87,87,87,87,87,87,87,87],"card_choices":[{"not_picked":["Leap","Go for the Eyes"],"picked":"Barrage","floor":1.0},{"not_picked":["Gash","Hello World"],"picked":"Streamline","floor":2.0},{"not_picked":["Gash","Stack"],"picked":"Steam Power","floor":3.0},{"not_picked":["Double Energy","Barrage"],"picked":"Auto Shields","floor":4.0},{"not_picked":["Chill","Turbo"],"picked":"Self Repair","floor":7.0},{"not_picked":["Gash","Melter","White Noise"],"picked":"Multi-Cast","floor":10.0},{"not_picked":["Leap","Hologram","Heatsinks"],"picked":"Force Field","floor":12.0},{"not_picked":["Go for the Eyes","Compile Driver","Reinforced Body","Barrage"],"picked":"SKIP","floor":13.0},{"not_picked":["Redo","Barrage","Turbo","Conserve Battery"],"picked":"SKIP","floor":14.0},{"not_picked":["Machine Learning","Multi-Cast","Creative AI"],"picked":"Buffer","floor":16.0},{"not_picked":["Cold Snap+1","Coolheaded","Static Discharge","Go for the Eyes"],"picked":"SKIP","floor":18.0},{"not_picked":["Go for the Eyes","Streamline","Compile Driver","Tempest"],"picked":"SKIP","floor":21.0},{"not_picked":["Fusion","Beam Cell","Barrage"],"picked":"Seek","floor":24.0},{"not_picked":["Turbo","Chaos","Ball Lightning+1"],"picked":"Glacier","floor":27.0},{"not_picked":["Lockon+1","Coolheaded","Redo"],"picked":"Static Discharge+1","floor":28.0},{"not_picked":["Skim","Aggregate","Scrape+1","Darkness"],"picked":"Singing Bowl","floor":30.0},{"not_picked":["Streamline+1","Chaos+1","Conserve Battery"],"picked":"Rainbow","floor":31.0},{"not_picked":["Seek","Core Surge+1","Biased Cognition"],"picked":"Echo Form","floor":33.0},{"not_picked":["Go for the Eyes+1","Sweeping Beam+1","Scrape+1","Sunder+1"],"picked":"Singing Bowl","floor":35.0},{"not_picked":["Coolheaded","Sweeping Beam+1","Stack+1"],"picked":"Recycle+1","floor":36.0},{"not_picked":["Leap","Hologram+1","Beam Cell+1"],"picked":"Glacier","floor":39.0},{"not_picked":["Barrage+1","Stack+1","Steam Power+1"],"picked":"Multi-Cast","floor":40.0},{"not_picked":["Aggregate","Chill","Streamline+1"],"picked":"Defragment","floor":42.0},{"not_picked":["Steam+1","Streamline+1","Darkness"],"picked":"Heatsinks+1","floor":44.0},{"not_picked":["Rebound+1","Cold Snap+1","Genetic Algorithm"],"picked":"Hologram","floor":45.0},{"not_picked":["Gash+1","Coolheaded+1","Go for the Eyes+1"],"picked":"Recycle","floor":46.0},{"not_picked":["Skim","Compile Driver+1","Turbo"],"picked":"Blizzard+1","floor":48.0},{"not_picked":["Cold Snap+1","Stack","Gash+1"],"picked":"All For One+1","floor":54}],"player_experience":390350,"relics_obtained":[{"floor":7.0,"key":"Darkstone Periapt"},{"floor":9.0,"key":"Question Card"},{"floor":10.0,"key":"Bottled Tornado"},{"floor":13.0,"key":"Bag of Preparation"},{"floor":24.0,"key":"Nunchaku"},{"floor":26.0,"key":"Molten Egg 2"},{"floor":30.0,"key":"Eternal Feather"},{"floor":38.0,"key":"Dream Catcher"},{"floor":42.0,"key":"White Beast Statue"},{"floor":54,"key":"Mercury Hourglass"}],"event_choices":[{"damage_healed":0.0,"max_hp_gain":0.0,"max_hp_loss":0.0,"gold_gain":150.0,"event_name":"Liars Game","player_choice":"AGREE","floor":5.0,"gold_loss":0.0,"damage_taken":0.0,"cards_obtained":["Doubt"]},{"damage_healed":0.0,"max_hp_gain":5.0,"max_hp_loss":0.0,"gold_gain":0.0,"event_name":"Forgotten Altar","player_choice":"Shed Blood","floor":19.0,"gold_loss":0.0,"damage_taken":25.0},{"damage_healed":0.0,"max_hp_gain":0.0,"max_hp_loss":0.0,"gold_gain":50.0,"event_name":"FaceTrader","player_choice":"Touch","floor":22.0,"gold_loss":0.0,"damage_taken":8.0},{"damage_healed":0.0,"max_hp_gain":0.0,"max_hp_loss":0.0,"gold_gain":0.0,"event_name":"Addict","player_choice":"Obtained Relic","floor":29.0,"gold_loss":85.0,"damage_taken":0.0,"relics_obtained":["Singing Bowl"]},{"damage_healed":0.0,"max_hp_gain":0.0,"max_hp_loss":0.0,"gold_gain":0.0,"event_name":"Wheel of Change","player_choice":"Relic","floor":38.0,"gold_loss":0.0,"damage_taken":0.0}],"is_beta":false,"boss_relics":[{"not_picked":["SacredBark","Fusion Hammer"],"picked":"Snecko Eye"},{"not_picked":["Astrolabe","Tiny House"],"picked":"Coffee Dripper"}],"items_purged_floors":[11,37],"is_endless":false,"potions_floor_spawned":[7,10,14,21,24,30,31,35,36,42,44,45,46,48,54],"ascension_level":15}}