{"host":"2n2g1vowfllvjtvi","time":1608223853,"event":{"mods":["AchievementEnabler","BaseMod","Custom Start","GifTheSpireLib","Keyboard Shortcuts","Minty Spire (QoL Compilation)","Quick Restart","Rare Cards Sparkle","StSLib","SuperFastMode"],"gold_per_floor":[113,125,125,200,200,230,230,257,257,257,267,300,315,4,4,80,80,90,90,100,150,150,150,182,197,197,197,197],"floor_reached":27,"playtime":1249,"items_purged":["Strike_G"],"score":523,"play_id":"f9620232-8654-4732-b504-9ef5f0b6097d","local_time":"20201218015053","is_ascension_mode":true,"campfire_choices":[{"data":"Neutralize","floor":7.0,"key":"SMITH"},{"data":"Prepared","floor":10.0,"key":"SMITH"},{"data":"Well Laid Plans","floor":15.0,"key":"SMITH"},{"data":"Terror","floor":23.0,"key":"SMITH"}],"circlet_count":0,"master_deck":["AscendersBane","Strike_G","Strike_G","Strike_G+1","Defend_G","Defend_G","Defend_G+1","Defend_G","Defend_G+1","Survivor","Neutralize+1","Prepared+1","Underhanded Strike","Unload+1","Well Laid Plans+1","Dagger Throw","Terror+1","Tools of the Trade","Tactician","Footwork"],"relics":["Ring of the Snake","NeowsBlessing","HornCleat","Whetstone","The Courier","Bag of Preparation","OrangePellets","Strawberry","Black Star","War Paint","Dream Catcher","Frozen Egg 2"],"acts_visited":["Exordium","TheCity"],"potions_floor_usage":[27],"damage_taken":[{"damage":0.0,"enemies":"Cultist","floor":1.0,"turns":1.0},{"damage":0.0,"enemies":"Jaw Worm","floor":2.0,"turns":1.0},{"damage":0.0,"enemies":"Gremlin Nob","floor":6.0,"turns":1.0},{"damage":9.0,"enemies":"3 Sentries","floor":8.0,"turns":10.0},{"damage":0.0,"enemies":"2 Louse","floor":11.0,"turns":2.0},{"damage":0.0,"enemies":"Gremlin Nob","floor":12.0,"turns":3.0},{"damage":0.0,"enemies":"Large Slime","floor":13.0,"turns":6.0},{"damage":13.0,"enemies":"Hexaghost","floor":16.0,"turns":11.0},{"damage":5.0,"enemies":"Shell Parasite","floor":18.0,"turns":8.0},{"damage":0.0,"enemies":"Chosen","floor":20.0,"turns":6.0},{"damage":13.0,"enemies":"Gremlin Leader","floor":24.0,"turns":9.0},{"damage":2,"enemies":"Snecko","floor":25,"turns":4},{"damage":8,"enemies":"Cultist and Chosen","floor":27,"turns":6}],"seed_played":"-3942396317258398356","potions_obtained":[{"floor":2.0,"key":"GhostInAJar"},{"floor":8.0,"key":"SteroidPotion"},{"floor":12.0,"key":"SkillPotion"},{"floor":20.0,"key":"SkillPotion"},{"floor":25,"key":"ColorlessPotion"}],"is_trial":false,"path_per_floor":["M","M","?","?","?","E","R","E","T","R","M","E","M","$","R","B",null,"M","?","M","?","?","R","E","M","T","M"],"character_chosen":"THE_SILENT","items_purchased":["OrangePellets","Strawberry"],"campfire_rested":0,"item_purchase_floors":[14,14],"current_hp_per_floor":[59,59,64,53,46,46,46,37,37,37,37,37,37,44,44,31,66,61,61,61,61,61,61,48,46,46,38,38],"gold":197,"neow_bonus":"THREE_ENEMY_KILL","is_daily":false,"chose_seed":false,"campfire_upgraded":4,"win_rate":0.0,"timestamp":1608223853,"path_taken":["M","?","?","?","?","E","R","E","T","R","M","E","M","$","R","BOSS","M","?","M","?","?","R","E","M","T","M"],"items_purchased_type":["Relic","Relic"],"build_version":"2020-12-13","purchased_purges":1,"victory":false,"max_hp_per_floor":[66,66,71,71,71,71,71,71,71,71,71,71,71,78,78,78,78,78,78,78,78,78,78,78,78,78,78,78],"card_choices":[{"not_picked":["Backflip","Quick Slash"],"picked":"Prepared","floor":1.0},{"not_picked":["Quick Slash","Blade Dance"],"picked":"Underhanded Strike","floor":2.0},{"not_picked":["Slice","Deflect"],"picked":"Unload","floor":6.0},{"not_picked":["Cloak And Dagger","Doppelganger","Blade Dance"],"picked":"SKIP","floor":8.0},{"not_picked":["Dodge and Roll","Accuracy"],"picked":"Well Laid Plans","floor":11.0},{"not_picked":["Deflect","Dodge and Roll"],"picked":"Dagger Throw","floor":12.0},{"not_picked":["Deflect","Acrobatics"],"picked":"Terror","floor":13.0},{"not_picked":["Die Die Die","Malaise"],"picked":"Tools of the Trade","floor":16.0},{"not_picked":["Sucker Punch","Catalyst","Quick Slash"],"picked":"SKIP","floor":18.0},{"not_picked":["Dagger Spray+1","Deflect","Bane"],"picked":"SKIP","floor":20.0},{"not_picked":["Unload","Acrobatics"],"picked":"Tactician","floor":24},{"not_picked":["Backflip","Dodge and Roll"],"picked":"Footwork","floor":25}],"player_experience":429388,"relics_obtained":[{"floor":6.0,"key":"HornCleat"},{"floor":8.0,"key":"Whetstone"},{"floor":9.0,"key":"The Courier"},{"floor":12.0,"key":"Bag of Preparation"},{"floor":24,"key":"War Paint"},{"floor":24,"key":"Dream Catcher"},{"floor":26,"key":"Frozen Egg 2"}],"event_choices":[{"damage_healed":0.0,"max_hp_gain":5.0,"max_hp_loss":0.0,"gold_gain":0.0,"event_name":"Big Fish","player_choice":"Donut","floor":3.0,"gold_loss":0.0,"damage_taken":0.0},{"damage_healed":0.0,"max_hp_gain":0.0,"max_hp_loss":0.0,"gold_gain":75.0,"event_name":"World of Goop","player_choice":"Gather Gold","floor":4.0,"gold_loss":0.0,"damage_taken":11.0},{"cards_removed":["Strike_G"],"damage_healed":0.0,"max_hp_gain":0.0,"max_hp_loss":0.0,"gold_gain":0.0,"event_name":"Golden Wing","player_choice":"Card Removal","floor":5.0,"gold_loss":0.0,"damage_taken":7.0},{"damage_healed":0.0,"max_hp_gain":0.0,"max_hp_loss":0.0,"gold_gain":0.0,"event_name":"Vampires","player_choice":"Ignored","floor":19.0,"gold_loss":0.0,"damage_taken":0.0},{"damage_healed":0.0,"max_hp_gain":0.0,"max_hp_loss":0.0,"gold_gain":50.0,"event_name":"Nest","player_choice":"Stole From Cult","floor":21.0,"gold_loss":0.0,"damage_taken":0.0},{"damage_healed":0.0,"max_hp_gain":0.0,"max_hp_loss":0.0,"gold_gain":0.0,"event_name":"Ghosts","player_choice":"Ignored","floor":22.0,"gold_loss":0.0,"damage_taken":0.0}],"is_beta":false,"boss_relics":[{"not_picked":["Philosopher\u0027s Stone","Snecko Eye"],"picked":"Black Star"}],"items_purged_floors":[14],"is_endless":false,"potions_floor_spawned":[2,8,12,20,25],"killed_by":"Cultist and Chosen","ascension_level":15}}