{"host":"jak4ncvfzor9mys0","time":1608229559,"event":{"mods":["2.2 Compatiblity","AchievementEnabler","BaseMod","Better Altar","Better Match","Better Note","Better Sensory Stone","Better Skull","Better Third Choice","BetterRewards","Block Reminder","Colored Map","Colored Powertips","Energized Spire","Gold Saver","Hubris","Infinite Spire","Key Reminder","Minty Spire (QoL Compilation)","Rare Cards Sparkle","Red Circlet Mod","Relic Sorter","Relic Stats","Replay The Spire","Retaliation","StSLib","SuperFastMode","The Blue Laboratory"],"gold_per_floor":[854,488,504,517,517,517,528,528,553,503,503,517,167,180,180,276,276,286,305,321,321,321,351,351,368,414,414,414,289,306,341,341,436,436,448,448,448,463,513,543,561,561,587,587,597,597,615,625,625,625,625],"floor_reached":50,"playtime":1361,"items_purged":["Defend_R","Strike_R","Defend_R","Defend_R"],"score":529,"play_id":"157d6d1e-6e4a-45b0-b34e-46bc7bd68766","local_time":"20201217102559","is_ascension_mode":false,"campfire_choices":[{"data":"Shrug It Off","floor":6,"key":"SMITH"},{"data":"Body Slam","floor":8,"key":"SMITH"},{"data":"Iron Wave","floor":15,"key":"SMITH"},{"floor":24,"key":"REST"},{"data":"Shrug It Off","floor":28,"key":"SMITH"},{"data":"Shrug It Off","floor":32,"key":"SMITH"},{"data":"Twin Strike","floor":42,"key":"SMITH"},{"data":"Perfected Strike","floor":49,"key":"SMITH"}],"circlet_count":0,"master_deck":["Strike_R+1","Strike_R+1","Strike_R","Defend_R","Bash","Shrug It Off+1","Twin Strike+1","Body Slam+1","Iron Wave+1","Demon Form","Pommel Strike","Shrug It Off+1","Pommel Strike","Shrug It Off+1","Perfected Strike+1","Perfected Strike+1","Twin Strike+1","Perfected Strike+1","ReplayTheSpireMod:Stacked","Perfected Strike"],"relics":["Burning Blood","Replay:Mystery Machine","Kunai","Replay:Kaleidoscope","infinitespire:Beetle Shell","Pen Nib","infinitespire:Lychee Nut","hubris:Icosahedron","Bag of Preparation","StrikeDummy","Sozu","hubris:TenFootPole","Replay:Rubber Ducky","Simple Rune","hubris:Towel","Bird Faced Urn","Centennial Puzzle"],"acts_visited":["Exordium","TheCity","TheBeyond"],"potions_floor_usage":[23,23],"damage_taken":[{"damage":2,"enemies":"2 Louse","floor":1,"turns":4},{"damage":5,"enemies":"Small Slimes","floor":3,"turns":3},{"damage":6,"enemies":"Cultist","floor":4,"turns":3},{"damage":10,"enemies":"Exordium Wildlife","floor":7,"turns":4},{"damage":11,"enemies":"3 Louse","floor":12,"turns":3},{"damage":0,"enemies":"Looter","floor":14,"turns":2},{"damage":24,"enemies":"Hexaghost","floor":16,"turns":7},{"damage":10,"enemies":"Spheric Guardian","floor":18,"turns":3},{"damage":0,"enemies":"Chosen","floor":19,"turns":2},{"damage":13,"enemies":"Shelled Parasite and Fungi","floor":20,"turns":3},{"damage":42,"enemies":"Nightmare","floor":23,"turns":6},{"damage":2,"enemies":"Snake Plant","floor":25,"turns":3},{"damage":0,"enemies":"Cultist and Chosen","floor":30,"turns":4},{"damage":13,"enemies":"Book of Stabbing","floor":31,"turns":4},{"damage":19,"enemies":"hubris:MusketHawk","floor":33,"turns":6},{"damage":0,"enemies":"Orb Walker","floor":35,"turns":3},{"damage":9,"enemies":"3 Darklings","floor":38,"turns":5},{"damage":0,"enemies":"Mind Bloom Boss Battle","floor":39,"turns":4},{"damage":29,"enemies":"Giant Head","floor":40,"turns":7},{"damage":1,"enemies":"Transient","floor":41,"turns":5},{"damage":0,"enemies":"Jaw Worm Horde","floor":45,"turns":4},{"damage":7,"enemies":"3 Darklings","floor":47,"turns":3},{"damage":0,"enemies":"Transient","floor":48,"turns":5},{"damage":62,"enemies":"infinitespire:MassOfShapes","floor":50,"turns":7}],"seed_played":"-4423102684145470311","potions_obtained":[{"floor":3,"key":"blueLaboratory:HeartbeatPotion"},{"floor":4,"key":"blueLaboratory:PyrophylliteBrew"},{"floor":7,"key":"EntropicBrew"}],"is_trial":false,"path_per_floor":["M","$","M","M","?","R","M","R","T","?","?","M","$","M","R","B",null,"M","M","M","?","?","NM","R","M","T","T","R","$","M","E","R","B",null,"M","AVR","?","M","?","E","M","R","T","?","M","?","M","M","R","B"],"character_chosen":"IRONCLAD","items_purchased":["infinitespire:Lychee Nut","StrikeDummy"],"campfire_rested":1,"item_purchase_floors":[2,13],"current_hp_per_floor":[80,60,60,60,60,60,59,59,59,59,59,57,57,60,60,43,60,56,60,53,53,53,23,41,50,50,50,50,50,60,54,54,47,60,60,60,60,58,60,37,50,50,50,50,57,52,56,57,57,0,0],"gold":625,"neow_bonus":"RANDOM_COMMON_RELIC","is_daily":false,"chose_seed":false,"campfire_upgraded":7,"win_rate":0.0,"timestamp":1608229559,"path_taken":["M","$","M","M","?","R","M","R","T","?","?","?","$","M","R","BOSS","M","M","M","?","?","NM","R","M","T","?","R","?","?","E","R","BOSS","M","AVR","?","M","?","E","M","R","T","?","M","?","M","M","R","BOSS"],"items_purchased_type":["Relic","Relic"],"build_version":"2020-12-13","purchased_purges":4,"victory":false,"max_hp_per_floor":[80,60,60,60,60,60,60,60,60,60,60,60,60,60,60,60,60,60,60,60,60,60,60,60,60,60,60,60,60,60,60,60,60,60,60,60,60,60,60,60,60,60,60,57,57,57,57,57,57,57,57],"relic_stats":{"Sozu":7,"Centennial Puzzle":[6],"counters":[24,100],"Bird Faced Urn":[6],"Pen Nib":[20],"Bag of Preparation":[40],"Kunai":[7],"obtain_stats":[{"Pen Nib":0,"infinitespire:Beetle Shell":26,"Bag of Preparation":9,"Replay:Kaleidoscope":36,"hubris:Towel":37,"Replay:Mystery Machine":46,"Burning Blood":0,"Replay:Rubber Ducky":27,"Sozu":17,"Centennial Puzzle":43,"hubris:Icosahedron":5,"infinitespire:Lychee Nut":2,"Bird Faced Urn":39,"Simple Rune":31,"hubris:TenFootPole":23,"Kunai":40,"StrikeDummy":13},{"Pen Nib":0,"infinitespire:Beetle Shell":12,"Bag of Preparation":4,"Replay:Kaleidoscope":16,"hubris:Towel":16,"Replay:Mystery Machine":21,"Burning Blood":0,"Replay:Rubber Ducky":12,"Sozu":7,"Centennial Puzzle":20,"hubris:Icosahedron":3,"infinitespire:Lychee Nut":1,"Bird Faced Urn":18,"Simple Rune":14,"hubris:TenFootPole":11,"Kunai":19,"StrikeDummy":5},{"Pen Nib":0,"infinitespire:Beetle Shell":43,"Bag of Preparation":14,"Replay:Kaleidoscope":60,"hubris:Towel":60,"Replay:Mystery Machine":85,"Burning Blood":0,"Replay:Rubber Ducky":43,"Sozu":26,"Centennial Puzzle":81,"hubris:Icosahedron":10,"infinitespire:Lychee Nut":4,"Bird Faced Urn":69,"Simple Rune":51,"hubris:TenFootPole":40,"Kunai":76,"StrikeDummy":17}],"Burning Blood":96},"card_choices":[{"not_picked":["Inflame","ReplayTheSpireMod:Stacked"],"picked":"Shrug It Off","floor":1},{"not_picked":["Anger","Hemogenesis"],"picked":"Twin Strike","floor":3},{"not_picked":["DDmod:EasePowerCard","ReplayTheSpireMod:Corrosion Curse","Heavy Blade"],"picked":"SKIP","floor":4},{"not_picked":["Infernal Blade","Combust"],"picked":"Body Slam","floor":7},{"not_picked":["DDmod:SpikedSkill","Warcry","infinitespire:OneForAll"],"picked":"SKIP","floor":12},{"not_picked":["Run Through","ReplayTheSpireMod:Corrosion Curse"],"picked":"Iron Wave","floor":14},{"not_picked":["Corruption","DDmod:GrandUltimatumAttack"],"picked":"Demon Form","floor":16},{"not_picked":["Sever Soul","DDmod:CallousedSkill"],"picked":"Pommel Strike","floor":18},{"not_picked":["ReplayTheSpireMod:Strike From Hell+1","Reckless Charge+1"],"picked":"Shrug It Off","floor":19},{"not_picked":["ReplayTheSpireMod:Corrosion Curse","DDmod:PokeAttack"],"picked":"Pommel Strike","floor":20},{"not_picked":["Havoc","DDmod:GrandUltimatumAttack","Rampage"],"picked":"SKIP","floor":23},{"not_picked":["ReplayTheSpireMod:Muscle Training","Pommel Strike"],"picked":"Shrug It Off","floor":25},{"not_picked":["DDmod:PokeAttack","Clash"],"picked":"Perfected Strike+1","floor":30},{"not_picked":["Life Link+1","Hemogenesis","Twin Strike"],"picked":"SKIP","floor":31},{"not_picked":["Seeing Red+1","Second Wind"],"picked":"Perfected Strike+1","floor":35},{"not_picked":["Body Slam","Massacre+1"],"picked":"Twin Strike","floor":38},{"not_picked":["Shrug It Off+1","Wild Strike"],"picked":"Perfected Strike","floor":39},{"not_picked":["Defy Death+1","Twin Strike+1"],"picked":"ReplayTheSpireMod:Stacked","floor":40},{"not_picked":["DDmod:EasePowerCard","Dark Embrace+1","Burning Pact+1"],"picked":"SKIP","floor":41},{"not_picked":["Fiend Fire","Clothesline","Replay:Undeath\u0027s Touch+1"],"picked":"SKIP","floor":45},{"not_picked":["Seeing Red","Body Slam","Bludgeon"],"picked":"SKIP","floor":47},{"not_picked":["Dark Embrace","Pommel Strike"],"picked":"Perfected Strike","floor":48}],"player_experience":2632287,"relics_obtained":[{"floor":9,"key":"Bag of Preparation"},{"floor":23,"key":"hubris:TenFootPole"},{"floor":26,"key":"infinitespire:Beetle Shell"},{"floor":27,"key":"Replay:Rubber Ducky"},{"floor":31,"key":"Simple Rune"},{"floor":39,"key":"Bird Faced Urn"},{"floor":40,"key":"Kunai"},{"floor":43,"key":"Centennial Puzzle"}],"event_choices":[{"cards_removed":["Strike_R"],"damage_healed":0,"gold_gain":0,"player_choice":"Card Removal","damage_taken":0,"max_hp_gain":0,"max_hp_loss":0,"event_name":"The Cleric","floor":10,"gold_loss":50},{"damage_healed":0,"gold_gain":0,"player_choice":"Forge","damage_taken":0,"max_hp_gain":0,"max_hp_loss":0,"event_name":"Accursed Blacksmith","floor":11,"gold_loss":0,"cards_upgraded":["Twin Strike"]},{"damage_healed":0,"gold_gain":0,"player_choice":"Ignored","damage_taken":0,"max_hp_gain":0,"max_hp_loss":0,"event_name":"Transmorgrifier","floor":21,"gold_loss":0},{"damage_healed":0,"gold_gain":0,"player_choice":"Ignored","damage_taken":0,"max_hp_gain":0,"max_hp_loss":0,"event_name":"N\u0027loth","floor":22,"gold_loss":0},{"damage_healed":0,"gold_gain":0,"player_choice":"Fight","damage_taken":0,"max_hp_gain":0,"max_hp_loss":0,"event_name":"MindBloom","floor":39,"gold_loss":0},{"damage_healed":0,"gold_gain":0,"player_choice":"Max HP","damage_taken":0,"max_hp_gain":0,"max_hp_loss":3,"event_name":"Winding Halls","floor":44,"gold_loss":0},{"damage_healed":0,"gold_gain":0,"player_choice":"RE ","damage_taken":13,"relics_obtained":["Replay:Mystery Machine"],"max_hp_gain":0,"max_hp_loss":0,"event_name":"betterSkull:BetterSkull","floor":46,"gold_loss":0,"cards_upgraded":[]}],"is_beta":false,"boss_relics":[{"not_picked":["Coffee Dripper","Runic Cube"],"picked":"Sozu"},{"not_picked":["energizedSpire:StickyHand","energizedSpire:EnergizedDie","Painkiller Herb"]}],"items_purged_floors":[2,13,29,36],"is_endless":true,"potions_floor_spawned":[3,4,7,19,20,25,30,33,39,40,48],"killed_by":"infinitespire:MassOfShapes","ascension_level":0}}