{"host":"3j2m8n0ywf988fwb","time":1608173513,"event":{"mods":["BaseMod","Colored Map","Colored Powertips","Downfall","Highlight Path","Minty Spire (QoL Compilation)","StSLib"],"gold_per_floor":[99,119,44,44,58,58,58,58,58,86,17,36,48,48,60,60,60],"floor_reached":16,"playtime":593,"items_purged":[],"score":130,"play_id":"1925cfb8-e8d8-4ce7-9df6-6200ccd583b5","local_time":"20201216205153","is_ascension_mode":true,"campfire_choices":[{"floor":1,"key":"RECALL"},{"data":"Slimebound:CorrosiveSpit","floor":3,"key":"SMITH"},{"data":"Slimebound:ComboTackle","floor":6,"key":"SMITH"}],"circlet_count":0,"master_deck":["Slimebound:Strike_Slimebound","Slimebound:Strike_Slimebound","Slimebound:Tackle+1","Slimebound:Defend_Slimebound","Slimebound:Defend_Slimebound","Slimebound:Defend_Slimebound","Slimebound:Defend_Slimebound","Slimebound:Split","Slimebound:CorrosiveSpit+1","Slimebound:LeechLife","Slimebound:TongueLash","Regret","Slimebound:ComboTackle+1","Slimebound:LeechEnergy","Slimebound:SamplingLick","Slimebound:SamplingLick","Slimebound:Schlurp","Slimebound:MegaLick"],"relics":["Slimebound:AbsorbEndCombat","downfall:HeartBlessingRed","HornCleat","Singing Bowl","Boot"],"acts_visited":["Exordium"],"potions_floor_usage":[10,15],"damage_taken":[{"damage":22,"enemies":"Small Slimes","floor":2,"turns":4},{"damage":12,"enemies":"Jaw Worm","floor":5,"turns":4},{"damage":38,"enemies":"Gremlin Nob","floor":10,"turns":4},{"damage":7,"enemies":"downfall:FleeingMerchant","floor":11,"turns":4},{"damage":4,"enemies":"2 Louse","floor":12,"turns":2},{"damage":16,"enemies":"Exordium Thugs","floor":13,"turns":4},{"damage":18,"enemies":"Lots of Slimes","floor":15,"turns":3},{"damage":55,"enemies":"downfall:Silent","floor":16,"turns":6}],"seed_played":"-1209976284974530644","potions_obtained":[{"floor":2,"key":"ColorlessPotion"},{"floor":13,"key":"LiquidMemories"},{"floor":15,"key":"hexamod:EctoCoolerPotion"}],"is_trial":false,"path_per_floor":["R","M","R","?","M","R","T","T","?","E","$","M","M","?","M","B"],"character_chosen":"SLIMEBOUND","items_purchased":["Slimebound:SamplingLick"],"campfire_rested":0,"item_purchase_floors":[11],"current_hp_per_floor":[54,40,40,40,42,42,42,42,42,12,13,15,19,19,25,0,0],"gold":60,"neow_bonus":"ONE_RANDOM_RARE_CARD","is_daily":false,"chose_seed":false,"campfire_upgraded":2,"win_rate":0.0,"timestamp":1608173513,"path_taken":["R","M","R","?","M","R","T","?","?","E","$","?","?","?","M","BOSS"],"items_purchased_type":["Card"],"build_version":"2020-12-13","purchased_purges":0,"victory":false,"max_hp_per_floor":[60,60,60,60,60,60,60,60,60,60,60,60,60,60,62,62,62],"card_choices":[{"not_picked":["Slimebound:ViciousTackle","Slimebound:LeechingTouch"],"picked":"Slimebound:TongueLash","floor":2},{"not_picked":["Slimebound:SplitLeeching","Slimebound:LeechingTouch"],"picked":"Slimebound:ComboTackle","floor":5},{"not_picked":["Slimebound:PressTheAttack","Slimebound:LeadByExample"],"picked":"Slimebound:LeechEnergy","floor":10},{"not_picked":["Slimebound:Gluttony","Slimebound:LeechLife"],"picked":"Slimebound:SamplingLick","floor":11},{"not_picked":["Slimebound:SplitBruiser","Slimebound:Chomp"],"picked":"Slimebound:Schlurp","floor":12},{"not_picked":["Slimebound:Repurpose","Slimebound:Schlurp"],"picked":"Slimebound:MegaLick","floor":13},{"not_picked":["Slimebound:ComboTackle","Slimebound:SplitBruiser","Slimebound:GrowthPunch"],"picked":"Singing Bowl","floor":15}],"player_experience":932601,"relics_obtained":[{"floor":7,"key":"Singing Bowl"},{"floor":10,"key":"Boot"}],"event_choices":[{"damage_healed":0,"gold_gain":0,"player_choice":"Box","damage_taken":0,"relics_obtained":["HornCleat"],"max_hp_gain":0,"max_hp_loss":0,"event_name":"Big Fish","floor":4,"gold_loss":0,"cards_obtained":["Regret"]},{"damage_healed":0,"gold_gain":0,"player_choice":"Forge","damage_taken":0,"max_hp_gain":0,"max_hp_loss":0,"event_name":"Accursed Blacksmith","floor":9,"gold_loss":0,"cards_upgraded":["Slimebound:Tackle"]}],"is_beta":false,"boss_relics":[],"items_purged_floors":[],"is_endless":false,"potions_floor_spawned":[2,13,15],"killed_by":"downfall:Silent","ascension_level":6}}