{"host":"vumwfieg2b2mnrfl","time":1608175599,"event":{"mods":["AchievementEnabler","BaseMod","Minty Spire (QoL Compilation)","Rare Cards Sparkle","Relic Stats"],"gold_per_floor":[18,18,18,38,113,148,148,187,234,199,199,199,212,227,227,347,347,368,386,410,410,410],"floor_reached":21,"playtime":683,"items_purged":[],"score":246,"play_id":"a72fd162-0b54-43a4-b7dc-824ef5a94b71","local_time":"20201216212639","is_ascension_mode":true,"campfire_choices":[{"floor":7,"key":"REST"},{"data":"Searing Blow+1","floor":11,"key":"SMITH"},{"floor":15,"key":"REST"}],"circlet_count":0,"master_deck":["Strike_R","Strike_R","Strike_R","Strike_R","Defend_R","Defend_R","Defend_R","Bash","Carnage","Searing Blow+2","Iron Wave","Injury","True Grit","Rage","Flex","Double Tap","Pommel Strike+1","Demon Form","Shockwave","Shrug It Off"],"relics":["Black Blood","Golden Idol","Happy Flower","MealTicket","Orichalcum","Molten Egg 2"],"acts_visited":["Exordium","TheCity"],"potions_floor_usage":[8,16,20,20],"damage_taken":[{"damage":9,"enemies":"2 Louse","floor":1,"turns":2},{"damage":3,"enemies":"Small Slimes","floor":4,"turns":3},{"damage":54,"enemies":"Lagavulin","floor":6,"turns":9},{"damage":19,"enemies":"3 Sentries","floor":8,"turns":7},{"damage":7,"enemies":"Jaw Worm","floor":13,"turns":2},{"damage":8,"enemies":"Red Slaver","floor":14,"turns":2},{"damage":54,"enemies":"The Guardian","floor":16,"turns":13},{"damage":40,"enemies":"3 Byrds","floor":18,"turns":6},{"damage":20,"enemies":"Shell Parasite","floor":19,"turns":4},{"damage":27,"enemies":"Centurion and Healer","floor":20,"turns":6},{"damage":15,"enemies":"Shelled Parasite and Fungi","floor":21,"turns":2}],"seed_played":"5878659474949130870","potions_obtained":[{"floor":1,"key":"PowerPotion"},{"floor":8,"key":"Strength Potion"},{"floor":14,"key":"Swift Potion"},{"floor":16,"key":"Dexterity Potion"},{"floor":19,"key":"SpeedPotion"},{"floor":20,"key":"FearPotion"}],"is_trial":false,"path_per_floor":["M","?","?","M","?","E","R","E","T","?","R","T","M","M","R","B",null,"M","M","M","M"],"character_chosen":"IRONCLAD","items_purchased":[],"campfire_rested":2,"item_purchase_floors":[],"current_hp_per_floor":[69,69,69,72,61,13,37,24,24,44,44,44,43,41,65,17,64,36,28,13,0,0],"gold":410,"neow_bonus":"TRANSFORM_TWO_CARDS","is_daily":false,"chose_seed":false,"campfire_upgraded":1,"win_rate":0.0,"timestamp":1608175599,"path_taken":["M","?","?","M","?","E","R","E","T","?","R","?","?","M","R","BOSS","M","M","M","M"],"items_purchased_type":[],"build_version":"2020-12-13","purchased_purges":0,"victory":false,"max_hp_per_floor":[80,80,80,80,80,80,80,80,80,80,80,80,80,80,80,80,80,80,80,80,80,80],"relic_stats":{"Happy Flower":[14],"counters":[11,56],"Golden Idol":62,"Black Blood":78,"MealTicket":0,"Orichalcum":[48],"obtain_stats":[{"Happy Flower":6,"Golden Idol":3,"Black Blood":17,"MealTicket":8,"Molten Egg 2":12,"Orichalcum":9,"Burning Blood":0},{"Happy Flower":3,"Golden Idol":1,"Black Blood":7,"MealTicket":4,"Molten Egg 2":4,"Orichalcum":4,"Burning Blood":0},{"Happy Flower":14,"Golden Idol":2,"Black Blood":38,"MealTicket":21,"Molten Egg 2":21,"Orichalcum":21,"Burning Blood":0}]},"card_choices":[{"not_picked":["Uppercut","Body Slam"],"picked":"Iron Wave","floor":1},{"not_picked":["Headbutt","Clash"],"picked":"True Grit","floor":4},{"not_picked":["Perfected Strike","Combust"],"picked":"Rage","floor":6},{"not_picked":["Whirlwind","Iron Wave"],"picked":"Flex","floor":8},{"not_picked":["Inflame","Disarm"],"picked":"Double Tap","floor":13},{"not_picked":["Hemokinesis+1","Body Slam+1"],"picked":"Pommel Strike+1","floor":14},{"not_picked":["Brutality","Corruption"],"picked":"Demon Form","floor":16},{"not_picked":["Pummel+1","Warcry"],"picked":"Shockwave","floor":18},{"not_picked":["Pummel+1","Cleave+1","Blood for Blood+1"],"picked":"SKIP","floor":19},{"not_picked":["Clash+1","Clothesline+1"],"picked":"Shrug It Off","floor":20}],"player_experience":229424,"relics_obtained":[{"floor":6,"key":"Happy Flower"},{"floor":8,"key":"MealTicket"},{"floor":9,"key":"Orichalcum"},{"floor":12,"key":"Molten Egg 2"}],"event_choices":[{"damage_healed":0,"gold_gain":0,"player_choice":"Grow","damage_taken":0,"max_hp_gain":0,"max_hp_loss":0,"event_name":"Living Wall","floor":2,"gold_loss":0,"cards_upgraded":["Searing Blow"]},{"damage_healed":0,"gold_gain":0,"player_choice":"Take Wound","damage_taken":0,"relics_obtained":["Golden Idol"],"max_hp_gain":0,"max_hp_loss":0,"event_name":"Golden Idol","floor":3,"gold_loss":0,"cards_obtained":["Injury"]},{"damage_healed":0,"gold_gain":75,"player_choice":"Gather Gold","damage_taken":11,"max_hp_gain":0,"max_hp_loss":0,"event_name":"World of Goop","floor":5,"gold_loss":0},{"damage_healed":20,"gold_gain":0,"player_choice":"Healed","damage_taken":0,"max_hp_gain":0,"max_hp_loss":0,"event_name":"The Cleric","floor":10,"gold_loss":35}],"is_beta":false,"boss_relics":[{"not_picked":["Velvet Choker","Busted Crown"],"picked":"Black Blood"}],"items_purged_floors":[],"is_endless":false,"potions_floor_spawned":[1,8,14,16,19,20],"killed_by":"Shelled Parasite and Fungi","ascension_level":6}}