{"host":"7tvb1em0d2fx72q7","time":1608183539,"event":{"mods":["BaseMod","Challenge The Spire","Minty Spire (QoL Compilation)","StSLib","everything is the same but u backflip on backflip"],"gold_per_floor":[117,132,145,18,18,46,61,61,86,86,111,127,127,137,137,209,209,209,209,209,209,209,209,209],"floor_reached":23,"playtime":1392,"items_purged":[],"score":376,"play_id":"97ac0757-4155-42b3-8b82-a825b2284fd1","local_time":"20201217003859","is_ascension_mode":true,"campfire_choices":[{"data":"Blasphemy","floor":8.0,"key":"SMITH"},{"data":"TalkToTheHand","floor":10.0,"key":"SMITH"},{"data":"SandsOfTime","floor":13.0,"key":"SMITH"},{"floor":15.0,"key":"REST"}],"circlet_count":0,"master_deck":["AscendersBane","Strike_P","Strike_P","Defend_P","Defend_P","Defend_P","Defend_P","Eruption","Vigilance","SandsOfTime+1","BowlingBash","ClearTheMind","Blasphemy+1","CrushJoints","TalkToTheHand+1","EmptyBody","TalkToTheHand","ReachHeaven","Protect","Consecrate","CarveReality","Swivel"],"relics":["PureWater","Art of War","MealTicket","Tiny Chest","Toy Ornithopter","Ectoplasm"],"acts_visited":["Exordium","TheCity"],"potions_floor_usage":[18,22],"damage_taken":[{"damage":4.0,"enemies":"Jaw Worm","floor":1.0,"turns":3.0},{"damage":0.0,"enemies":"Cultist","floor":2.0,"turns":2.0},{"damage":0.0,"enemies":"2 Louse","floor":3.0,"turns":2.0},{"damage":7.0,"enemies":"Lagavulin","floor":6.0,"turns":4.0},{"damage":4.0,"enemies":"Blue Slaver","floor":7.0,"turns":4.0},{"damage":25.0,"enemies":"3 Sentries","floor":11.0,"turns":5.0},{"damage":0.0,"enemies":"3 Louse","floor":12.0,"turns":3.0},{"damage":0.0,"enemies":"2 Fungi Beasts","floor":14.0,"turns":1.0},{"damage":12.0,"enemies":"Hexaghost","floor":16.0,"turns":6.0},{"damage":10,"enemies":"Shell Parasite","floor":18,"turns":5},{"damage":3,"enemies":"Chosen","floor":20,"turns":6},{"damage":10,"enemies":"Shelled Parasite and Fungi","floor":22,"turns":4},{"damage":58,"enemies":"Slavers","floor":23,"turns":3}],"seed_played":"3749192353497517053","potions_obtained":[{"floor":1.0,"key":"DuplicationPotion"},{"floor":7.0,"key":"CultistPotion"},{"floor":11.0,"key":"Fire Potion"},{"floor":14.0,"key":"SpeedPotion"},{"floor":18,"key":"CultistPotion"},{"floor":22,"key":"Weak Potion"}],"is_trial":false,"path_per_floor":["M","M","M","$","?","E","M","R","T","R","E","M","R","M","R","B",null,"M","?","M","?","M","E"],"character_chosen":"WATCHER","items_purchased":["Blasphemy","CrushJoints"],"campfire_rested":1,"item_purchase_floors":[4,4],"current_hp_per_floor":[57,57,57,57,57,50,46,46,46,46,21,26,26,26,46,34,60,55,55,52,52,47,0,0],"gold":209,"neow_bonus":"RANDOM_COMMON_RELIC","is_daily":false,"chose_seed":false,"campfire_upgraded":3,"win_rate":0.0,"timestamp":1608183539,"path_taken":["M","M","M","$","?","E","?","R","T","R","E","M","R","M","R","BOSS","M","?","?","?","M","E"],"items_purchased_type":["Card","Card"],"build_version":"2020-12-13","purchased_purges":0,"victory":false,"max_hp_per_floor":[68,68,68,68,68,68,68,68,68,68,68,68,68,68,68,68,68,68,68,68,68,68,68,68],"card_choices":[{"not_picked":["FlurryOfBlows","Prostrate"],"picked":"SandsOfTime","floor":1.0},{"not_picked":["FlurryOfBlows","CrushJoints"],"picked":"BowlingBash","floor":2.0},{"not_picked":["SashWhip","JustLucky"],"picked":"ClearTheMind","floor":3.0},{"not_picked":["Weave","Scrawl"],"picked":"TalkToTheHand","floor":6.0},{"not_picked":["CrushJoints","Adaptation"],"picked":"EmptyBody","floor":7.0},{"not_picked":["Collect","ClearTheMind"],"picked":"TalkToTheHand","floor":11.0},{"not_picked":["EmptyMind","EmptyFist"],"picked":"ReachHeaven","floor":12.0},{"not_picked":["PathToVictory","Brilliance"],"picked":"Protect","floor":14.0},{"not_picked":["Prostrate+1","EmptyFist","PathToVictory"],"picked":"SKIP","floor":18},{"not_picked":["ReachHeaven","SashWhip"],"picked":"CarveReality","floor":20},{"not_picked":["Prostrate+1","Study"],"picked":"Swivel","floor":22}],"player_experience":1848544,"relics_obtained":[{"floor":6.0,"key":"MealTicket"},{"floor":9.0,"key":"Tiny Chest"},{"floor":11.0,"key":"Toy Ornithopter"}],"event_choices":[{"cards_removed":["Strike_P"],"damage_healed":0.0,"max_hp_gain":0.0,"max_hp_loss":0.0,"gold_gain":0.0,"event_name":"Purifier","player_choice":"Purged","floor":5.0,"gold_loss":0.0,"damage_taken":0.0},{"damage_healed":0,"gold_gain":0,"cards_transformed":["Strike_P"],"player_choice":"Transformed","damage_taken":0,"max_hp_gain":0,"max_hp_loss":0,"event_name":"Transmorgrifier","floor":19,"gold_loss":0,"cards_obtained":["Consecrate"]},{"damage_healed":0,"gold_gain":0,"player_choice":"Ignored","damage_taken":0,"max_hp_gain":0,"max_hp_loss":0,"event_name":"Vampires","floor":21,"gold_loss":0}],"is_beta":false,"boss_relics":[{"not_picked":["SacredBark","SlaversCollar"],"picked":"Ectoplasm"}],"items_purged_floors":[],"is_endless":false,"potions_floor_spawned":[1,7,11,14,18,22],"killed_by":"Slavers","ascension_level":17}}