{"host":"8rwnpls8n88jrgbg","time":1608213496,"event":{"mods":["AchievementEnabler","BaseMod","Colored Map","Colored Powertips","DeckTracker","Keyboard Shortcuts","Minty Spire (QoL Compilation)","Relic Stats","StSLib","SuperFastMode"],"gold_per_floor":[13,29,45,45,64,64,120,120,120,120,120],"floor_reached":10,"playtime":467,"items_purged":[],"score":116,"play_id":"8a9e66fc-795c-46ca-8b05-0b714f6c3e01","local_time":"20201217225816","is_ascension_mode":true,"campfire_choices":[{"data":"Bouncing Flask","floor":6.0,"key":"SMITH"},{"data":"Terror","floor":8.0,"key":"SMITH"}],"circlet_count":0,"master_deck":["AscendersBane","Strike_G","Strike_G","Strike_G","Strike_G","Defend_G","Defend_G","Defend_G","Defend_G","Survivor","Neutralize","Dagger Spray","Bouncing Flask+1","Acrobatics","Pain","Footwork","Terror+1"],"relics":["Ring of the Snake","WarpedTongs","Calipers","Ginger"],"acts_visited":["Exordium"],"potions_floor_usage":[],"damage_taken":[{"damage":1.0,"enemies":"Jaw Worm","floor":1.0,"turns":9.0},{"damage":0.0,"enemies":"Cultist","floor":2.0,"turns":4.0},{"damage":0.0,"enemies":"Small Slimes","floor":3.0,"turns":3.0},{"damage":1.0,"enemies":"3 Louse","floor":5.0,"turns":3.0},{"damage":2.0,"enemies":"Gremlin Nob","floor":7.0,"turns":3.0},{"damage":75,"enemies":"Gremlin Nob","floor":10,"turns":4}],"seed_played":"-7085528031026261071","potions_obtained":[{"floor":3.0,"key":"SkillPotion"}],"is_trial":false,"path_per_floor":["M","M","M","?","M","R","?","R","T","E"],"character_chosen":"THE_SILENT","items_purchased":[],"campfire_rested":0,"item_purchase_floors":[],"current_hp_per_floor":[58,58,58,58,57,57,55,55,55,0,0],"gold":120,"neow_bonus":"REMOVE_TWO","is_daily":false,"chose_seed":false,"campfire_upgraded":2,"win_rate":0.0,"timestamp":1608213496,"path_taken":["M","M","M","?","?","R","?","R","T","E"],"items_purchased_type":[],"build_version":"2020-12-13","purchased_purges":0,"victory":false,"max_hp_per_floor":[66,66,66,66,66,66,66,66,66,66,66],"relic_stats":{"counters":[6,26],"Ginger":[0],"obtain_stats":[{"Calipers":7,"Ginger":9,"Ring of the Snake":0,"WarpedTongs":4},{"Calipers":5,"Ginger":5,"Ring of the Snake":0,"WarpedTongs":3},{"Calipers":22,"Ginger":22,"Ring of the Snake":0,"WarpedTongs":16}],"Ring of the Snake":[12],"WarpedTongs":[10]},"card_choices":[{"not_picked":["All Out Attack","Deflect"],"picked":"Dagger Spray","floor":1.0},{"not_picked":["Bane","Quick Slash"],"picked":"Bouncing Flask","floor":2.0},{"not_picked":["Skewer","Slice"],"picked":"Acrobatics","floor":3.0},{"not_picked":["Slice","Outmaneuver"],"picked":"Footwork","floor":5.0},{"not_picked":["Predator","Dagger Spray"],"picked":"Terror","floor":7.0}],"player_experience":1454808,"relics_obtained":[{"floor":7.0,"key":"Calipers"},{"floor":9.0,"key":"Ginger"}],"event_choices":[{"damage_healed":0.0,"max_hp_gain":0.0,"max_hp_loss":0.0,"gold_gain":0.0,"event_name":"Accursed Blacksmith","player_choice":"Rummage","floor":4.0,"gold_loss":0.0,"damage_taken":0.0,"relics_obtained":["WarpedTongs"],"cards_obtained":["Pain"]},{"damage_healed":0.0,"max_hp_gain":0.0,"max_hp_loss":0.0,"gold_gain":0.0,"event_name":"Dead Adventurer","player_choice":"Searched \u00271\u0027 times","floor":7.0,"gold_loss":0.0,"damage_taken":0.0}],"is_beta":false,"boss_relics":[],"items_purged_floors":[],"is_endless":false,"potions_floor_spawned":[3],"killed_by":"Gremlin Nob","ascension_level":20}}