{"host":"z9grmtg2w0nmz8n1","time":1608185028,"event":{"mods":["Aspiration","Bard","BaseMod","Beaked The Cultist","Better Altar","Better Match","Better Third Choice","BetterRewards","CCEM","Colored Map","Conspire","GifTheSpireLib","Googly Eyes","Highlight Path","Hubris","Infinite Spire","Jedi Mod","Jorbs\u0027s Wanderer Trilogy","Minty Spire (QoL Compilation)","Permanent Neow","Replay The Spire","Spicy Shops","StSLib","Stuff the Spire","The Bug Knight"],"gold_per_floor":[114,114,203,203,203,233,248,263,263,278,308,308,308,338,338,438,438,453,478,478,388,403,433,220,220,270,285,285,315,345,345,345,445,445,460,460,479,504,404,404,434,434,459,34,34,49,74,89,89,89],"floor_reached":51,"playtime":2723,"items_purged":["Strike_B","Strike_B","Strike_B+1","Static Discharge"],"score":820,"play_id":"8fe036e2-4d66-4d70-a867-c28988ba186c","local_time":"20201217040348","daily_mods":["Specialized","Flight","Lethality"],"is_ascension_mode":false,"campfire_choices":[{"floor":12,"key":"REST"},{"floor":15,"key":"REST"},{"floor":25,"key":"REST"},{"floor":31,"key":"REST"},{"data":"Defragment","floor":32,"key":"SMITH"},{"floor":40,"key":"REST"},{"floor":42,"key":"REST"},{"floor":49,"key":"REST"}],"circlet_count":0,"master_deck":["Defend_B+1","Defend_B+1","Defend_B","Defend_B","Zap","Dualcast","Cold Snap+1","Cold Snap+1","Cold Snap+1","Cold Snap","Cold Snap+1","Defragment+1","Blizzard+1","Machine Learning+1","Defragment+1","Blizzard+1","Defragment+1","ReplayTheSpireMod:GoodbyeWorld+1","Parasite"],"relics":["Cracked Core","hubris:Towel","Centennial Puzzle","Tiny Chest","Nunchaku","Frozen Egg 2","StuffTheSpire:OldFever","Gremlin Food","aspiration:BursterCore","aspiration:EnhancedActuators","MawBank","DataDisk","jedi:arcanewood","Pantograph","conspire:Flyswatter","infinitespire:SolderingIron","conspire:GlowingRock","Lantern","hubris:SlimyHat","CCEMRelics:PorcelainBowl","Anchor","HollowMod:JonisBlessing","ReplayTheSpireMod:TigerMarble","CCEMRelics:SpiritsEdge"],"acts_visited":["Exordium","TheCity","TheBeyond"],"potions_floor_usage":[10,11,16,27,29,29,35,48,50],"damage_taken":[{"damage":0,"enemies":"Cultist","floor":1,"turns":2},{"damage":12,"enemies":"HollowMod:MossKnight","floor":6,"turns":7},{"damage":3,"enemies":"Small Slimes","floor":7,"turns":2},{"damage":6,"enemies":"Jaw Worm","floor":8,"turns":3},{"damage":1,"enemies":"2 Fungi Beasts","floor":10,"turns":3},{"damage":9,"enemies":"Replay:BlueRogue","floor":11,"turns":4},{"damage":12,"enemies":"HollowMod:MossKnight","floor":14,"turns":6},{"damage":7,"enemies":"Slime Boss","floor":16,"turns":6},{"damage":2,"enemies":"Spheric Guardian","floor":18,"turns":4},{"damage":36,"enemies":"2 Thieves","floor":22,"turns":4},{"damage":31,"enemies":"Book of Stabbing","floor":23,"turns":4},{"damage":5,"enemies":"Shelled Parasite and Fungi","floor":27,"turns":4},{"damage":3,"enemies":"conspire:SneckoGhost","floor":29,"turns":6},{"damage":3,"enemies":"HollowMod:Nosk","floor":30,"turns":5},{"damage":6,"enemies":"Automaton","floor":33,"turns":7},{"damage":27,"enemies":"3 Darklings","floor":35,"turns":3},{"damage":37,"enemies":"2 Orb Walkers","floor":37,"turns":5},{"damage":12,"enemies":"R_Hoarder","floor":41,"turns":6},{"damage":0,"enemies":"Orb Walker","floor":46,"turns":3},{"damage":3,"enemies":"Writhing Mass","floor":48,"turns":5},{"damage":0,"enemies":"Time Eater","floor":50,"turns":10}],"seed_played":"-4230686447748436371","potions_obtained":[{"floor":7,"key":"Block Potion"},{"floor":8,"key":"FocusPotion"},{"floor":10,"key":"Energy Potion"},{"floor":16,"key":"Reflective Coating"},{"floor":23,"key":"ColorlessPotion"},{"floor":29,"key":"Dexterity Potion"},{"floor":30,"key":"EssenceOfSteel"},{"floor":35,"key":"CultistPotion"},{"floor":46,"key":"PowerPotion"},{"floor":48,"key":"jedi:StrikingPotion"}],"is_trial":false,"path_per_floor":["M","?","?","?","?","E","M","M","T","M","E","R","?","E","R","B",null,"M","T","?","?","M","E","$","R","T","M","T","E","E","R","R","B",null,"M","?","?","T","$","R","E","R","T","$","AVR","M","T","M","R","B",null],"character_chosen":"DEFECT","items_purchased":["DataDisk","Anchor","HollowMod:JonisBlessing"],"campfire_rested":7,"item_purchase_floors":[24,44,44],"current_hp_per_floor":[75,75,57,50,50,38,35,29,29,28,19,41,41,29,51,44,75,73,73,73,73,37,6,6,28,28,23,23,20,17,39,39,58,75,48,48,11,11,11,33,21,43,43,43,43,43,43,40,62,62],"gold":89,"neow_bonus":"","is_daily":true,"chose_seed":false,"campfire_upgraded":1,"win_rate":0.0,"timestamp":1608185028,"path_taken":["M","?","?","?","?","E","?","M","T","?","E","R","?","E","R","BOSS","M","?","?","?","M","E","$","R","T","?","?","E","E","?","R","BOSS","M","?","?","?","$","R","E","?","T","?","AVR","?","?","?","R","BOSS"],"items_purchased_type":["Relic","Relic","Relic"],"build_version":"2020-12-13","purchased_purges":4,"victory":true,"max_hp_per_floor":[75,75,75,75,75,75,75,75,75,75,75,75,75,75,75,75,75,75,75,75,75,75,75,75,75,75,75,75,75,75,75,75,75,75,75,75,75,75,75,75,75,75,75,75,75,75,75,75,75,75],"card_choices":[{"not_picked":["Conserve Battery","Panic Button","Go for the Eyes"],"picked":"SKIP","floor":1},{"not_picked":["conspire:Rain","Reprogram"],"picked":"Static Discharge","floor":3},{"not_picked":["aspiration:Polymerization","ReplaySolidLightProjector"],"picked":"Defragment","floor":3},{"not_picked":["Barrage","ReplayTheSpireMod:Dual Polarity","StuffTheSpire:LoadUp"],"picked":"SKIP","floor":6},{"not_picked":["Skim","Beam Cell","Stack"],"picked":"SKIP","floor":7},{"not_picked":["Conserve Battery","Lockon","jedi:blockon"],"picked":"SKIP","floor":8},{"not_picked":["ReplaySort","Cold Snap"],"picked":"Blizzard","floor":10},{"not_picked":["Doom and Gloom","jedi:reiji","Turbo"],"picked":"SKIP","floor":11},{"not_picked":["jedi:spotbugs","Hologram","BasicCrystalCard"],"picked":"SKIP","floor":14},{"not_picked":["Amplify","ReplayTheSpireMod:Fabricate Wheel"],"picked":"Machine Learning+1","floor":16},{"not_picked":["jedi:blockon","Steam","StuffTheSpire:CleanHardDrive"],"picked":"SKIP","floor":18},{"not_picked":["Panic Button","Chaos+1"],"picked":"Defragment+1","floor":22},{"not_picked":["StuffTheSpire:Plugnplay+1","Gash"],"picked":"Blizzard","floor":23},{"not_picked":["BasicCrystalCard","Turbo","Gash+1"],"picked":"SKIP","floor":27},{"not_picked":["Coolheaded","StuffTheSpire:Coldhearted","Panic Button+1"],"picked":"SKIP","floor":29},{"not_picked":["Doom and Gloom","Barrage+1","Panic Button"],"picked":"SKIP","floor":30},{"not_picked":["Gash+1","Reprogram"],"picked":"Defragment+1","floor":35},{"not_picked":["Conserve Battery+1","Glacier+1","Stack"],"picked":"SKIP","floor":41},{"not_picked":["BasicCrystalCard+1","Sweeping Beam"],"picked":"ReplayTheSpireMod:GoodbyeWorld+1","floor":46},{"not_picked":["BasicCrystalCard","jedi:locknload","StuffTheSpire:LoadUp"],"picked":"SKIP","floor":48}],"player_experience":570834,"relics_obtained":[{"floor":5,"key":"Tiny Chest"},{"floor":6,"key":"Nunchaku"},{"floor":9,"key":"Frozen Egg 2"},{"floor":11,"key":"StuffTheSpire:OldFever"},{"floor":14,"key":"Gremlin Food"},{"floor":19,"key":"aspiration:EnhancedActuators"},{"floor":23,"key":"MawBank"},{"floor":26,"key":"jedi:arcanewood"},{"floor":28,"key":"Pantograph"},{"floor":29,"key":"conspire:Flyswatter"},{"floor":30,"key":"infinitespire:SolderingIron"},{"floor":37,"key":"conspire:GlowingRock"},{"floor":38,"key":"Lantern"},{"floor":41,"key":"hubris:SlimyHat"},{"floor":43,"key":"CCEMRelics:PorcelainBowl"},{"floor":47,"key":"CCEMRelics:SpiritsEdge"}],"event_choices":[{"damage_healed":0,"gold_gain":0,"player_choice":"Relic ","damage_taken":7,"max_hp_gain":0,"max_hp_loss":0,"event_name":"betterThird:BetterScrap","floor":4,"gold_loss":0,"cards_obtained":["hubris:SharpeningStone"]},{"damage_healed":0,"gold_gain":0,"player_choice":"Leave","damage_taken":0,"max_hp_gain":0,"max_hp_loss":0,"event_name":"conspire:Investor","floor":20,"gold_loss":0},{"cards_removed":["Strike_B"],"damage_healed":0,"gold_gain":0,"player_choice":"Upgrade and Remove","damage_taken":0,"max_hp_gain":0,"max_hp_loss":0,"event_name":"Designer","floor":21,"gold_loss":90,"cards_upgraded":["Cold Snap"]},{"damage_healed":0,"gold_gain":0,"player_choice":"Fight","damage_taken":0,"max_hp_gain":0,"max_hp_loss":0,"event_name":"Mysterious Sphere","floor":37,"gold_loss":0}],"is_beta":false,"boss_relics":[{"not_picked":["Cursed Key","hubris:TerracottaHorce"],"picked":"aspiration:BursterCore"},{"not_picked":["hubris:RunicObelisk","Replay:Bronze Core","Honey Jar"]}],"items_purged_floors":[24,39,44,45],"is_endless":false,"potions_floor_spawned":[7,8,10,16,23,29,30,35,46,48],"ascension_level":0}}