{"host":"jak4ncvfzor9mys0","time":1608169538,"event":{"mods":["2.2 Compatiblity","AchievementEnabler","BaseMod","Better Altar","Better Match","Better Note","Better Sensory Stone","Better Skull","Better Third Choice","BetterRewards","Block Reminder","Colored Map","Colored Powertips","Energized Spire","Gold Saver","Hubris","Infinite Spire","Key Reminder","Minty Spire (QoL Compilation)","Rare Cards Sparkle","Red Circlet Mod","Relic Sorter","Relic Stats","Replay The Spire","Retaliation","StSLib","SuperFastMode","The Blue Laboratory"],"gold_per_floor":[437,241,241,258,278,278,313,393,393,404,423,434,213,231,231,327,327,346,363,72,72,72,92,103,116,142,167,202,202,231,231,231],"floor_reached":31,"playtime":1016,"items_purged":["Strike_B","Strike_B"],"score":379,"play_id":"61d47b7a-3784-425b-89b5-8c1e65469e65","local_time":"20201216174538","is_ascension_mode":false,"campfire_choices":[{"data":"Zap","floor":6.0,"key":"SMITH"},{"data":"Blizzard","floor":15.0,"key":"SMITH"},{"floor":29.0,"key":"REST"}],"circlet_count":0,"master_deck":["Strike_B","Defend_B","Defend_B","Defend_B","Defend_B","Zap+1","Dualcast","Panache","Sweeping Beam","Stack+1","Beam Cell","Scrape","Conserve Battery","Ball Lightning","Cold Snap","Leap","Cold Snap","Blizzard+1","Ball Lightning","FIFO Queue","Leap"],"relics":["Cracked Core","StoneCalendar","Tiny Chest","HornCleat","Centennial Puzzle","Meat on the Bone","SacredBark","PreservedInsect","HandDrill","ReplayFunnel","Blue Doll"],"acts_visited":["Exordium","TheCity"],"potions_floor_usage":[30],"damage_taken":[{"damage":1.0,"enemies":"Cultist","floor":1.0,"turns":3.0},{"damage":1.0,"enemies":"Jaw Worm","floor":4.0,"turns":3.0},{"damage":5.0,"enemies":"infinitespire:Voidling","floor":5.0,"turns":3.0},{"damage":8.0,"enemies":"Lagavulin","floor":7.0,"turns":5.0},{"damage":0.0,"enemies":"Exordium Wildlife","floor":10.0,"turns":5.0},{"damage":2.0,"enemies":"Blue Slaver","floor":11.0,"turns":3.0},{"damage":3.0,"enemies":"Looter","floor":12.0,"turns":2.0},{"damage":0.0,"enemies":"3 Louse","floor":14.0,"turns":2.0},{"damage":4.0,"enemies":"Hexaghost","floor":16.0,"turns":10.0},{"damage":3.0,"enemies":"Chosen","floor":18.0,"turns":2.0},{"damage":2.0,"enemies":"Shell Parasite","floor":19.0,"turns":5.0},{"damage":11.0,"enemies":"Snake Plant","floor":23.0,"turns":4.0},{"damage":1.0,"enemies":"Cultist and Chosen","floor":24.0,"turns":4.0},{"damage":11.0,"enemies":"Chosen and Byrds","floor":25.0,"turns":5.0},{"damage":41.0,"enemies":"Gremlin Leader","floor":28.0,"turns":7.0},{"damage":45,"enemies":"Nightmare","floor":30,"turns":7},{"damage":21,"enemies":"Snake Plant","floor":31,"turns":3}],"seed_played":"-8343506224523930326","potions_obtained":[{"floor":5.0,"key":"blueLaboratory:PhilterOfMotion"},{"floor":11.0,"key":"Elixir"},{"floor":14.0,"key":"EssenceOfDarkness"},{"floor":22.0,"key":"Fruit Juice"},{"floor":22.0,"key":"blueLaboratory:ArtificerPotion"},{"floor":24.0,"key":"Strength Potion"},{"floor":30,"key":"blueLaboratory:FrostheartPotion"}],"is_trial":false,"path_per_floor":["M","$","?","M","M","R","E","T","T","M","M","M","$","M","R","B",null,"M","M","$","?","?","M","M","M","T","T","E","R","NM","M"],"character_chosen":"DEFECT","items_purchased":["Panache","Sweeping Beam","Beam Cell","Scrape","Cold Snap","Blizzard","PreservedInsect","HandDrill"],"campfire_rested":1,"item_purchase_floors":[0,0,2,2,13,13,20,20],"current_hp_per_floor":[74,74,74,73,72,72,64,64,64,64,62,59,59,59,59,55,75,72,70,70,70,70,69,68,57,57,57,28,53,20,0,0],"gold":231,"neow_bonus":"","is_daily":false,"chose_seed":false,"campfire_upgraded":2,"win_rate":0.0,"timestamp":1608169538,"path_taken":["M","$","?","M","M","R","E","?","T","M","M","?","$","M","R","BOSS","M","M","$","?","?","M","M","M","T","?","E","R","NM","M"],"items_purchased_type":["Card","Card","Card","Card","Card","Card","Relic","Relic"],"build_version":"2020-12-13","purchased_purges":2,"victory":false,"max_hp_per_floor":[75,75,75,75,75,75,75,75,75,75,75,75,75,75,75,75,75,75,75,75,75,75,85,85,85,85,85,85,85,85,85,85],"relic_stats":{"Centennial Puzzle":[33],"counters":[55,218],"StoneCalendar":[52],"Tiny Chest":0,"PreservedInsect":134,"HandDrill":[26],"obtain_stats":[{"ReplayFunnel":26,"SacredBark":17,"StoneCalendar":28,"Blue Doll":30,"Bag of Preparation":10,"Whetstone":42,"Replay:Rubber Ducky":37,"ClockworkSouvenir":12,"Emotion Chip":19,"Centennial Puzzle":7,"Replay:Frozen Program":25,"HornCleat":9,"hubris:ScarierMask":17,"Tiny Chest":27,"HandDrill":20,"Cracked Core":0,"Potion Belt":7,"NeowsBlessing":0,"infinitespire:CursedDice":17,"Golden Idol":4,"Counterbalance":5,"Blue Candle":26,"PreservedInsect":20,"infinitespire:CheckeredPen":17,"infinitespire:Lucky Rock":26,"Cables":0,"Calling Bell":17,"DataDisk":14,"infinitespire:Satchel":17,"Mirror":43,"hubris:OldNail":9,"Meat on the Bone":8},{"ReplayFunnel":52,"SacredBark":47,"StoneCalendar":53,"Blue Doll":54,"Bag of Preparation":6,"Whetstone":22,"Replay:Rubber Ducky":18,"ClockworkSouvenir":31,"Emotion Chip":10,"Centennial Puzzle":42,"Replay:Frozen Program":37,"HornCleat":42,"hubris:ScarierMask":34,"Tiny Chest":52,"HandDrill":49,"Cracked Core":0,"Potion Belt":5,"NeowsBlessing":0,"infinitespire:CursedDice":9,"Golden Idol":27,"Counterbalance":27,"Blue Candle":37,"PreservedInsect":49,"infinitespire:CheckeredPen":9,"infinitespire:Lucky Rock":12,"Cables":24,"Calling Bell":9,"DataDisk":8,"infinitespire:Satchel":9,"Mirror":22,"hubris:OldNail":5,"Meat on the Bone":42},{"ReplayFunnel":201,"SacredBark":181,"StoneCalendar":208,"Blue Doll":215,"Bag of Preparation":17,"Whetstone":80,"Replay:Rubber Ducky":64,"ClockworkSouvenir":103,"Emotion Chip":31,"Centennial Puzzle":159,"Replay:Frozen Program":138,"HornCleat":159,"hubris:ScarierMask":122,"Tiny Chest":201,"HandDrill":188,"Cracked Core":0,"Potion Belt":12,"NeowsBlessing":0,"infinitespire:CursedDice":27,"Golden Idol":94,"Counterbalance":94,"Blue Candle":138,"PreservedInsect":188,"infinitespire:CheckeredPen":27,"infinitespire:Lucky Rock":37,"Cables":86,"Calling Bell":27,"DataDisk":22,"infinitespire:Satchel":27,"Mirror":80,"hubris:OldNail":12,"Meat on the Bone":159}],"Meat on the Bone":24},"card_choices":[{"not_picked":["Steam","Auto Shields"],"picked":"Stack","floor":1.0},{"not_picked":["ReplaySort","Steam Power","Double Energy"],"picked":"SKIP","floor":4.0},{"not_picked":["Glacier","Cold Snap","Lockon"],"picked":"SKIP","floor":5.0},{"not_picked":["Sweeping Beam","Hologram"],"picked":"Conserve Battery","floor":7.0},{"not_picked":["Recycle","Steam Power"],"picked":"Ball Lightning","floor":10.0},{"not_picked":["Coolheaded","Undo"],"picked":"Cold Snap","floor":11.0},{"not_picked":["Ball Lightning","Capacitor"],"picked":"Leap","floor":12.0},{"not_picked":["Mirror Shield","Streamline","Hologram"],"picked":"SKIP","floor":14.0},{"not_picked":["Stack","Gash","Rip and Tear"],"picked":"SKIP","floor":18.0},{"not_picked":["Buffer","Turbo"],"picked":"Ball Lightning","floor":19.0},{"not_picked":["ReplayTheSpireMod:GoodbyeWorld","Chaos","Panic Button"],"picked":"SKIP","floor":23.0},{"not_picked":["Steam","Tempest+1","Sweeping Beam"],"picked":"SKIP","floor":24.0},{"not_picked":["FIFO Queue","Ball Lightning","Hologram+1"],"picked":"SKIP","floor":25.0},{"not_picked":["Ball Lightning","Hologram+1"],"picked":"FIFO Queue","floor":25.0},{"not_picked":["Turbo","Go for the Eyes"],"picked":"Leap","floor":28.0},{"not_picked":["Coolheaded","Gash","hubris:PowerSurge"],"picked":"SKIP","floor":30}],"player_experience":2628637,"relics_obtained":[{"floor":7.0,"key":"Centennial Puzzle"},{"floor":8.0,"key":"Meat on the Bone"},{"floor":9.0,"key":"HornCleat"},{"floor":26.0,"key":"ReplayFunnel"},{"floor":27.0,"key":"Tiny Chest"},{"floor":28.0,"key":"StoneCalendar"},{"floor":30,"key":"Blue Doll"}],"event_choices":[{"damage_healed":0.0,"max_hp_gain":0.0,"max_hp_loss":0.0,"gold_gain":0.0,"event_name":"Living Wall","player_choice":"Grow","floor":3.0,"gold_loss":0.0,"damage_taken":0.0,"cards_upgraded":["Stack"]},{"cards_removed":["Strike_B"],"damage_healed":0.0,"max_hp_gain":0.0,"max_hp_loss":0.0,"gold_gain":0.0,"event_name":"Bonfire Elementals","player_choice":"Offered Basic","floor":21.0,"gold_loss":0.0,"damage_taken":0.0},{"damage_healed":0.0,"max_hp_gain":0.0,"max_hp_loss":0.0,"gold_gain":0.0,"event_name":"Lab","player_choice":"Got Potions","floor":22.0,"gold_loss":0.0,"damage_taken":0.0}],"is_beta":false,"boss_relics":[{"not_picked":["hubris:CrackedHourglass","hubris:RunicObelisk"],"picked":"SacredBark"}],"items_purged_floors":[2,13],"is_endless":true,"potions_floor_spawned":[5,11,14,24,25,28,30],"killed_by":"Snake Plant","ascension_level":0}}