{"host":"da4a6z8aof69aasy","time":1608220263,"event":{"mods":["AchievementEnabler","BaseMod","Block Reminder","Colored Powertips","DeckTracker","Highlight Path","Minty Spire (QoL Compilation)","Permanent Neow","Relic Stats","StSLib"],"gold_per_floor":[117,134,134,134,145,174,174,174,174],"floor_reached":8,"playtime":415,"items_purged":[],"score":98,"play_id":"15142d0f-1368-45be-bc0d-bdd4409c8f11","local_time":"20201217175103","is_ascension_mode":true,"campfire_choices":[{"floor":7,"key":"REST"}],"circlet_count":0,"master_deck":["AscendersBane","Strike_R","Strike_R","Strike_R","Strike_R","Strike_R","Defend_R","Defend_R","Defend_R","Defend_R","Bash","Pommel Strike","Power Through","Feel No Pain"],"relics":["Sozu","Smiling Mask","Bottled Tornado"],"acts_visited":["Exordium"],"potions_floor_usage":[],"damage_taken":[{"damage":2,"enemies":"Jaw Worm","floor":1,"turns":3},{"damage":1,"enemies":"2 Louse","floor":2,"turns":3},{"damage":7,"enemies":"Small Slimes","floor":5,"turns":4},{"damage":15,"enemies":"Gremlin Nob","floor":6,"turns":5},{"damage":29,"enemies":"Lagavulin","floor":8,"turns":9}],"seed_played":"8540524665319319745","potions_obtained":[],"is_trial":false,"path_per_floor":["M","M","?","?","M","E","R","E"],"character_chosen":"IRONCLAD","items_purchased":[],"campfire_rested":1,"item_purchase_floors":[],"current_hp_per_floor":[66,65,70,25,18,3,27,0,0],"gold":174,"neow_bonus":"BOSS_RELIC","is_daily":false,"chose_seed":false,"campfire_upgraded":0,"win_rate":0.0,"timestamp":1608220263,"path_taken":["M","M","?","?","M","E","R","E"],"items_purchased_type":[],"build_version":"2020-12-13","purchased_purges":0,"victory":false,"max_hp_per_floor":[75,75,80,80,80,80,80,80,80],"relic_stats":{"Sozu":2,"counters":[5,24],"Smiling Mask":0,"obtain_stats":[{"Sozu":0,"Bottled Tornado":6,"Smiling Mask":4,"Burning Blood":0},{"Sozu":0,"Bottled Tornado":4,"Smiling Mask":2,"Burning Blood":0},{"Sozu":0,"Bottled Tornado":15,"Smiling Mask":6,"Burning Blood":0}]},"card_choices":[{"not_picked":["Evolve","Power Through"],"picked":"Pommel Strike","floor":1},{"not_picked":["Heavy Blade","Cleave"],"picked":"Power Through","floor":2},{"not_picked":["Cleave","Second Wind"],"picked":"Feel No Pain","floor":5},{"not_picked":["Warcry","Cleave","Flex"],"picked":"SKIP","floor":6}],"player_experience":1926746,"relics_obtained":[{"floor":6,"key":"Bottled Tornado"}],"event_choices":[{"damage_healed":0,"gold_gain":0,"player_choice":"Donut","damage_taken":0,"max_hp_gain":5,"max_hp_loss":0,"event_name":"Big Fish","floor":3,"gold_loss":0},{"damage_healed":0,"gold_gain":0,"player_choice":"Success","damage_taken":45,"relics_obtained":["Smiling Mask"],"max_hp_gain":0,"max_hp_loss":0,"event_name":"Scrap Ooze","floor":4,"gold_loss":0}],"is_beta":false,"boss_relics":[],"items_purged_floors":[],"is_endless":false,"potions_floor_spawned":[1,5],"killed_by":"Lagavulin","ascension_level":15}}