{"host":"cyh4fejqtcjbfr7k","time":1608184315,"event":{"mods":["2.2 Compatiblity","AchievementEnabler","BaseMod","Colored Map","Colored Powertips","DeckTracker","Downfall","Googly Eyes","Hubris","Infinite Spire","Minty Spire (QoL Compilation)","Replay The Spire","Shop Mod","StSLib","SuperFastMode","Unceasing Turn Reminder"],"gold_per_floor":[110,110,122,122,134,162,162,162,162],"floor_reached":8,"playtime":236,"items_purged":[],"score":64,"play_id":"303ad008-3840-4e3c-95a3-8fa84b7fdbac","local_time":"20201216225155","is_ascension_mode":true,"campfire_choices":[{"floor":7,"key":"REST"}],"circlet_count":0,"master_deck":["Strike_G","Strike_G","Strike_G","Strike_G","Strike_G","Defend_G","Defend_G","Defend_G","Defend_G","Defend_G","Survivor","Neutralize","Accuracy","Quick Slash","Riddle With Holes","Dagger Spray"],"relics":["Ring of the Snake","NeowsBlessing","Mango"],"acts_visited":["Exordium"],"potions_floor_usage":[],"damage_taken":[{"damage":0,"enemies":"Small Slimes","floor":1,"turns":1},{"damage":0,"enemies":"Cultist","floor":3,"turns":1},{"damage":0,"enemies":"2 Louse","floor":5,"turns":1},{"damage":42,"enemies":"3 Sentries","floor":6,"turns":10},{"damage":81,"enemies":"Lagavulin","floor":8,"turns":8}],"seed_played":"-6899803311706440848","potions_obtained":[{"floor":3,"key":"Reflective Coating"},{"floor":4,"key":"Ancient Potion"},{"floor":4,"key":"Toxic Potion"}],"is_trial":false,"path_per_floor":["M","?","M","?","M","E","R","E"],"character_chosen":"THE_SILENT","items_purchased":[],"campfire_rested":1,"item_purchase_floors":[],"current_hp_per_floor":[70,70,70,70,70,42,67,0,0],"gold":162,"neow_bonus":"THREE_ENEMY_KILL","is_daily":false,"chose_seed":false,"campfire_upgraded":0,"win_rate":0.0,"timestamp":1608184315,"path_taken":["M","?","M","?","?","E","R","E"],"items_purchased_type":[],"build_version":"2020-12-13","purchased_purges":0,"victory":false,"max_hp_per_floor":[70,70,70,70,70,84,84,84,84],"card_choices":[{"not_picked":["Slice","Blade Dance"],"picked":"Accuracy","floor":1},{"not_picked":["Finisher","Sucker Punch"],"picked":"Quick Slash","floor":3},{"not_picked":["Deadly Poison","Replay:Poison Smokescreen"],"picked":"Riddle With Holes","floor":5},{"not_picked":["Prepared","Reflex"],"picked":"Dagger Spray","floor":6}],"player_experience":571251,"relics_obtained":[{"floor":6,"key":"Mango"}],"event_choices":[{"damage_healed":0,"gold_gain":0,"player_choice":"Ignored","damage_taken":0,"max_hp_gain":0,"max_hp_loss":0,"event_name":"Golden Wing","floor":2,"gold_loss":0},{"damage_healed":0,"gold_gain":0,"player_choice":"Got Potions","damage_taken":0,"max_hp_gain":0,"max_hp_loss":0,"event_name":"Lab","floor":4,"gold_loss":0}],"is_beta":false,"boss_relics":[],"items_purged_floors":[],"is_endless":false,"potions_floor_spawned":[3,6],"killed_by":"Lagavulin","ascension_level":3}}