{"host":"yecadp3kwkksam5a","time":1608203509,"event":{"mods":["BaseMod","Minty Spire (QoL Compilation)","StSLib","The Gatherer"],"gold_per_floor":[116,130,148,148,159,191,191,222,222,280,295,68,78,89,89,89,89,89],"floor_reached":16,"playtime":967,"items_purged":["Gatherer:Strike_Gatherer"],"score":164,"play_id":"95d6ec8b-f1c0-4bd4-89a5-e8d97206e80f","local_time":"20201217201149","is_ascension_mode":false,"metric_token":285,"campfire_choices":[{"floor":7,"key":"REST"},{"data":"Gatherer:AlchemyTrial","floor":15,"key":"SMITH"}],"circlet_count":0,"master_deck":["Gatherer:Strike_Gatherer","Gatherer:Strike_Gatherer","Gatherer:Strike_Gatherer","Gatherer:Defend_Gatherer","Gatherer:Defend_Gatherer","Gatherer:Defend_Gatherer","Gatherer:Defend_Gatherer","Gatherer:Defend_Gatherer","Gatherer:Centralize","Gatherer:FlowerWhip","Gatherer:Frenzy","Gatherer:AlchemyTrial+1","Gatherer:Duality","Gatherer:Convert","Gatherer:Misfortune","Gatherer:FlowerBeam","Gatherer:Bulldoze","Gatherer:GlowingPlant","Gatherer:Shadow","Gatherer:Light","Gatherer:Misfortune"],"relics":["Gatherer:AlchemyBag","MealTicket","Dream Catcher","White Beast Statue","Anchor","Blood Vial"],"acts_visited":["Exordium"],"potions_floor_usage":[5,11,13],"damage_taken":[{"damage":1,"enemies":"Cultist","floor":1,"turns":4},{"damage":0,"enemies":"2 Louse","floor":2,"turns":3},{"damage":1,"enemies":"Jaw Worm","floor":3,"turns":3},{"damage":0,"enemies":"Exordium Wildlife","floor":5,"turns":2},{"damage":31,"enemies":"Lagavulin","floor":6,"turns":5},{"damage":22,"enemies":"3 Sentries","floor":8,"turns":7},{"damage":0,"enemies":"Exordium Thugs","floor":11,"turns":2},{"damage":0,"enemies":"Gremlin Gang","floor":13,"turns":2},{"damage":0,"enemies":"Looter","floor":14,"turns":3},{"damage":15,"enemies":"The Guardian","floor":16,"turns":4}],"seed_played":"2885232331830611091","potions_obtained":[{"floor":1,"key":"Fire Potion"},{"floor":2,"key":"BlessingOfTheForge"},{"floor":3,"key":"GamblersBrew"},{"floor":6,"key":"DuplicationPotion"},{"floor":8,"key":"DuplicationPotion"},{"floor":11,"key":"DuplicationPotion"},{"floor":13,"key":"Block Potion"},{"floor":14,"key":"BloodPotion"}],"is_trial":false,"path_per_floor":["M","M","M","?","M","E","R","E","T","?","M","$","M","M","R","B"],"character_chosen":"THE_GATHERER","items_purchased":["Blood Vial"],"campfire_rested":1,"item_purchase_floors":[12],"current_hp_per_floor":[71,71,70,45,45,14,35,13,13,13,13,28,30,32,32,19,19,19],"gold":89,"neow_bonus":"REMOVE_CARD","is_daily":false,"chose_seed":false,"campfire_upgraded":1,"win_rate":0.0,"timestamp":1608203509,"path_taken":["M","M","M","?","M","E","R","E","T","?","M","$","M","M","R","BOSS"],"items_purchased_type":["Relic"],"build_version":"2020-12-13","purchased_purges":1,"victory":false,"max_hp_per_floor":[72,72,72,72,72,72,72,72,72,72,72,72,72,72,72,72,72,72],"card_choices":[{"not_picked":["Gatherer:Nutrients","Gatherer:AromaProtection"],"picked":"Gatherer:Frenzy","floor":1},{"not_picked":["Gatherer:VenomBarrier","Gatherer:ScrollOfWall"],"picked":"Gatherer:AlchemyTrial","floor":2},{"not_picked":["Gatherer:AromaProtection","Gatherer:RecipeChange"],"picked":"Gatherer:Duality","floor":3},{"not_picked":["Gatherer:CarefulStrike","Gatherer:LuckyClover"],"picked":"Gatherer:Convert","floor":5},{"not_picked":["Gatherer:AlchemyTrial","Gatherer:ScherryThrow"],"picked":"Gatherer:Misfortune","floor":6},{"not_picked":["Gatherer:Misfortune","Gatherer:AlchemyTrial"],"picked":"Gatherer:FlowerBeam","floor":7},{"not_picked":["Gatherer:Herbalism","Gatherer:Snatch"],"picked":"Gatherer:Bulldoze","floor":8},{"not_picked":["Gatherer:SmartManeuver","Gatherer:TreeGrowth","Gatherer:Transmute"],"picked":"SKIP","floor":11},{"not_picked":["Gatherer:AcidicSpray","Gatherer:Duplicator"],"picked":"Gatherer:GlowingPlant","floor":13},{"not_picked":["Gatherer:CarefulStrike","Gatherer:FragileHammer"],"picked":"Gatherer:Misfortune","floor":14}],"player_experience":216170,"relics_obtained":[{"floor":6,"key":"Dream Catcher"},{"floor":8,"key":"White Beast Statue"},{"floor":9,"key":"Anchor"}],"event_choices":[{"damage_healed":0,"gold_gain":0,"player_choice":"Success","damage_taken":25,"relics_obtained":["MealTicket"],"max_hp_gain":0,"max_hp_loss":0,"event_name":"Scrap Ooze","floor":4,"gold_loss":0},{"damage_healed":0,"gold_gain":58,"player_choice":"Gained Gold","damage_taken":0,"max_hp_gain":0,"max_hp_loss":0,"event_name":"Golden Wing","floor":10,"gold_loss":0}],"is_beta":false,"boss_relics":[],"items_purged_floors":[12],"is_endless":false,"potions_floor_spawned":[1,2,3,6,8,11,13,14],"killed_by":"The Guardian","ascension_level":0}}