{"host":"7y3xcojbvgknqiob","time":1608175443,"event":{"mods":["Aspiration","BaseMod","Best Route Mod","Downfall","Hermit","Magitek Elite","Minty Spire (QoL Compilation)","Potionbrewer","Quick Restart","StSLib","The Bug Knight"],"gold_per_floor":[99,133,58,94,108,21,21,32,32,58,74,249,266,266,283,283,283],"floor_reached":16,"playtime":1043,"items_purged":[],"score":126,"play_id":"7d4faf83-10b5-4fb1-b0dd-58c718051eef","local_time":"20201216192403","is_ascension_mode":true,"campfire_choices":[{"floor":1,"key":"RECALL"},{"data":"Guardian:TwinSlam","floor":3,"key":"SMITH"},{"data":"Guardian:FuturePlans","floor":9,"key":"SMITH"}],"circlet_count":0,"master_deck":["Guardian:Strike_Guardian","Guardian:Strike_Guardian","Guardian:Strike_Guardian","Guardian:Strike_Guardian","Guardian:Defend_Guardian","Guardian:Defend_Guardian","Guardian:Defend_Guardian","Guardian:Defend_Guardian","Guardian:CurlUp+1","Guardian:TwinSlam+1","Guardian:Clone","Guardian:BaubleBeam","Guardian:VentSteam","Guardian:BronzeOrb","Guardian:FuturePlans+1","Guardian:ShieldCharger","Guardian:TemporalShield","Doubt","Guardian:PrimingBeam","Parasite","Guardian:Gem_Purple"],"relics":["Guardian:ModeShifter","Gambling Chip","downfall:HeartBlessingRed","Tiny Chest","HornCleat"],"acts_visited":["Exordium"],"potions_floor_usage":[4,15],"damage_taken":[{"damage":42,"enemies":"Lagavulin","floor":2,"turns":10},{"damage":12,"enemies":"Gremlin Nob","floor":4,"turns":4},{"damage":1,"enemies":"Cultist","floor":5,"turns":3},{"damage":0,"enemies":"downfall:FleeingMerchant","floor":6,"turns":4},{"damage":2,"enemies":"2 Louse","floor":8,"turns":3},{"damage":21,"enemies":"Lagavulin","floor":10,"turns":5},{"damage":1,"enemies":"Jaw Worm","floor":11,"turns":3},{"damage":0,"enemies":"Blue Slaver","floor":13,"turns":3},{"damage":1,"enemies":"3 Louse","floor":15,"turns":4},{"damage":23,"enemies":"downfall:Watcher","floor":16,"turns":8}],"seed_played":"5821302777754938320","potions_obtained":[{"floor":2,"key":"potionbrewer:MidasPotion"},{"floor":10,"key":"Guardian:AcceleratePotion"},{"floor":13,"key":"SpeedPotion"}],"is_trial":false,"path_per_floor":["R","E","R","E","M","$","T","M","R","E","M","?","M","?","M","B"],"character_chosen":"GUARDIAN","items_purchased":["Guardian:FuturePlans"],"campfire_rested":0,"item_purchase_floors":[6],"current_hp_per_floor":[80,38,38,26,25,25,25,23,23,2,1,1,1,21,20,0,0],"gold":283,"neow_bonus":"UPGRADE_CARD","is_daily":false,"chose_seed":false,"campfire_upgraded":2,"win_rate":0.0,"timestamp":1608175443,"path_taken":["R","E","R","E","M","$","T","M","R","E","?","?","M","?","M","BOSS"],"items_purchased_type":["Card"],"build_version":"2020-12-13","purchased_purges":0,"victory":false,"max_hp_per_floor":[80,80,80,80,80,80,80,80,80,80,80,80,80,80,80,80,80],"card_choices":[{"not_picked":["Guardian:PolyBeam","Guardian:Gem_Lightblue"],"picked":"Guardian:Clone","floor":2},{"not_picked":["Guardian:MultiBeam","Guardian:TemporalShield"],"picked":"Guardian:BaubleBeam","floor":4},{"not_picked":["Guardian:MultiBeam","Guardian:Clone"],"picked":"Guardian:VentSteam","floor":5},{"not_picked":["Guardian:Gem_Cyan","Guardian:ChargeCore"],"picked":"Guardian:BronzeOrb","floor":6},{"not_picked":["Guardian:ShieldCharger","Guardian:Recover"],"picked":"Guardian:Gem_Purple","floor":8},{"not_picked":["Guardian:RollAttack","Guardian:PrimingBeam"],"picked":"Guardian:ShieldCharger","floor":10},{"not_picked":["Guardian:RefractedBeam","Guardian:VentSteam"],"picked":"Guardian:TemporalShield","floor":11},{"not_picked":["Guardian:VentSteam","Guardian:ShieldCharger"],"picked":"Guardian:PrimingBeam","floor":13},{"not_picked":["Guardian:MultiBeam","Guardian:VentSteam"],"picked":"Guardian:Gem_Purple","floor":15}],"player_experience":317354,"relics_obtained":[{"floor":2,"key":"Gambling Chip"},{"floor":4,"key":"Tiny Chest"},{"floor":10,"key":"HornCleat"}],"event_choices":[{"damage_healed":20,"gold_gain":0,"player_choice":"Healed and dodged fight","damage_taken":0,"max_hp_gain":0,"max_hp_loss":0,"event_name":"Mushrooms","floor":14,"gold_loss":0,"cards_obtained":["Parasite"]}],"is_beta":false,"boss_relics":[],"items_purged_floors":[],"is_endless":false,"potions_floor_spawned":[2,10,13],"killed_by":"downfall:Watcher","ascension_level":1}}