{"host":"a1eatafr7pisesky","time":1608199589,"event":{"mods":["BaseMod","Colored Map","DeckTracker","Highlight Path","Keyboard Shortcuts","Minty Spire (QoL Compilation)","Permanent Neow","Random Character Button","StSLib","SuperFastMode","everything is the same but u backflip on backflip"],"gold_per_floor":[209,56,75,75,95,95,114,114,114,143,143,143,173,73,73,173,173,187,205,60,80,98,98,128,3,3,29,29,29,29,45,45,45,45],"floor_reached":33,"playtime":1031,"items_purged":["Strike_G","Strike_G","Phantasmal Killer"],"score":407,"play_id":"76590c80-54eb-4c60-8259-03e2169b887f","local_time":"20201217190629","is_ascension_mode":true,"campfire_choices":[{"floor":6.0,"key":"REST"},{"data":"Leg Sweep","floor":8.0,"key":"SMITH"},{"floor":11.0,"key":"REST"},{"floor":15.0,"key":"REST"},{"data":"Adrenaline","floor":23.0,"key":"SMITH"},{"floor":29.0,"key":"REST"},{"data":"Footwork","floor":32.0,"key":"SMITH"}],"circlet_count":0,"master_deck":["Survivor","Neutralize","Poisoned Stab","Noxious Fumes","Poisoned Stab","PiercingWail","Leg Sweep+1","Footwork+1","Backflip","Acrobatics","Escape Plan","Heel Hook","Adrenaline+1","Malaise","Bouncing Flask","Phantasmal Killer","Blade Dance","Unload","Adrenaline","PiercingWail","Envenom","Blade Dance+1","Poisoned Stab","Ghostly","Ghostly","Ghostly","Ghostly","Ghostly"],"relics":["Ring of the Snake","Dream Catcher","Darkstone Periapt","Gremlin Horn","TungstenRod","Pandora\u0027s Box","Happy Flower","Juzu Bracelet","Torii","Centennial Puzzle","PreservedInsect"],"acts_visited":["Exordium","TheCity"],"potions_floor_usage":[33],"damage_taken":[{"damage":6.0,"enemies":"Cultist","floor":1.0,"turns":3.0},{"damage":13.0,"enemies":"2 Louse","floor":3.0,"turns":3.0},{"damage":1.0,"enemies":"Jaw Worm","floor":5.0,"turns":3.0},{"damage":15.0,"enemies":"Exordium Wildlife","floor":7.0,"turns":5.0},{"damage":17.0,"enemies":"3 Sentries","floor":10.0,"turns":7.0},{"damage":32.0,"enemies":"Lagavulin","floor":13.0,"turns":7.0},{"damage":16.0,"enemies":"Hexaghost","floor":16.0,"turns":11.0},{"damage":3.0,"enemies":"Spheric Guardian","floor":18.0,"turns":4.0},{"damage":8.0,"enemies":"Shell Parasite","floor":19.0,"turns":6.0},{"damage":11.0,"enemies":"Snecko","floor":21.0,"turns":5.0},{"damage":20.0,"enemies":"Chosen and Byrds","floor":22.0,"turns":5.0},{"damage":24.0,"enemies":"Book of Stabbing","floor":24.0,"turns":5.0},{"damage":0.0,"enemies":"Gremlin Leader","floor":27.0,"turns":5.0},{"damage":0.0,"enemies":"Snake Plant","floor":31.0,"turns":5.0},{"damage":28,"enemies":"Champ","floor":33,"turns":8}],"seed_played":"-360222265839904749","potions_obtained":[{"floor":3.0,"key":"Fruit Juice"},{"floor":10.0,"key":"CultistPotion"},{"floor":13.0,"key":"SkillPotion"},{"floor":16.0,"key":"Fire Potion"},{"floor":31.0,"key":"LiquidMemories"}],"is_trial":false,"path_per_floor":["M","$","M","?","M","R","M","R","T","E","R","?","E","$","R","B",null,"M","M","$","M","M","R","E","$","T","E","T","R","?","M","R","B"],"character_chosen":"THE_SILENT","items_purchased":["Noxious Fumes","Happy Flower"],"campfire_rested":4,"item_purchase_floors":[2,20],"current_hp_per_floor":[64,64,51,44,43,64,49,49,49,32,53,53,26,26,48,32,75,72,64,64,53,33,33,9,9,9,9,9,31,31,31,31,3,3],"gold":45,"neow_bonus":"HUNDRED_GOLD","is_daily":false,"chose_seed":false,"campfire_upgraded":3,"win_rate":0.0,"timestamp":1608199589,"path_taken":["M","$","M","?","M","R","M","R","T","E","R","?","E","$","R","BOSS","M","M","$","M","?","R","E","$","T","E","?","R","?","M","R","BOSS"],"items_purchased_type":["Card","Relic"],"build_version":"2020-12-13","purchased_purges":3,"victory":false,"max_hp_per_floor":[70,70,70,70,70,70,70,70,70,70,70,70,75,75,75,75,75,75,75,75,75,75,75,75,75,75,75,75,75,37,37,37,37,37],"card_choices":[{"not_picked":["Bane","Dodge and Roll"],"picked":"Poisoned Stab","floor":1.0},{"not_picked":["Concentrate","Dagger Throw"],"picked":"Poisoned Stab","floor":3.0},{"not_picked":["Deflect","Slice"],"picked":"PiercingWail","floor":5.0},{"not_picked":["Quick Slash","Blade Dance"],"picked":"Leg Sweep","floor":6.0},{"not_picked":["Accuracy","Riddle With Holes"],"picked":"Footwork","floor":7.0},{"not_picked":["Doppelganger","Skewer"],"picked":"Backflip","floor":10.0},{"not_picked":["Choke","Underhanded Strike"],"picked":"Acrobatics","floor":11.0},{"not_picked":["Blade Dance","All Out Attack"],"picked":"Escape Plan","floor":13.0},{"not_picked":["Flying Knee","Choke"],"picked":"Heel Hook","floor":15.0},{"not_picked":["Night Terror","Doppelganger"],"picked":"Adrenaline","floor":16.0},{"not_picked":["Slice","Blur"],"picked":"PiercingWail","floor":18.0},{"not_picked":["Poisoned Stab+1","Cloak And Dagger"],"picked":"Envenom","floor":19.0},{"not_picked":["Infinite Blades","Sucker Punch+1"],"picked":"Blade Dance+1","floor":21.0},{"not_picked":["Bane","Prepared+1"],"picked":"Poisoned Stab","floor":22.0},{"not_picked":["Dodge and Roll+1","Acrobatics","Outmaneuver"],"picked":"SKIP","floor":24.0},{"not_picked":["Grand Finale","Sucker Punch","Bane"],"picked":"SKIP","floor":27.0},{"not_picked":["Deflect","Poisoned Stab","All Out Attack"],"picked":"SKIP","floor":31.0}],"player_experience":212887,"relics_obtained":[{"floor":9.0,"key":"Darkstone Periapt"},{"floor":10.0,"key":"Gremlin Horn"},{"floor":13.0,"key":"TungstenRod"},{"floor":24.0,"key":"Juzu Bracelet"},{"floor":26.0,"key":"Torii"},{"floor":27.0,"key":"Centennial Puzzle"},{"floor":28.0,"key":"PreservedInsect"}],"event_choices":[{"damage_healed":0.0,"max_hp_gain":0.0,"max_hp_loss":0.0,"gold_gain":0.0,"event_name":"Scrap Ooze","player_choice":"Success","floor":4.0,"gold_loss":0.0,"damage_taken":7.0,"relics_obtained":["Dream Catcher"]},{"cards_removed":["Strike_G"],"damage_healed":0.0,"max_hp_gain":0.0,"max_hp_loss":0.0,"gold_gain":0.0,"event_name":"Purifier","player_choice":"Purged","floor":12.0,"gold_loss":0.0,"damage_taken":0.0},{"damage_healed":0.0,"max_hp_gain":0.0,"max_hp_loss":38.0,"gold_gain":0.0,"event_name":"Ghosts","player_choice":"Became a Ghost","floor":30.0,"gold_loss":0.0,"damage_taken":0.0,"cards_obtained":["Ghostly","Ghostly","Ghostly","Ghostly","Ghostly"]}],"is_beta":false,"boss_relics":[{"not_picked":["Snecko Eye","Astrolabe"],"picked":"Pandora\u0027s Box"}],"items_purged_floors":[2,14,25],"is_endless":false,"potions_floor_spawned":[3,10,13,16,19,22,31],"killed_by":"Champ","ascension_level":4}}