{"host":"flm17o2q7bfjyna6","time":1608243245,"event":{"mods":["2.2 Compatiblity","Act Like it!","BaseMod","Better Altar","Better Match","Better Note","Better Sensory Stone","Better Skull","Better Third Choice","Better Vampires","Colored Map","Colored Powertips","DeckTracker","Hermit","Minty Spire (QoL Compilation)","Quick Restart","Replay The Spire","Reworked Bosses","Spicy Shops","StSLib","Wandering Minibosses"],"gold_per_floor":[115,115,115,265,278,278,278,312,312,312,331,348,348,359,359,359,359],"floor_reached":16,"playtime":568,"items_purged":[],"score":175,"play_id":"52ccfac6-06c7-4632-9b7b-85700a769398","local_time":"20201217171405","is_ascension_mode":true,"campfire_choices":[{"data":"Bash","floor":6,"key":"SMITH"},{"floor":10,"key":"REST"}],"circlet_count":0,"master_deck":["AscendersBane","Strike_R","Strike_R","Strike_R+1","Strike_R","Defend_R","Defend_R","Defend_R","Bash+1","Flex","Doubt","Ghostly Armor","Exhume","Fiend Fire","Armaments","Reaper","Iron Wave+1"],"relics":["Velvet Choker","Replay:Mystery Machine","Divine Protection","Sundial"],"acts_visited":["Exordium"],"potions_floor_usage":[16],"damage_taken":[{"damage":0,"enemies":"Small Slimes","floor":1,"turns":3},{"damage":9,"enemies":"Jaw Worm","floor":5,"turns":3},{"damage":45,"enemies":"3 Sentries","floor":8,"turns":12},{"damage":0,"enemies":"2 Louse","floor":11,"turns":3},{"damage":11,"enemies":"Gremlin Gang","floor":12,"turns":7},{"damage":12,"enemies":"Exordium Wildlife","floor":14,"turns":4},{"damage":65,"enemies":"Fading Forest","floor":16,"turns":10}],"seed_played":"7079667063389715187","potions_obtained":[{"floor":8,"key":"Elixir"},{"floor":12,"key":"Flashbang"}],"is_trial":false,"path_per_floor":["M","?","?","?","M","R","?","E","T","R","M","M","T","M","R_BF","B"],"character_chosen":"IRONCLAD","items_purchased":[],"campfire_rested":1,"item_purchase_floors":[],"current_hp_per_floor":[68,68,61,61,52,52,52,7,7,29,29,18,18,16,38,0,0],"gold":359,"neow_bonus":"BOSS_RELIC","is_daily":false,"chose_seed":false,"campfire_upgraded":1,"win_rate":0.0,"timestamp":1608243245,"path_taken":["M","?","?","?","M","R","?","E","T","R","?","M","?","M","R_BF","BOSS"],"items_purchased_type":[],"build_version":"2020-12-13","purchased_purges":0,"victory":false,"max_hp_per_floor":[75,75,75,75,75,75,75,75,75,75,75,75,75,75,75,75,75],"card_choices":[{"not_picked":["Abandon","Heavy Blade"],"picked":"Flex","floor":1},{"not_picked":["Seeing Red","Abandon"],"picked":"Ghostly Armor","floor":5},{"not_picked":["Heavy Blade","Headbutt"],"picked":"Fiend Fire","floor":8},{"not_picked":["Rupture","Pummel"],"picked":"Armaments","floor":11},{"not_picked":["Shrug It Off","Wild Strike"],"picked":"Reaper","floor":12},{"not_picked":["Headbutt","Fire Breathing"],"picked":"Iron Wave","floor":14}],"player_experience":1588723,"relics_obtained":[{"floor":8,"key":"Replay:Mystery Machine"},{"floor":9,"key":"Divine Protection"},{"floor":13,"key":"Sundial"}],"event_choices":[{"cards_removed":["Defend_R"],"damage_healed":0,"gold_gain":0,"player_choice":"Card Removal","damage_taken":7,"max_hp_gain":0,"max_hp_loss":0,"event_name":"Golden Wing","floor":3,"gold_loss":0},{"damage_healed":0,"gold_gain":150,"player_choice":"AGREE","damage_taken":115,"max_hp_gain":0,"max_hp_loss":0,"event_name":"betterThird:BetterSerpent","floor":4,"gold_loss":0},{"damage_healed":0,"gold_gain":0,"cards_transformed":["Strike_R"],"player_choice":"Transformed","damage_taken":0,"max_hp_gain":0,"max_hp_loss":0,"event_name":"Transmorgrifier","floor":7,"gold_loss":0,"cards_obtained":["Exhume"]}],"is_beta":false,"boss_relics":[],"items_purged_floors":[],"is_endless":false,"potions_floor_spawned":[8,12,14],"killed_by":"Fading Forest","ascension_level":15}}