{"host":"omuz9yzrsj9oc9b2","time":1608242439,"event":{"mods":["2.2 Compatiblity","BaseMod","Downfall","Minty Spire (QoL Compilation)","Replay The Spire","StSLib","The Poker Player"],"gold_per_floor":[99,124,124,49,78,134,180,180,180,210,262,276,276,276,296,392,392,392,392,422,422,440,474,474,508,358,390,330,344,132,149,162,262,262,262,296,311,311,360,377,431,444,444,479,320,331,137,190,204,204,204,235,85,85,85],"floor_reached":56,"playtime":8519,"items_purged":["champ:Taunt"],"score":1697,"play_id":"b3babcaf-f956-4fbb-a1fd-f0be7a95a2b6","local_time":"20201217220039","is_ascension_mode":false,"campfire_choices":[{"floor":1,"key":"RECALL"},{"data":"champ:ShieldSigil","floor":4,"key":"SMITH"},{"data":"champ:TornadoPunch","floor":8,"key":"SMITH"},{"data":"champ:DefensiveStyle","floor":18,"key":"SMITH"},{"floor":26,"key":"REST"},{"data":"champ:CalledShot","floor":35,"key":"SMITH"},{"data":"champ:EnGarde","floor":43,"key":"SMITH"},{"data":"champ:SteelEdge","floor":54,"key":"SMITH"}],"circlet_count":0,"master_deck":["champ:Strike+1","champ:Strike+1","champ:Strike+1","champ:Strike+1","champ:Defend+1","champ:Defend+1","champ:Defend+1","champ:Defend+1","champ:Execute","champ:ShieldSigil+1","champ:BringItOn","champ:TornadoPunch+1","champ:Circumvent+1","champ:DefensiveStyle+1","Parasite","champ:ShieldSigil","champ:ShieldThrow","champ:FocusedDefense","champ:Circumvent+1","champ:ShieldSlam","champ:DefensiveShout","champ:Improvising","champ:FalseCounter+1","champ:CalledShot+1","champ:DefensiveShout+1","champ:StanceDance+1","champ:VampiricStrike","champ:CalledShot+1","champ:EnGarde+1","champ:DefensiveStyle+1","champ:EnGarde+1","champ:SteelEdge+1","champ:ShieldWall+1","champ:Control","champ:ShieldSigil+1","champ:Circumvent+1","champ:RapidStrikes","champ:Circumvent+1"],"relics":["champ:ChampionCrown","downfall:HeartsMalice","Sundial","downfall:HeartBlessingRed","ReplayFunnel","Pen Nib","PreservedInsect","ReplayTheSpireMod:Ninjato","Replay:Bottled Flurry","Sozu","Oddly Smooth Stone","Gremlin Food","Omamori","downfall:HeartBlessingGreen","downfall:HeartBlessingBlue","Meat on the Bone","BargainBundle","champ:ChampionCrownUpgraded","Lantern","Guardian:PocketSentry","Dream Catcher","Blue Candle","Chemical X","Replay:Bottled Steam","ReplayTheSpireMod:TigerMarble","Gambling Chip","Bottled Flame","HandDrill"],"acts_visited":["Exordium","TheCity","TheBeyond","TheEnding"],"potions_floor_usage":[6,16,20,49],"damage_taken":[{"damage":0,"enemies":"3 Sentries","floor":2,"turns":1},{"damage":0,"enemies":"Jaw Worm","floor":3,"turns":1},{"damage":0,"enemies":"Gremlin Nob","floor":5,"turns":1},{"damage":34,"enemies":"Lagavulin Event","floor":6,"turns":8},{"damage":3,"enemies":"Lagavulin","floor":10,"turns":4},{"damage":0,"enemies":"2 Louse","floor":12,"turns":1},{"damage":5,"enemies":"Cultist","floor":15,"turns":2},{"damage":36,"enemies":"downfall:Ironclad","floor":16,"turns":8},{"damage":17,"enemies":"Gremlin Leader","floor":20,"turns":5},{"damage":0,"enemies":"Shell Parasite","floor":22,"turns":3},{"damage":0,"enemies":"Book of Stabbing","floor":23,"turns":3},{"damage":37,"enemies":"Gremlin Leader","floor":25,"turns":5},{"damage":7,"enemies":"Replay:Snechameleon","floor":27,"turns":3},{"damage":0,"enemies":"Centurion and Healer","floor":29,"turns":3},{"damage":0,"enemies":"downfall:FleeingMerchant","floor":30,"turns":4},{"damage":5,"enemies":"Chosen and Byrds","floor":31,"turns":4},{"damage":0,"enemies":"Snake Plant","floor":32,"turns":3},{"damage":0,"enemies":"downfall:Defect","floor":33,"turns":6},{"damage":48,"enemies":"Reptomancer","floor":36,"turns":4},{"damage":33,"enemies":"3 Darklings","floor":37,"turns":2},{"damage":25,"enemies":"Orb Walker","floor":40,"turns":2},{"damage":26,"enemies":"Maw","floor":42,"turns":4},{"damage":29,"enemies":"R_Hoarder","floor":44,"turns":7},{"damage":21,"enemies":"downfall:FleeingMerchant","floor":45,"turns":2},{"damage":34,"enemies":"Jaw Worm Horde","floor":46,"turns":2},{"damage":53,"enemies":"2 Orb Walkers","floor":48,"turns":3},{"damage":39,"enemies":"Spire Growth","floor":49,"turns":1},{"damage":72,"enemies":"downfall:Silent","floor":50,"turns":3},{"damage":45,"enemies":"downfall:CharBossMerchant","floor":52,"turns":4},{"damage":16,"enemies":"downfall:NeowBoss","floor":55,"turns":22}],"seed_played":"-1372044780342680143","potions_obtained":[{"floor":2,"key":"LifebloodPotion"},{"floor":10,"key":"Adrenaline Potion"},{"floor":11,"key":"Explosive Potion"},{"floor":11,"key":"Strength Potion"},{"floor":11,"key":"Death Potion"}],"is_trial":false,"path_per_floor":["R","E","M","R","E","?","T","R","?","E","?","M","?","T","M","B",null,"R","?","E","?","M","E","T","E","R","E","?","M","$","M","M","B",null,"R","E","M","?","T","M","T","M","R","E","$","M","$","?","M","B",null,"E","$","R","B",null],"character_chosen":"THE_CHAMP","items_purchased":["BargainBundle","champ:FalseCounter+1","champ:CalledShot","Chemical X","Replay:Bottled Steam","champ:Control","champ:Circumvent+1","ReplayTheSpireMod:TigerMarble","HandDrill"],"campfire_rested":1,"item_purchase_floors":[30,30,30,45,45,45,47,47,53],"current_hp_per_floor":[90,90,90,90,90,66,66,66,66,63,41,41,63,63,63,32,90,90,72,60,60,60,60,60,28,69,62,62,62,62,62,62,62,105,105,75,75,75,75,86,86,86,86,102,102,101,101,105,105,83,105,90,90,90,105],"gold":85,"neow_bonus":"THREE_ENEMY_KILL","is_daily":false,"chose_seed":false,"campfire_upgraded":6,"win_rate":0.0,"timestamp":1608242439,"path_taken":["R","E","M","R","E","?","T","R","?","E","?","?","?","?","M","BOSS","R","?","E","?","M","E","T","E","R","E","?","M","$","M","M","BOSS","R","E","M","?","?","?","T","M","R","E","$","M","?","?","M","BOSS","E","$","R","BOSS"],"items_purchased_type":["Relic","Card","Card","Relic","Relic","Card","Card","Relic","Relic"],"build_version":"2020-12-13","purchased_purges":1,"victory":true,"max_hp_per_floor":[90,90,90,90,90,90,90,90,90,90,90,90,90,90,90,90,90,90,95,95,95,95,95,95,95,105,105,105,105,105,105,105,105,105,105,105,105,105,105,105,105,105,105,105,105,105,105,105,105,105,105,105,105,105,105],"card_choices":[{"not_picked":["champ:FaceSlap","champ:BladeFlurry"],"picked":"champ:ShieldSigil","floor":2},{"not_picked":["champ:BladeFlurry","champ:RapidStrikes"],"picked":"champ:BringItOn","floor":3},{"not_picked":["champ:BerserkersShout","champ:Shatter"],"picked":"champ:TornadoPunch","floor":5},{"not_picked":["champ:GladiatorStyle","champ:Encircle"],"picked":"champ:Circumvent","floor":6},{"not_picked":["champ:SwordThrow","champ:BladeFlurry","champ:SwordSigil"],"picked":"SKIP","floor":10},{"not_picked":["champ:BladeFlurry","champ:CrownThrow"],"picked":"champ:DefensiveStyle","floor":12},{"not_picked":["champ:FocusedGladiator","champ:SwordSigil"],"picked":"champ:ShieldSigil","floor":15},{"not_picked":["champ:CheapShot","champ:LastStand"],"picked":"champ:ShieldThrow","floor":16},{"not_picked":["champ:StanceDance","champ:BerserkerStyle"],"picked":"champ:FocusedDefense","floor":20},{"not_picked":["champ:RageSigil","champ:DeathBlow","champ:SwordSigil"],"picked":"SKIP","floor":22},{"not_picked":["champ:CheapShot","champ:Haymaker+1"],"picked":"champ:Circumvent","floor":23},{"not_picked":["champ:SwordSigil","champ:GladiatorsShout"],"picked":"champ:ShieldSlam","floor":25},{"not_picked":["champ:GladiatorsShout","champ:SwordSigil+1","champ:IronFortress"],"picked":"SKIP","floor":27},{"not_picked":["champ:Haymaker","champ:AdrenalArmor+1"],"picked":"champ:DefensiveShout","floor":29},{"not_picked":["champ:Encircle","champ:SwordSigil+1"],"picked":"champ:Improvising","floor":30},{"not_picked":["champ:SwordSigil","champ:Riposte"],"picked":"champ:DefensiveShout+1","floor":31},{"not_picked":["champ:DefensiveShout","champ:ArenaPreparation"],"picked":"champ:StanceDance+1","floor":32},{"not_picked":["champ:LastStand","champ:SwordThrow"],"picked":"champ:VampiricStrike","floor":33},{"not_picked":["champ:FocusedBerserking","champ:FlashCut+1"],"picked":"champ:CalledShot+1","floor":36},{"not_picked":["champ:TornadoPunch","champ:Backstep+1"],"picked":"champ:EnGarde+1","floor":37},{"not_picked":["champ:IronFortress","champ:Control"],"picked":"champ:DefensiveStyle+1","floor":40},{"not_picked":["champ:EndlessRage","champ:Control+1"],"picked":"champ:EnGarde","floor":42},{"not_picked":["champ:RapidStrikes","champ:BringItOn+1"],"picked":"champ:SteelEdge","floor":44},{"not_picked":["champ:SwordSigil+1","champ:Control"],"picked":"champ:ShieldWall+1","floor":45},{"not_picked":["champ:PerfectedStrike","champ:BringItOn+1"],"picked":"champ:ShieldSigil+1","floor":46},{"not_picked":["champ:FanOfKnives+1","champ:RecklessLeap"],"picked":"champ:RapidStrikes","floor":49},{"not_picked":["champ:CrookedStrike","champ:ShieldSigil"],"picked":"champ:Circumvent+1","floor":52}],"player_experience":258213,"relics_obtained":[{"floor":2,"key":"Sundial"},{"floor":5,"key":"ReplayFunnel"},{"floor":6,"key":"Pen Nib"},{"floor":7,"key":"PreservedInsect"},{"floor":10,"key":"ReplayTheSpireMod:Ninjato"},{"floor":14,"key":"Replay:Bottled Flurry"},{"floor":20,"key":"Oddly Smooth Stone"},{"floor":23,"key":"Gremlin Food"},{"floor":25,"key":"Omamori"},{"floor":27,"key":"Meat on the Bone"},{"floor":36,"key":"Lantern"},{"floor":39,"key":"Guardian:PocketSentry"},{"floor":41,"key":"Dream Catcher"},{"floor":44,"key":"Blue Candle"},{"floor":48,"key":"Gambling Chip"},{"floor":52,"key":"Bottled Flame"}],"event_choices":[{"damage_healed":0,"gold_gain":0,"player_choice":"Grow","damage_taken":0,"max_hp_gain":0,"max_hp_loss":0,"event_name":"Living Wall","floor":9,"gold_loss":0,"cards_upgraded":["champ:Circumvent"]},{"damage_healed":22,"gold_gain":0,"player_choice":"Healed and dodged fight","damage_taken":0,"max_hp_gain":0,"max_hp_loss":0,"event_name":"Mushrooms","floor":13,"gold_loss":0,"cards_obtained":["Parasite"]},{"damage_healed":0,"gold_gain":0,"player_choice":"Simplicity","damage_taken":0,"max_hp_gain":0,"max_hp_loss":0,"event_name":"Back to Basics","floor":21,"gold_loss":0,"cards_upgraded":["champ:Strike","champ:Strike","champ:Strike","champ:Strike","champ:Defend","champ:Defend","champ:Defend","champ:Defend"]},{"damage_healed":0,"gold_gain":0,"player_choice":"Fight","damage_taken":0,"max_hp_gain":0,"max_hp_loss":0,"event_name":"Mysterious Sphere","floor":48,"gold_loss":0}],"is_beta":false,"boss_relics":[{"not_picked":["Replay:Drink Me","Ectoplasm"],"picked":"Sozu"},{"not_picked":["Empty Cage","Replay:Bronze Core"],"picked":"champ:ChampionCrownUpgraded"}],"items_purged_floors":[30],"is_endless":false,"potions_floor_spawned":[2,10,12,20,22,23,29,31,37,42,44,48,49,52],"ascension_level":0}}