{"host":"0hb9w7uizu7y13wj","time":1608227948,"event":{"mods":["Act Like it!","Aspiration","BaseMod","BetterRewards","Colored Map","Conspire","Downfall","Energized Spire","FTL Soundtrack","Friendly Minions","Halation","Hubris","Infinite Spire","Minty Spire (QoL Compilation)","Quick Restart","Replay The Spire","StSLib","Synergy Search","The Factory","The Hierophant","The Jungle","The Poker Player","Trackpad","everything is the same but u backflip on backflip","vexMod"],"gold_per_floor":[113,113,38,38,38,67,67,93,117,117,131,158,17,33,33,125,125,145,166,190,190,190,190,221,238,238,276,308,317,345,345,345,447,415,440,440,440,440,440,484,506,506,506,546,328,353,398,398,398,423,450,450,450,316,364,437,437],"floor_reached":56,"playtime":3988,"items_purged":["Strike_R","Strike_R"],"score":2328,"play_id":"3fd40538-4fbf-4083-8dd5-0c2e59edbd4b","local_time":"20201217175908","is_ascension_mode":true,"campfire_choices":[{"data":"Bash","floor":10.0,"key":"SMITH"},{"data":"Immolate","floor":15.0,"key":"SMITH"},{"data":"Feed","floor":23.0,"key":"SMITH"},{"data":"Uppercut","floor":32.0,"key":"SMITH"},{"data":"conspire:HitWhereItHurts","floor":42.0,"key":"SMITH"},{"floor":49.0,"key":"RECALL"},{"data":"conspire:HitWhereItHurts","floor":53.0,"key":"SMITH"}],"circlet_count":0,"master_deck":["AscendersBane","Strike_R","Strike_R","Strike_R","Defend_R","Defend_R","Defend_R","Bash+1","Cleave","Dropkick","Immolate+1","Thunderclap","Flame Barrier","Flame Barrier","Feed+1","Feel No Pain","conspire:HitWhereItHurts+1","Uppercut+1","CurseOfTheBell","Shrug It Off+1","Strike_R","Brutality","infinitespire:TheBestDefense","Metallicize","conspire:HitWhereItHurts+1","Reaper","Inflame"],"relics":["Burning Blood","NeowsBlessing","Pocketwatch","conspire:GiftBox","halation:IllGainedPizza","Tiny Chest","hubris:ChampionShield","Snecko Eye","infinitespire:ShieldingShard","aspiration:TomeofQuesting","trackpad:ByrdCharm","CeramicFish","Calling Bell","infinitespire:Lucky Rock","Blue Candle","CaptainsWheel","Blood Vial","energizedSpire:HugeHouse","halation:StarCompass","Omamori","PreservedInsect","aspiration:ChemicalBlood","hubris:TenFootPole","conspire:Flyswatter"],"acts_visited":["Exordium","TheCity","TheBeyond","TheEnding"],"potions_floor_usage":[56,56,56,56],"damage_taken":[{"damage":0.0,"enemies":"Small Slimes","floor":1.0,"turns":1.0},{"damage":0.0,"enemies":"3 Sentries","floor":6.0,"turns":1.0},{"damage":0.0,"enemies":"Lagavulin","floor":8.0,"turns":1.0},{"damage":7.0,"enemies":"Jaw Worm","floor":11.0,"turns":2.0},{"damage":8.0,"enemies":"Gremlin Nob","floor":12.0,"turns":3.0},{"damage":0.0,"enemies":"2 Louse","floor":14.0,"turns":3.0},{"damage":41.0,"enemies":"Fading Forest","floor":16.0,"turns":13.0},{"damage":24.0,"enemies":"Shell Parasite","floor":18.0,"turns":4.0},{"damage":10.0,"enemies":"2 Thieves","floor":19.0,"turns":3.0},{"damage":15.0,"enemies":"Snake Plant","floor":20.0,"turns":4.0},{"damage":11.0,"enemies":"Gremlin Leader","floor":24.0,"turns":4.0},{"damage":0.0,"enemies":"Chosen and Byrds","floor":25.0,"turns":4.0},{"damage":0.0,"enemies":"conspire:Head Lice","floor":27.0,"turns":4.0},{"damage":0.0,"enemies":"Snecko","floor":28.0,"turns":4.0},{"damage":0.0,"enemies":"Snake Plant","floor":30.0,"turns":3.0},{"damage":19.0,"enemies":"Automaton","floor":33.0,"turns":9.0},{"damage":0.0,"enemies":"Orb Walker","floor":35.0,"turns":4.0},{"damage":17.0,"enemies":"R_Hoarder","floor":40.0,"turns":8.0},{"damage":9.0,"enemies":"3 Shapes","floor":41.0,"turns":3.0},{"damage":0.0,"enemies":"Nightmare","floor":44.0,"turns":3.0},{"damage":0.0,"enemies":"Writhing Mass","floor":46.0,"turns":5.0},{"damage":2.0,"enemies":"Giant Head","floor":47.0,"turns":3.0},{"damage":21.0,"enemies":"Awakened One","floor":50.0,"turns":12.0},{"damage":53.0,"enemies":"Time Eater","floor":51.0,"turns":12.0},{"damage":9.0,"enemies":"Shield and Spear","floor":55.0,"turns":6.0},{"damage":104,"enemies":"The Heart","floor":56,"turns":9}],"seed_played":"-2728518338132328424","potions_obtained":[{"floor":5.0,"key":"hexamod:EctoCoolerPotion"},{"floor":11.0,"key":"Dexterity Potion"},{"floor":14.0,"key":"Fire Potion"},{"floor":16.0,"key":"Block Potion"},{"floor":24.0,"key":"SteroidPotion"},{"floor":33.0,"key":"SteroidPotion"},{"floor":35.0,"key":"Weak Potion"},{"floor":40.0,"key":"Strength Potion"},{"floor":47.0,"key":"Block Potion"}],"is_trial":false,"path_per_floor":["M","?","?","?","?","E","T","E","T","R","M","E","$","M","R","B",null,"M","M","M","?","T","R","E","M","T","E","M","AVR","M","T","R","B",null,"M","?","?","?","T","E","M","R","T","NM","$","M","E","?","R","B","B",null,"R","$","E","B"],"character_chosen":"IRONCLAD","items_purchased":["Flame Barrier","Metallicize","conspire:HitWhereItHurts","Inflame"],"campfire_rested":0,"item_purchase_floors":[13,45,45,54],"current_hp_per_floor":[74,75,75,75,75,75,75,75,75,75,74,72,72,75,75,50,69,51,50,41,41,41,41,40,50,50,56,66,66,76,76,76,65,83,93,88,88,88,88,79,82,82,82,90,90,97,97,97,97,88,47,88,88,88,91,3,3],"gold":437,"neow_bonus":"THREE_ENEMY_KILL","is_daily":false,"chose_seed":false,"campfire_upgraded":6,"win_rate":0.0,"timestamp":1608227948,"path_taken":["M","?","?","?","?","E","?","E","T","R","M","E","$","M","R","BOSS","M","?","M","?","?","R","E","M","T","E","M","AVR","M","?","R","BOSS","M","?","?","?","?","E","M","R","T","NM","$","?","E","?","R","BOSS","BOSS","R","$","E","BOSS"],"items_purchased_type":["Card","Card","Card","Card"],"build_version":"2020-12-13","purchased_purges":2,"victory":false,"max_hp_per_floor":[75,75,75,75,75,75,75,75,75,75,75,75,75,75,75,75,75,75,78,78,78,78,78,82,86,86,86,90,90,94,94,94,94,89,93,93,93,93,93,93,97,97,97,97,97,97,97,97,97,97,101,101,101,101,105,110,110],"card_choices":[{"not_picked":["Rage","Wild Strike"],"picked":"Cleave","floor":1.0},{"not_picked":["Anger","Disarm"],"picked":"Dropkick","floor":6.0},{"not_picked":["Barricade","Impervious"],"picked":"Immolate","floor":7.0},{"not_picked":["Clash","Iron Wave","Headbutt"],"picked":"SKIP","floor":8.0},{"not_picked":["Combust","Shrug It Off"],"picked":"Thunderclap","floor":11.0},{"not_picked":["Anger","Replay:Undeath\u0027s Touch","Warcry"],"picked":"SKIP","floor":12.0},{"not_picked":["Barricade","Shrug It Off","Replay:Undeath\u0027s Touch"],"picked":"SKIP","floor":14.0},{"not_picked":["Berserk","Bludgeon"],"picked":"Feed","floor":16.0},{"not_picked":["Disarm","Anger","Shockwave"],"picked":"SKIP","floor":18.0},{"not_picked":["Warcry","Shrug It Off","Armaments"],"picked":"SKIP","floor":19.0},{"not_picked":["Wild Strike+1","Clothesline"],"picked":"Feel No Pain","floor":20.0},{"not_picked":["ReplayTheSpireMod:Strike From Hell","Iron Wave","ReplayTheSpireMod:Stacked"],"picked":"SKIP","floor":24.0},{"not_picked":["Sentinel","ReplayTheSpireMod:Strike From Hell","infinitespire:OneForAll"],"picked":"SKIP","floor":25.0},{"not_picked":["Body Slam","Battle Trance"],"picked":"conspire:HitWhereItHurts","floor":27.0},{"not_picked":["ReplayTheSpireMod:Strike From Hell","Havoc"],"picked":"Uppercut","floor":28.0},{"not_picked":["Run Through","Perfected Strike"],"picked":"Shrug It Off+1","floor":30.0},{"not_picked":["Immolate","Hemogenesis"],"picked":"Replay:Many Hands","floor":33.0},{"not_picked":["Wild Strike","Carnage+1","Clash"],"picked":"SKIP","floor":35.0},{"not_picked":["Immolate","Pommel Strike","Reckless Charge"],"picked":"SKIP","floor":40.0},{"not_picked":["ReplayTheSpireMod:LeadingStrike","Intimidate","Body Slam+1"],"picked":"SKIP","floor":41.0},{"not_picked":["ReplayTheSpireMod:Echoes of Time","infinitespire:NeuralNetwork"],"picked":"infinitespire:TheBestDefense","floor":44.0},{"not_picked":["Clash","Body Slam+1","Rupture+1"],"picked":"SKIP","floor":44.0},{"not_picked":["Clash","Armaments","Warcry+1"],"picked":"SKIP","floor":46.0},{"not_picked":["Cleave","Clothesline"],"picked":"Reaper","floor":47.0},{"not_picked":["Iron Wave+1","Wild Strike+1","True Grit"],"picked":"SKIP","floor":55.0}],"player_experience":890035,"relics_obtained":[{"floor":6.0,"key":"Pocketwatch"},{"floor":7.0,"key":"conspire:GiftBox"},{"floor":8.0,"key":"halation:IllGainedPizza"},{"floor":9.0,"key":"Tiny Chest"},{"floor":12.0,"key":"hubris:ChampionShield"},{"floor":22.0,"key":"infinitespire:ShieldingShard"},{"floor":24.0,"key":"aspiration:TomeofQuesting"},{"floor":26.0,"key":"trackpad:ByrdCharm"},{"floor":27.0,"key":"CeramicFish"},{"floor":29.0,"key":"infinitespire:Lucky Rock"},{"floor":29.0,"key":"Blue Candle"},{"floor":29.0,"key":"CaptainsWheel"},{"floor":31.0,"key":"Blood Vial"},{"floor":39.0,"key":"Omamori"},{"floor":40.0,"key":"PreservedInsect"},{"floor":44.0,"key":"aspiration:ChemicalBlood"},{"floor":47.0,"key":"hubris:TenFootPole"},{"floor":55.0,"key":"conspire:Flyswatter"}],"event_choices":[{"cards_removed":["Defend_R"],"damage_healed":0.0,"max_hp_gain":0.0,"max_hp_loss":0.0,"gold_gain":0.0,"event_name":"The Cleric","player_choice":"Card Removal","floor":3.0,"gold_loss":75.0,"damage_taken":0.0},{"damage_healed":0.0,"max_hp_gain":0.0,"max_hp_loss":0.0,"gold_gain":0.0,"event_name":"Liars Game","player_choice":"Ignored","floor":4.0,"gold_loss":0.0,"damage_taken":0.0},{"damage_healed":0.0,"max_hp_gain":0.0,"max_hp_loss":0.0,"gold_gain":0.0,"event_name":"conspire:Investor","player_choice":"Leave","floor":36.0,"gold_loss":0.0,"damage_taken":0.0}],"is_beta":false,"boss_relics":[{"not_picked":["hubris:CrackedHourglass","Replay:Drink Me"],"picked":"Snecko Eye"},{"not_picked":["halation:IncompleteEncyclopedia","Electric Blood"],"picked":"energizedSpire:HugeHouse"}],"items_purged_floors":[13,54],"is_endless":false,"potions_floor_spawned":[11,14,16,24,25,27,28,33,35,40,47],"killed_by":"The Heart","ascension_level":20}}