{"host":"bq4pt811tk9yrmjl","time":1608232109,"event":{"mods":["AchievementEnabler","BaseMod","Colored Map","Colored Powertips","Defuse TimeMaze Blight","Minty Spire (QoL Compilation)","StSLib","SuperFastMode","UnlockEverythingMod"],"gold_per_floor":[113,188,188,37,52,52,77,77,104,123,140,140,154,213,213,318,318,329,329,428,343,355,355,387,387,387,142,142,156,156,182,182,278,278,289,289,289,339,355,355,386,386,413,432,91,91,0,0,0,0,0,0,0,27,27,27],"floor_reached":55,"playtime":1292,"items_purged":[],"score":711,"play_id":"dac50b72-7f14-4fe8-861d-2d93b91c7b2d","local_time":"20201217170829","is_ascension_mode":true,"campfire_choices":[{"data":"Sunder","floor":6.0,"key":"SMITH"},{"floor":8.0,"key":"REST"},{"data":"Defragment","floor":12.0,"key":"SMITH"},{"floor":15.0,"key":"RECALL"},{"data":"Ball Lightning","floor":23.0,"key":"SMITH"},{"data":"Go for the Eyes","floor":25.0,"key":"SMITH"},{"data":"Static Discharge","floor":28.0,"key":"SMITH"},{"data":"Reboot","floor":30.0,"key":"SMITH"},{"data":"Loop","floor":32.0,"key":"SMITH"},{"data":"Enlightenment","floor":40,"key":"SMITH"},{"floor":42,"key":"REST"},{"data":"Apotheosis","floor":46,"key":"SMITH"},{"floor":49,"key":"REST"},{"data":"Melter","floor":52,"key":"SMITH"}],"circlet_count":0,"master_deck":["Strike_B+1","Defend_B","Defend_B","Defend_B","Defend_B+1","Zap+1","Dualcast","Sunder+1","Go for the Eyes+1","Defragment+1","Reboot+1","Amplify+1","Force Field+1","BootSequence+1","Ball Lightning+1","BootSequence+1","Static Discharge+1","Melter+1","Loop+1","Core Surge","Undo+1","Enlightenment+1","Hologram+1","Leap+1","Apotheosis+1"],"relics":["Cracked Core","Lee\u0027s Waffle","Blue Candle","Blood Vial","Astrolabe","White Beast Statue","Lantern","Regal Pillow","Juzu Bracelet","Sozu","Ice Cream","Dead Branch","Boot","Happy Flower","Red Mask","Eternal Feather"],"acts_visited":["Exordium","TheCity","TheBeyond","TheEnding"],"potions_floor_usage":[39,41],"damage_taken":[{"damage":5.0,"enemies":"Small Slimes","floor":1.0,"turns":3.0},{"damage":2.0,"enemies":"2 Louse","floor":5.0,"turns":3.0},{"damage":30.0,"enemies":"3 Sentries","floor":7.0,"turns":9.0},{"damage":11.0,"enemies":"Jaw Worm","floor":10.0,"turns":2.0},{"damage":0.0,"enemies":"Exordium Wildlife","floor":11.0,"turns":2.0},{"damage":9.0,"enemies":"Blue Slaver","floor":13.0,"turns":2.0},{"damage":14.0,"enemies":"Slime Boss","floor":16.0,"turns":9.0},{"damage":9.0,"enemies":"3 Byrds","floor":18.0,"turns":4.0},{"damage":0.0,"enemies":"Chosen","floor":22.0,"turns":5.0},{"damage":11.0,"enemies":"Gremlin Leader","floor":24.0,"turns":6.0},{"damage":0.0,"enemies":"Centurion and Healer","floor":29.0,"turns":8.0},{"damage":4.0,"enemies":"Slavers","floor":31.0,"turns":3.0},{"damage":45.0,"enemies":"Champ","floor":33.0,"turns":9.0},{"damage":2.0,"enemies":"3 Shapes","floor":35.0,"turns":4.0},{"damage":0,"enemies":"Mind Bloom Boss Battle","floor":38,"turns":6},{"damage":9,"enemies":"Orb Walker","floor":39,"turns":3},{"damage":48,"enemies":"Reptomancer","floor":41,"turns":5},{"damage":9,"enemies":"4 Shapes","floor":44,"turns":6},{"damage":68,"enemies":"Awakened One","floor":50,"turns":22},{"damage":49,"enemies":"Shield and Spear","floor":54,"turns":9},{"damage":69,"enemies":"The Heart","floor":55,"turns":3}],"seed_played":"-518358013445107183","potions_obtained":[{"floor":1.0,"key":"Swift Potion"},{"floor":10.0,"key":"Weak Potion"},{"floor":13.0,"key":"GamblersBrew"},{"floor":18.0,"key":"FearPotion"},{"floor":22.0,"key":"SneckoOil"},{"floor":24.0,"key":"DistilledChaos"},{"floor":31.0,"key":"PotionOfCapacity"},{"floor":33.0,"key":"Strength Potion"}],"is_trial":false,"path_per_floor":["M","?","?","$","M","R","E","R","T","M","M","R","M","?","R","B",null,"M","?","?","?","M","R","E","R","T","$","R","M","R","E","R","B",null,"M","?","?","?","M","R","E","R","T","M","$","R","?","$","R","B",null,"R","$","E","B"],"character_chosen":"DEFECT","items_purchased":["Lee\u0027s Waffle","Static Discharge","Regal Pillow","PowerPotion","Apotheosis","Happy Flower"],"campfire_rested":3,"item_purchase_floors":[4,27,27,27,45,45],"current_hp_per_floor":[70,59,44,82,80,80,50,74,74,65,67,67,60,60,60,48,82,73,73,73,73,75,75,66,66,66,66,66,68,68,66,66,23,82,80,80,80,82,73,73,27,66,66,59,59,59,59,59,82,14,82,82,82,33,0,0],"gold":27,"neow_bonus":"UPGRADE_CARD","is_daily":false,"chose_seed":false,"campfire_upgraded":10,"win_rate":0.0,"timestamp":1608232109,"path_taken":["M","?","?","$","M","R","E","R","T","?","M","R","M","?","R","BOSS","M","?","?","?","M","R","E","R","T","?","R","M","R","E","R","BOSS","M","?","?","?","M","R","E","R","T","M","$","R","?","?","R","BOSS","R","$","E","BOSS"],"items_purchased_type":["Relic","Card","Relic","Potion","Card","Relic"],"build_version":"2020-12-13","purchased_purges":0,"victory":false,"max_hp_per_floor":[75,75,75,82,82,82,82,82,82,82,82,82,82,82,82,82,82,82,82,82,82,82,82,82,82,82,82,82,82,82,82,82,82,82,82,82,82,82,82,82,82,82,82,82,82,82,82,82,82,82,82,82,82,82,82,82],"card_choices":[{"not_picked":["Skim","Rebound"],"picked":"Sunder","floor":1.0},{"not_picked":["Ball Lightning","Rebound"],"picked":"Go for the Eyes","floor":5.0},{"not_picked":["Beam Cell","Gash"],"picked":"Defragment","floor":7.0},{"not_picked":["Steam","Steam Power","Chaos"],"picked":"SKIP","floor":10.0},{"not_picked":["Streamline","Rebound","Genetic Algorithm"],"picked":"SKIP","floor":11.0},{"not_picked":["Multi-Cast","Turbo","Sweeping Beam"],"picked":"SKIP","floor":13.0},{"not_picked":["Meteor Strike","Rainbow"],"picked":"Reboot","floor":16.0},{"not_picked":["Gash","Turbo"],"picked":"Ball Lightning","floor":18.0},{"not_picked":["Coolheaded","Redo"],"picked":"BootSequence+1","floor":22.0},{"not_picked":["Cold Snap","Stack","Fusion"],"picked":"SKIP","floor":24.0},{"not_picked":["Turbo","Ball Lightning"],"picked":"Melter","floor":29.0},{"not_picked":["Gash","Darkness+1"],"picked":"Loop","floor":31.0},{"not_picked":["Machine Learning","Rainbow"],"picked":"Core Surge","floor":33.0},{"not_picked":["Conserve Battery","Redo"],"picked":"Undo+1","floor":35.0},{"not_picked":["Mind Blast","Thinking Ahead"],"picked":"Enlightenment","floor":37},{"not_picked":["Leap+1","Conserve Battery"],"picked":"Hologram+1","floor":39},{"not_picked":["Steam","Turbo+1","Compile Driver+1"],"picked":"SKIP","floor":41},{"not_picked":["Heatsinks","Recycle"],"picked":"Leap+1","floor":44},{"not_picked":["Steam Power+1","Steam","Buffer"],"picked":"SKIP","floor":54}],"player_experience":63246,"relics_obtained":[{"floor":7.0,"key":"Blue Candle"},{"floor":9.0,"key":"Blood Vial"},{"floor":24.0,"key":"Lantern"},{"floor":31.0,"key":"Juzu Bracelet"},{"floor":38,"key":"Ice Cream"},{"floor":41,"key":"Dead Branch"},{"floor":43,"key":"Boot"},{"floor":54,"key":"Eternal Feather"}],"event_choices":[{"damage_healed":0.0,"max_hp_gain":0.0,"max_hp_loss":0.0,"gold_gain":75.0,"event_name":"World of Goop","player_choice":"Gather Gold","floor":2.0,"gold_loss":0.0,"damage_taken":11.0},{"damage_healed":0.0,"max_hp_gain":0.0,"max_hp_loss":0.0,"gold_gain":0.0,"event_name":"Shining Light","player_choice":"Entered Light","floor":3.0,"gold_loss":0.0,"damage_taken":15.0,"cards_upgraded":["Strike_B","Defend_B"]},{"damage_healed":0.0,"max_hp_gain":0.0,"max_hp_loss":0.0,"gold_gain":59.0,"event_name":"Golden Wing","player_choice":"Gained Gold","floor":14.0,"gold_loss":0.0,"damage_taken":0.0},{"damage_healed":0.0,"max_hp_gain":0.0,"max_hp_loss":0.0,"gold_gain":0.0,"event_name":"Ghosts","player_choice":"Ignored","floor":19.0,"gold_loss":0.0,"damage_taken":0.0},{"damage_healed":0.0,"max_hp_gain":0.0,"max_hp_loss":0.0,"gold_gain":99.0,"event_name":"Nest","player_choice":"Stole From Cult","floor":20.0,"gold_loss":0.0,"damage_taken":0.0},{"damage_healed":0.0,"max_hp_gain":0.0,"max_hp_loss":0.0,"gold_gain":0.0,"event_name":"Addict","player_choice":"Obtained Relic","floor":21.0,"gold_loss":85.0,"damage_taken":0.0,"relics_obtained":["White Beast Statue"]},{"damage_healed":0,"gold_gain":0,"player_choice":"Ignored","damage_taken":0,"max_hp_gain":0,"max_hp_loss":0,"event_name":"Mysterious Sphere","floor":36,"gold_loss":0},{"damage_healed":0,"gold_gain":0,"player_choice":"Memory 1","damage_taken":0,"max_hp_gain":0,"max_hp_loss":0,"event_name":"SensoryStone","floor":37,"gold_loss":0},{"damage_healed":0,"gold_gain":0,"player_choice":"Fight","damage_taken":0,"max_hp_gain":0,"max_hp_loss":0,"event_name":"MindBloom","floor":38,"gold_loss":0},{"damage_healed":0,"gold_gain":0,"player_choice":"Paid","damage_taken":0,"relics_obtained":["Red Mask"],"max_hp_gain":0,"max_hp_loss":0,"event_name":"Tomb of Lord Red Mask","floor":47,"gold_loss":91}],"is_beta":false,"boss_relics":[{"not_picked":["Fusion Hammer","SlaversCollar"],"picked":"Astrolabe"},{"not_picked":["Inserter","Black Star"],"picked":"Sozu"}],"items_purged_floors":[],"is_endless":false,"potions_floor_spawned":[1,10,13,18,22,24,29,31,33,35,38,39,41,44,54],"killed_by":"The Heart","ascension_level":1}}