{"host":"r53pw7z744tg3fxg","time":1608230559,"event":{"mods":["AchievementEnabler","BaseMod","Colored Map","Colored Powertips","Highlight Path","Minty Spire (QoL Compilation)","Quick Restart","Transform Curses"],"gold_per_floor":[115,115,131,150,166,200,200,232,232,243,256,272,304,315,315,414,414,425,443,443,455,54,54,85,103,103,103,115,115,115,143,143,241,241,259,36,36,0,50,50,50,65,65,65,115,127,147,147,147,147,147],"floor_reached":50,"playtime":2072,"items_purged":[],"score":868,"play_id":"78c90e35-dee7-4272-b1af-25f65002126e","local_time":"20201217114239","is_ascension_mode":true,"campfire_choices":[{"data":"PathToVictory","floor":7.0,"key":"SMITH"},{"data":"ConjureBlade","floor":15.0,"key":"SMITH"},{"data":"Apotheosis","floor":23.0,"key":"SMITH"},{"floor":27.0,"key":"REST"},{"data":"Judgement","floor":29.0,"key":"SMITH"},{"data":"Metamorphosis","floor":32.0,"key":"SMITH"},{"floor":40.0,"key":"REST"},{"floor":44.0,"key":"REST"},{"floor":49.0,"key":"REST"}],"circlet_count":0,"master_deck":["Strike_P","Strike_P","Strike_P","Defend_P","Defend_P","Defend_P","Defend_P","Eruption+1","Vigilance","CarveReality","SandsOfTime","WheelKick","PathToVictory+1","PathToVictory","Consecrate","BowlingBash","FlurryOfBlows","DeceiveReality","ConjureBlade+1","FollowUp","Judgement+1","EmptyBody","ReachHeaven+1","Halt","CutThroughFate","Apotheosis+1","FearNoEvil","Crescendo+1","Conclude+1","Metamorphosis+1","DeusExMachina","Madness","Madness","Dash","Prostrate+1","Parasite","Terror+1"],"relics":["PureWater","Anchor","Pear","HornCleat","Darkstone Periapt","SlaversCollar","PrismaticShard","Happy Flower","Sundial","MutagenicStrength","Gambling Chip","Busted Crown","Sling","Red Mask","Peace Pipe","Unceasing Top","Damaru","Ice Cream"],"acts_visited":["Exordium","TheCity","TheBeyond"],"potions_floor_usage":[],"damage_taken":[{"damage":2.0,"enemies":"Jaw Worm","floor":1.0,"turns":3.0},{"damage":0.0,"enemies":"Cultist","floor":3.0,"turns":2.0},{"damage":5.0,"enemies":"Small Slimes","floor":4.0,"turns":3.0},{"damage":4.0,"enemies":"Exordium Wildlife","floor":5.0,"turns":3.0},{"damage":5.0,"enemies":"3 Sentries","floor":6.0,"turns":4.0},{"damage":0.0,"enemies":"Lagavulin","floor":8.0,"turns":3.0},{"damage":0.0,"enemies":"Large Slime","floor":10.0,"turns":3.0},{"damage":0.0,"enemies":"Looter","floor":11.0,"turns":2.0},{"damage":0.0,"enemies":"Blue Slaver","floor":12.0,"turns":3.0},{"damage":0.0,"enemies":"Gremlin Nob","floor":13.0,"turns":2.0},{"damage":0.0,"enemies":"Large Slime","floor":14.0,"turns":4.0},{"damage":43.0,"enemies":"Hexaghost","floor":16.0,"turns":8.0},{"damage":0.0,"enemies":"Chosen","floor":18.0,"turns":3.0},{"damage":0.0,"enemies":"Shell Parasite","floor":19.0,"turns":2.0},{"damage":14.0,"enemies":"Cultist and Chosen","floor":21.0,"turns":5.0},{"damage":5.0,"enemies":"Book of Stabbing","floor":24.0,"turns":4.0},{"damage":0.0,"enemies":"Chosen and Byrds","floor":25.0,"turns":3.0},{"damage":0.0,"enemies":"Snecko","floor":28.0,"turns":3.0},{"damage":0.0,"enemies":"Gremlin Leader","floor":31.0,"turns":3.0},{"damage":0.0,"enemies":"Collector","floor":33.0,"turns":6.0},{"damage":29.0,"enemies":"3 Darklings","floor":35.0,"turns":5.0},{"damage":41.0,"enemies":"2 Orb Walkers","floor":39.0,"turns":6.0},{"damage":0.0,"enemies":"3 Shapes","floor":42.0,"turns":5.0},{"damage":0.0,"enemies":"Mind Bloom Boss Battle","floor":45.0,"turns":3.0},{"damage":29.0,"enemies":"Writhing Mass","floor":46.0,"turns":5.0},{"damage":15.0,"enemies":"Jaw Worm Horde","floor":47.0,"turns":3.0},{"damage":49,"enemies":"Donu and Deca","floor":50,"turns":4}],"seed_played":"5767192144139639996","potions_obtained":[{"floor":2.0,"key":"Explosive Potion"},{"floor":2.0,"key":"Swift Potion"},{"floor":2.0,"key":"Fruit Juice"},{"floor":3.0,"key":"Energy Potion"},{"floor":5.0,"key":"StancePotion"},{"floor":10.0,"key":"DistilledChaos"},{"floor":11.0,"key":"DuplicationPotion"},{"floor":14.0,"key":"Ancient Potion"},{"floor":16.0,"key":"AttackPotion"},{"floor":21.0,"key":"Swift Potion"},{"floor":24.0,"key":"AttackPotion"},{"floor":31.0,"key":"LiquidMemories"},{"floor":35.0,"key":"Block Potion"},{"floor":39.0,"key":"ColorlessPotion"},{"floor":42.0,"key":"Strength Potion"}],"is_trial":false,"path_per_floor":["M","?","M","M","M","E","R","E","T","M","M","M","E","M","R","B",null,"M","M","?","M","$","R","E","M","T","R","M","R","?","E","R","B",null,"M","$","?","?","?","R","T","M","T","R","?","M","M","?","R","B"],"character_chosen":"WATCHER","items_purchased":["PrismaticShard","Apotheosis","FearNoEvil","Sling","DuplicationPotion"],"campfire_rested":4,"item_purchase_floors":[22,22,22,36,36],"current_hp_per_floor":[63,68,68,63,59,54,54,64,64,64,64,64,64,64,64,21,71,71,71,71,57,57,57,52,52,52,78,78,78,78,78,78,78,85,56,56,45,45,4,30,30,30,30,56,56,33,18,18,45,0,0],"gold":147,"neow_bonus":"UPGRADE_CARD","is_daily":false,"chose_seed":false,"campfire_upgraded":5,"win_rate":0.0,"timestamp":1608230559,"path_taken":["M","?","M","M","M","E","R","E","T","M","?","M","E","M","R","BOSS","M","M","?","M","$","R","E","M","T","R","M","R","?","E","R","BOSS","M","$","?","?","?","R","?","?","T","R","?","M","M","?","R","BOSS"],"items_purchased_type":["Relic","Card","Card","Relic","Potion"],"build_version":"2020-12-13","purchased_purges":0,"victory":false,"max_hp_per_floor":[72,77,77,77,77,77,77,87,87,87,87,87,87,87,87,87,87,87,87,87,87,87,87,87,87,87,87,87,87,87,87,87,87,87,87,87,87,87,87,87,87,87,87,87,87,93,93,93,93,93,93],"card_choices":[{"not_picked":["Protect","FlyingSleeves"],"picked":"CarveReality","floor":1.0},{"not_picked":["Prostrate","Collect"],"picked":"SandsOfTime","floor":3.0},{"not_picked":["TalkToTheHand","Vengeance"],"picked":"WheelKick","floor":4.0},{"not_picked":["SashWhip","DeceiveReality"],"picked":"PathToVictory","floor":5.0},{"not_picked":["FlurryOfBlows","Perseverance"],"picked":"PathToVictory","floor":6.0},{"not_picked":["Indignation","Omniscience"],"picked":"Consecrate","floor":8.0},{"not_picked":["Worship","FollowUp"],"picked":"BowlingBash","floor":10.0},{"not_picked":["EmptyFist","Indignation"],"picked":"FlurryOfBlows","floor":11.0},{"not_picked":["Halt","Worship"],"picked":"DeceiveReality","floor":12.0},{"not_picked":["Swivel","Protect"],"picked":"ConjureBlade","floor":13.0},{"not_picked":["FlyingSleeves","JustLucky"],"picked":"FollowUp","floor":14.0},{"not_picked":["Establishment","Omniscience"],"picked":"Judgement","floor":16.0},{"not_picked":["Crescendo","EmptyFist"],"picked":"EmptyBody","floor":18.0},{"not_picked":["EmptyFist","SandsOfTime"],"picked":"ReachHeaven+1","floor":19.0},{"not_picked":["CarveReality","CrushJoints"],"picked":"CutThroughFate","floor":21.0},{"not_picked":["Distraction","Dodge and Roll"],"picked":"Crescendo+1","floor":24.0},{"not_picked":["Dramatic Entrance","Twin Strike"],"picked":"Conclude+1","floor":25.0},{"not_picked":["Compile Driver","Perfected Strike","CrushJoints"],"picked":"SKIP","floor":28.0},{"not_picked":["Pray","PanicButton"],"picked":"Metamorphosis","floor":31.0},{"not_picked":["Scrawl","Burst"],"picked":"DeusExMachina","floor":33.0},{"not_picked":["Nirvana"],"picked":"SKIP","floor":35.0},{"not_picked":[],"picked":"Dash","floor":42.0},{"not_picked":[],"picked":"Prostrate+1","floor":45.0},{"not_picked":["Redo+1"],"picked":"SKIP","floor":46.0},{"not_picked":[],"picked":"Terror+1","floor":47.0}],"player_experience":1114310,"relics_obtained":[{"floor":6.0,"key":"Anchor"},{"floor":8.0,"key":"Pear"},{"floor":9.0,"key":"HornCleat"},{"floor":13.0,"key":"Darkstone Periapt"},{"floor":24.0,"key":"Happy Flower"},{"floor":26.0,"key":"Sundial"},{"floor":31.0,"key":"Gambling Chip"},{"floor":39.0,"key":"Peace Pipe"},{"floor":41.0,"key":"Unceasing Top"},{"floor":43.0,"key":"Damaru"},{"floor":45.0,"key":"Ice Cream"}],"event_choices":[{"damage_healed":0.0,"max_hp_gain":0.0,"max_hp_loss":0.0,"gold_gain":0.0,"event_name":"Lab","player_choice":"Got Potions","floor":2.0,"gold_loss":0.0,"damage_taken":0.0},{"damage_healed":0.0,"max_hp_gain":0.0,"max_hp_loss":0.0,"gold_gain":0.0,"event_name":"The Library","player_choice":"Read","floor":20.0,"gold_loss":0.0,"damage_taken":0.0,"cards_obtained":["Halt"]},{"damage_healed":0.0,"max_hp_gain":0.0,"max_hp_loss":0.0,"gold_gain":0.0,"event_name":"Drug Dealer","player_choice":"Inject Mutagens","floor":30.0,"gold_loss":0.0,"damage_taken":0.0,"relics_obtained":["MutagenicStrength"]},{"damage_healed":0.0,"max_hp_gain":0.0,"max_hp_loss":0.0,"gold_gain":0.0,"event_name":"Winding Halls","player_choice":"Embrace Madness","floor":37.0,"gold_loss":0.0,"damage_taken":11.0,"cards_obtained":["Madness","Madness"]},{"damage_healed":0.0,"max_hp_gain":0.0,"max_hp_loss":0.0,"gold_gain":0.0,"event_name":"Tomb of Lord Red Mask","player_choice":"Paid","floor":38.0,"gold_loss":36.0,"damage_taken":0.0,"relics_obtained":["Red Mask"]},{"damage_healed":0.0,"max_hp_gain":0.0,"max_hp_loss":0.0,"gold_gain":0.0,"event_name":"Mysterious Sphere","player_choice":"Fight","floor":39.0,"gold_loss":0.0,"damage_taken":0.0},{"damage_healed":0.0,"max_hp_gain":0.0,"max_hp_loss":0.0,"gold_gain":0.0,"event_name":"MindBloom","player_choice":"Fight","floor":45.0,"gold_loss":0.0,"damage_taken":0.0},{"cards_removed":["Strike_P"],"damage_healed":0.0,"max_hp_gain":0.0,"max_hp_loss":0.0,"gold_gain":0.0,"event_name":"Falling","player_choice":"Removed Attack","floor":48.0,"gold_loss":0.0,"damage_taken":0.0}],"is_beta":false,"boss_relics":[{"not_picked":["Tiny House","Coffee Dripper"],"picked":"SlaversCollar"},{"not_picked":["VioletLotus","Philosopher\u0027s Stone"],"picked":"Busted Crown"}],"items_purged_floors":[],"is_endless":false,"potions_floor_spawned":[3,5,10,11,14,16,21,24,31,35,39,42],"killed_by":"Donu and Deca","ascension_level":6}}