{"host":"ilrepnd391jk07a9","time":1608169336,"event":{"mods":["Aspiration","BaseMod","Better Altar","Better Note","Better Skull","Better Third Choice","BetterRewards","Colored Powertips","DeckTracker","Defuse TimeMaze Blight","Downfall","GifTheSpireLib","Gremlin Skip","Halation","Highlight Path","Hubris","Minty Spire (QoL Compilation)","Quick Restart","Relic Stats","Replay The Spire","StSLib","Stuff the Spire","everything is the same but u backflip on backflip","vexMod"],"gold_per_floor":[0,16,16,35,35,50,50,50,225,225,325,325,325,325,325,80,99,99,99],"floor_reached":18,"playtime":843,"items_purged":["StuffTheSpire:CuriosityCurse"],"score":98,"play_id":"96f4fe95-78f4-4d5b-9c79-2028157f5265","local_time":"20201217144216","is_ascension_mode":false,"campfire_choices":[{"data":"champ:Execute","floor":1,"key":"SMITH"},{"data":"champ:FocusedBerserking","floor":3,"key":"SMITH"},{"data":"champ:Taunt","floor":8,"key":"SMITH"},{"floor":10,"key":"RECALL"}],"circlet_count":0,"master_deck":["champ:Strike","champ:Strike","champ:Strike","champ:Strike","champ:Defend","champ:Defend","champ:Defend","champ:Defend","champ:Execute+1","champ:Taunt+1","champ:FocusedBerserking+1","champ:Circumvent","champ:BringItOn","Doubt","champ:Lariat","champ:EnGarde"],"relics":["champ:ChampionCrown","halation:VictoryRuler","halation:EternalFortune","TungstenRod","Replay:Wax Seal","Chameleon Ring","OrangePellets"],"acts_visited":["Exordium"],"potions_floor_usage":[],"damage_taken":[{"damage":10,"enemies":"Cultist","floor":2,"turns":4},{"damage":11,"enemies":"Jaw Worm","floor":4,"turns":4},{"damage":12,"enemies":"Small Slimes","floor":6,"turns":4},{"damage":6,"enemies":"downfall:FleeingMerchant","floor":16,"turns":4},{"damage":10,"enemies":"2 Fungi Beasts","floor":17,"turns":4},{"damage":118,"enemies":"downfall:Defect","floor":18,"turns":11}],"seed_played":"141319588255221844","potions_obtained":[{"floor":4,"key":"SpeedPotion"}],"is_trial":false,"path_per_floor":["R","M","R","M","?","M","T","R","?","R","?","?","PTL","PTL","T","$","M","B"],"character_chosen":"THE_CHAMP","items_purchased":["OrangePellets"],"campfire_rested":0,"item_purchase_floors":[16],"current_hp_per_floor":[90,85,85,84,87,90,90,90,90,90,90,90,90,90,90,93,93,0,0],"gold":99,"neow_bonus":"ONE_RARE_RELIC","is_daily":false,"chose_seed":false,"campfire_upgraded":3,"win_rate":0.0,"timestamp":1608169336,"path_taken":["R","?","R","M","?","M","T","R","?","R","?","?","PTL","PTL","?","$","M","BOSS"],"items_purchased_type":["Relic"],"build_version":"2020-12-13","purchased_purges":1,"victory":false,"max_hp_per_floor":[90,90,90,90,93,93,93,93,93,93,93,93,93,93,93,93,93,93,93],"relic_stats":{"OrangePellets":[0],"counters":[6,31],"obtain_stats":[{"OrangePellets":16,"Chameleon Ring":15,"halation:VictoryRuler":0,"halation:EternalFortune":5,"champ:ChampionCrown":0,"Replay:Wax Seal":12,"TungstenRod":7},{"OrangePellets":4,"Chameleon Ring":3,"halation:VictoryRuler":0,"halation:EternalFortune":2,"champ:ChampionCrown":0,"Replay:Wax Seal":3,"TungstenRod":3},{"OrangePellets":16,"Chameleon Ring":12,"halation:VictoryRuler":0,"halation:EternalFortune":8,"champ:ChampionCrown":0,"Replay:Wax Seal":12,"TungstenRod":12}],"TungstenRod":37},"card_choices":[{"not_picked":["champ:StanceDance","champ:BringItOn"],"picked":"champ:FocusedBerserking","floor":2},{"not_picked":["champ:StanceDance","champ:FanOfKnives"],"picked":"champ:Circumvent","floor":4},{"not_picked":["champ:BerserkersShout","champ:LastStand"],"picked":"champ:BringItOn","floor":6},{"not_picked":["champ:BerserkersShout","champ:StanceDance"],"picked":"champ:Lariat","floor":16},{"not_picked":["champ:DefensiveStyle","champ:CrookedStrike"],"picked":"champ:EnGarde","floor":17}],"player_experience":801838,"relics_obtained":[{"floor":7,"key":"TungstenRod"},{"floor":15,"key":"Chameleon Ring"}],"event_choices":[],"is_beta":false,"boss_relics":[],"items_purged_floors":[16],"is_endless":false,"potions_floor_spawned":[4],"killed_by":"downfall:Defect","ascension_level":0}}