{"host":"i09pxcjttd31eh4q","time":1608210070,"event":{"mods":["AchievementEnabler","BaseMod","Colored Map","Keyboard Shortcuts","Minty Spire (QoL Compilation)","StSLib","SuperFastMode"],"gold_per_floor":[112,37,37,47,97,125,136,168,245,255,255,280,296,323,323,400,400,451,451,23,34,46,80,80,106,130,130,156,81,81,7,7,86,86,96,96,114,114,128,161,177,177,231,259,279,314,41,41,41,41,41,41,41,41,75,75,75],"floor_reached":56,"playtime":1569,"items_purged":["Strike_P","Defend_P"],"score":2542,"play_id":"569fa2f8-4543-4ab7-a70d-36357ff90c97","local_time":"20201217220110","is_ascension_mode":true,"campfire_choices":[{"data":"Eruption","floor":11.0,"key":"SMITH"},{"data":"MentalFortress","floor":15.0,"key":"SMITH"},{"data":"TalkToTheHand","floor":24.0,"key":"SMITH"},{"data":"WheelKick","floor":27.0,"key":"SMITH"},{"data":"WheelKick","floor":30.0,"key":"SMITH"},{"data":"Indignation","floor":32.0,"key":"SMITH"},{"floor":42.0,"key":"RECALL"},{"floor":49.0,"key":"REST"},{"data":"EmptyFist","floor":53,"key":"SMITH"}],"circlet_count":0,"master_deck":["AscendersBane","Eruption+1","Vigilance","WheelKick+1","DeusExMachina","EmptyFist+1","MentalFortress+1","TalkToTheHand+1","FearNoEvil","WheelKick+1","Indignation+1","Perseverance+1","Halt+1","Study+1","Sanctity"],"relics":["PureWater","NeowsBlessing","Du-Vu Doll","Omamori","Question Card","Strawberry","Runic Pyramid","Necronomicon","TeardropLocket","Bag of Marbles","Pantograph","Centennial Puzzle","Art of War","Astrolabe","Mercury Hourglass","Damaru","White Beast Statue","Orichalcum","TheAbacus","StrikeDummy"],"acts_visited":["Exordium","TheCity","TheBeyond","TheEnding"],"potions_floor_usage":[55,56],"damage_taken":[{"damage":0.0,"enemies":"Small Slimes","floor":1.0,"turns":1.0},{"damage":0.0,"enemies":"2 Louse","floor":4.0,"turns":1.0},{"damage":0.0,"enemies":"Lagavulin","floor":6.0,"turns":1.0},{"damage":0.0,"enemies":"Cultist","floor":7.0,"turns":3.0},{"damage":0.0,"enemies":"Gremlin Nob","floor":8.0,"turns":2.0},{"damage":3.0,"enemies":"Large Slime","floor":10.0,"turns":3.0},{"damage":0.0,"enemies":"Lagavulin","floor":12.0,"turns":3.0},{"damage":0.0,"enemies":"Blue Slaver","floor":13.0,"turns":3.0},{"damage":42.0,"enemies":"3 Sentries","floor":14.0,"turns":10.0},{"damage":1.0,"enemies":"The Guardian","floor":16.0,"turns":12.0},{"damage":1.0,"enemies":"3 Byrds","floor":18.0,"turns":6.0},{"damage":1.0,"enemies":"2 Thieves","floor":21.0,"turns":3.0},{"damage":0.0,"enemies":"3 Cultists","floor":22.0,"turns":3.0},{"damage":10.0,"enemies":"Slavers","floor":23.0,"turns":2.0},{"damage":0.0,"enemies":"Book of Stabbing","floor":25.0,"turns":3.0},{"damage":0.0,"enemies":"Gremlin Leader","floor":28.0,"turns":1.0},{"damage":0.0,"enemies":"Collector","floor":33.0,"turns":3.0},{"damage":0.0,"enemies":"3 Darklings","floor":35.0,"turns":2.0},{"damage":8.0,"enemies":"3 Shapes","floor":37.0,"turns":2.0},{"damage":10.0,"enemies":"Writhing Mass","floor":39.0,"turns":4.0},{"damage":0.0,"enemies":"Nemesis","floor":40.0,"turns":3.0},{"damage":6.0,"enemies":"4 Shapes","floor":41.0,"turns":4.0},{"damage":0.0,"enemies":"Reptomancer","floor":44.0,"turns":1.0},{"damage":0.0,"enemies":"3 Darklings","floor":45.0,"turns":1.0},{"damage":11.0,"enemies":"Nemesis","floor":46.0,"turns":5.0},{"damage":24.0,"enemies":"Donu and Deca","floor":50.0,"turns":6.0},{"damage":0,"enemies":"Awakened One","floor":51,"turns":6},{"damage":29,"enemies":"Shield and Spear","floor":55,"turns":5},{"damage":64,"enemies":"The Heart","floor":56,"turns":3}],"seed_played":"-1523970086697145651","potions_obtained":[{"floor":1.0,"key":"AttackPotion"},{"floor":8.0,"key":"StancePotion"},{"floor":16.0,"key":"ColorlessPotion"},{"floor":18.0,"key":"Block Potion"},{"floor":28.0,"key":"LiquidMemories"},{"floor":33.0,"key":"Block Potion"},{"floor":37.0,"key":"PowerPotion"},{"floor":39.0,"key":"StancePotion"},{"floor":55,"key":"LiquidMemories"}],"is_trial":false,"path_per_floor":["M","?","$","M","?","E","M","E","T","M","R","E","M","E","R","B",null,"M","?","$","M","M","E","R","E","T","R","E","?","R","$","R","B",null,"M","$","M","?","M","E","M","R","T","E","M","E","$","?","R","B","B",null,"R","$","E","B"],"character_chosen":"WATCHER","items_purchased":["FearNoEvil","TeardropLocket","Indignation","TheAbacus"],"campfire_rested":1,"item_purchase_floors":[20,20,31,47],"current_hp_per_floor":[61,61,61,61,61,61,61,61,61,58,58,58,58,23,23,22,62,61,40,40,39,39,29,29,29,29,29,29,29,29,29,29,54,70,70,70,62,62,52,52,46,46,46,46,46,35,35,24,46,47,72,74,74,74,45,6,6],"gold":75,"neow_bonus":"THREE_ENEMY_KILL","is_daily":false,"chose_seed":false,"campfire_upgraded":7,"win_rate":0.0,"timestamp":1608210070,"path_taken":["M","?","$","M","?","E","M","E","T","M","R","E","?","E","R","BOSS","M","?","$","M","M","E","R","E","T","R","E","?","R","$","R","BOSS","M","$","M","?","?","E","M","R","T","E","M","E","$","?","R","BOSS","BOSS","R","$","E","BOSS"],"items_purchased_type":["Card","Relic","Card","Relic"],"build_version":"2020-12-13","purchased_purges":2,"victory":false,"max_hp_per_floor":[68,68,68,68,68,68,68,68,68,68,68,68,68,75,75,75,75,75,75,75,75,75,75,75,75,75,75,75,75,75,75,75,75,75,75,75,75,75,75,75,75,75,75,75,75,75,75,75,75,75,75,75,75,75,75,75,75],"card_choices":[{"not_picked":["Protect","ClearTheMind"],"picked":"WheelKick","floor":1.0},{"not_picked":["JustLucky","BowlingBash","PathToVictory"],"picked":"SKIP","floor":4.0},{"not_picked":["WreathOfFlame","Indignation"],"picked":"DeusExMachina","floor":6.0},{"not_picked":["CutThroughFate","FollowUp"],"picked":"EmptyFist","floor":7.0},{"not_picked":["InnerPeace","Wireheading","JustLucky"],"picked":"SKIP","floor":8.0},{"not_picked":["WheelKick","EmptyBody","FollowUp"],"picked":"SKIP","floor":10.0},{"not_picked":["Collect","Prostrate","Alpha"],"picked":"SKIP","floor":12.0},{"not_picked":["Nirvana","PathToVictory","Tantrum"],"picked":"MentalFortress","floor":13.0},{"not_picked":["PathToVictory","Worship","Wireheading","FlyingSleeves"],"picked":"SKIP","floor":14.0},{"not_picked":["BowlingBash+1","SashWhip","WheelKick"],"picked":"TalkToTheHand","floor":18.0},{"not_picked":["ThirdEye","FollowUp","ClearTheMind"],"picked":"WheelKick","floor":21.0},{"not_picked":["WreathOfFlame","CutThroughFate","TalkToTheHand","Conclude"],"picked":"SKIP","floor":22.0},{"not_picked":["DeceiveReality+1","Halt","WreathOfFlame","CrushJoints"],"picked":"SKIP","floor":23.0},{"not_picked":["TalkToTheHand","FlyingSleeves","ClearTheMind","WreathOfFlame"],"picked":"SKIP","floor":25.0},{"not_picked":["PathToVictory","ThirdEye","ReachHeaven","EmptyBody"],"picked":"SKIP","floor":28.0},{"not_picked":["InnerPeace+1","ThirdEye+1","BowlingBash","Swivel"],"picked":"SKIP","floor":35.0},{"not_picked":["ForeignInfluence","JustLucky+1","WaveOfTheHand","CrushJoints+1"],"picked":"SKIP","floor":37.0},{"not_picked":["TalkToTheHand","CarveReality","PathToVictory","JustLucky"],"picked":"SKIP","floor":39.0},{"not_picked":["Nirvana","WreathOfFlame","JustLucky","Indignation+1"],"picked":"SKIP","floor":40.0},{"not_picked":["Meditate+1","Vengeance","EmptyFist"],"picked":"Sanctity","floor":41.0},{"not_picked":["Collect+1","Prostrate+1","LessonLearned","Study"],"picked":"SKIP","floor":44.0},{"not_picked":["Consecrate","SashWhip","DeceiveReality","Halt"],"picked":"SKIP","floor":45.0},{"not_picked":["Sanctity","Vengeance","Judgement","Nirvana"],"picked":"SKIP","floor":46.0},{"not_picked":["Prostrate","DeceiveReality","ClearTheMind","JustLucky"],"picked":"SKIP","floor":55}],"player_experience":741454,"relics_obtained":[{"floor":6.0,"key":"Du-Vu Doll"},{"floor":8.0,"key":"Omamori"},{"floor":12.0,"key":"Question Card"},{"floor":14.0,"key":"Strawberry"},{"floor":19.0,"key":"Necronomicon"},{"floor":23.0,"key":"Bag of Marbles"},{"floor":25.0,"key":"Pantograph"},{"floor":26.0,"key":"Centennial Puzzle"},{"floor":28.0,"key":"Art of War"},{"floor":40.0,"key":"Mercury Hourglass"},{"floor":43.0,"key":"Damaru"},{"floor":44.0,"key":"White Beast Statue"},{"floor":46.0,"key":"Orichalcum"},{"floor":55,"key":"StrikeDummy"}],"event_choices":[{"cards_removed":["Strike_P"],"damage_healed":0.0,"max_hp_gain":0.0,"max_hp_loss":0.0,"gold_gain":0.0,"event_name":"The Cleric","player_choice":"Card Removal","floor":2.0,"gold_loss":75.0,"damage_taken":0.0},{"damage_healed":0.0,"max_hp_gain":0.0,"max_hp_loss":0.0,"gold_gain":50.0,"event_name":"Golden Shrine","player_choice":"Pray","floor":5.0,"gold_loss":0.0,"damage_taken":0.0},{"damage_healed":0.0,"max_hp_gain":0.0,"max_hp_loss":0.0,"gold_gain":0.0,"event_name":"Cursed Tome","player_choice":"Obtained Book","floor":19.0,"gold_loss":0.0,"damage_taken":21.0},{"cards_removed":["Strike_P"],"damage_healed":0.0,"max_hp_gain":0.0,"max_hp_loss":0.0,"gold_gain":0.0,"event_name":"Beggar","player_choice":"Gave Gold","floor":29.0,"gold_loss":75.0,"damage_taken":0.0},{"cards_removed":["Defend_P"],"damage_healed":0.0,"max_hp_gain":0.0,"max_hp_loss":0.0,"gold_gain":0.0,"event_name":"Purifier","player_choice":"Purged","floor":38.0,"gold_loss":0.0,"damage_taken":0.0},{"damage_healed":0.0,"max_hp_gain":0.0,"max_hp_loss":0.0,"gold_gain":0.0,"event_name":"Wheel of Change","player_choice":"Damaged","floor":48.0,"gold_loss":0.0,"damage_taken":11.0}],"is_beta":false,"boss_relics":[{"not_picked":["Sozu","Snecko Eye"],"picked":"Runic Pyramid"},{"not_picked":["Velvet Choker","HolyWater"],"picked":"Astrolabe"}],"items_purged_floors":[20,47],"is_endless":false,"potions_floor_spawned":[1,8,10,16,18,28,33,37,39,41,45,46,55],"killed_by":"The Heart","ascension_level":20}}