{"host":"utqe55yv0jihe4d6","time":1608236692,"event":{"mods":["2.2 Compatiblity","AchievementEnabler","BaseMod","Block Reminder","Colored Map","Colored Powertips","Minty Spire (QoL Compilation)","Quick Restart","Rare Cards Sparkle","Relic Stats","SuperFastMode"],"gold_per_floor":[109,109,184,184,25,64,83,97,97,97,117,117,140,178,178,267,267,283,183,183],"floor_reached":19,"playtime":378,"items_purged":["Strike_R"],"score":404,"play_id":"43dac772-80b1-461d-a1d5-5104e8c7930c","local_time":"20201217152452","is_ascension_mode":true,"campfire_choices":[{"data":"Inflame","floor":10.0,"key":"SMITH"},{"data":"Bash","floor":12.0,"key":"SMITH"},{"data":"Inflame","floor":15.0,"key":"SMITH"}],"circlet_count":0,"master_deck":["AscendersBane","Strike_R","Strike_R","Strike_R","Defend_R","Defend_R","Defend_R","Defend_R","Bash+1","Sword Boomerang","Inflame+1","Headbutt","Thunderclap","Shrug It Off","Reaper","Inflame+1","Demon Form","Dual Wield+1"],"relics":["Burning Blood","NeowsBlessing","Golden Idol","The Courier","Vajra","Bottled Tornado","Cursed Key"],"acts_visited":["Exordium","TheCity"],"potions_floor_usage":[],"damage_taken":[{"damage":0.0,"enemies":"Jaw Worm","floor":1.0,"turns":1.0},{"damage":0.0,"enemies":"Lagavulin","floor":6.0,"turns":1.0},{"damage":0.0,"enemies":"Small Slimes","floor":7.0,"turns":1.0},{"damage":3.0,"enemies":"2 Louse","floor":8.0,"turns":3.0},{"damage":11.0,"enemies":"Exordium Wildlife","floor":11.0,"turns":3.0},{"damage":8.0,"enemies":"Looter","floor":13.0,"turns":5.0},{"damage":8.0,"enemies":"Gremlin Nob","floor":14.0,"turns":3.0},{"damage":24.0,"enemies":"Hexaghost","floor":16.0,"turns":9.0},{"damage":40.0,"enemies":"Spheric Guardian","floor":18.0,"turns":6.0},{"damage":43,"enemies":"2 Thieves","floor":19,"turns":3}],"seed_played":"380789804051640567","potions_obtained":[{"floor":1.0,"key":"EssenceOfSteel"},{"floor":8.0,"key":"SpeedPotion"},{"floor":16.0,"key":"ColorlessPotion"}],"is_trial":false,"path_per_floor":["M","?","?","?","$","E","M","M","T","R","M","R","M","E","R","B",null,"M","M"],"character_chosen":"IRONCLAD","items_purchased":["Inflame"],"campfire_rested":0,"item_purchase_floors":[5],"current_hp_per_floor":[74,67,56,30,30,36,42,45,45,45,40,40,41,39,39,37,66,42,0,0],"gold":183,"neow_bonus":"THREE_ENEMY_KILL","is_daily":false,"chose_seed":false,"campfire_upgraded":3,"win_rate":0.0,"timestamp":1608236692,"path_taken":["M","?","?","?","$","E","M","?","T","R","M","R","M","E","R","BOSS","M","M"],"items_purchased_type":["Card"],"build_version":"2020-12-13","purchased_purges":1,"victory":false,"max_hp_per_floor":[75,75,75,75,75,75,75,75,75,75,75,75,75,75,75,75,75,75,75,75],"relic_stats":{"counters":[10,35],"Golden Idol":53,"Cursed Key":0,"obtain_stats":[{"NeowsBlessing":0,"Golden Idol":4,"Vajra":9,"The Courier":6,"Bottled Tornado":14,"Cursed Key":17,"Burning Blood":0},{"NeowsBlessing":0,"Golden Idol":1,"Vajra":4,"The Courier":2,"Bottled Tornado":7,"Cursed Key":8,"Burning Blood":0},{"NeowsBlessing":0,"Golden Idol":1,"Vajra":6,"The Courier":2,"Bottled Tornado":17,"Cursed Key":26,"Burning Blood":0}],"Burning Blood":54},"card_choices":[{"not_picked":["Dual Wield","Ghostly Armor"],"picked":"Sword Boomerang","floor":1.0},{"not_picked":["Clash","Warcry"],"picked":"Headbutt","floor":6.0},{"not_picked":["Dark Embrace","Iron Wave"],"picked":"Thunderclap","floor":7.0},{"not_picked":["Rampage","Heavy Blade"],"picked":"Shrug It Off","floor":8.0},{"not_picked":["Clash","Clothesline"],"picked":"Reaper","floor":11.0},{"not_picked":["Pommel Strike","Warcry"],"picked":"Inflame","floor":13.0},{"not_picked":["Anger","Flex","Clothesline"],"picked":"SKIP","floor":14.0},{"not_picked":["Exhume","Juggernaut"],"picked":"Demon Form","floor":16.0},{"not_picked":["Clash","Sword Boomerang"],"picked":"Dual Wield+1","floor":18.0}],"player_experience":2790781,"relics_obtained":[{"floor":6.0,"key":"The Courier"},{"floor":9.0,"key":"Vajra"},{"floor":14.0,"key":"Bottled Tornado"}],"event_choices":[{"cards_removed":["Strike_R"],"damage_healed":0.0,"max_hp_gain":0.0,"max_hp_loss":0.0,"gold_gain":0.0,"event_name":"Golden Wing","player_choice":"Card Removal","floor":2.0,"gold_loss":0.0,"damage_taken":7.0},{"damage_healed":0.0,"max_hp_gain":0.0,"max_hp_loss":0.0,"gold_gain":75.0,"event_name":"World of Goop","player_choice":"Gather Gold","floor":3.0,"gold_loss":0.0,"damage_taken":11.0},{"damage_healed":0.0,"max_hp_gain":0.0,"max_hp_loss":0.0,"gold_gain":0.0,"event_name":"Golden Idol","player_choice":"Take Damage","floor":4.0,"gold_loss":0.0,"damage_taken":26.0,"relics_obtained":["Golden Idol"]}],"is_beta":false,"boss_relics":[{"not_picked":["Sozu","Busted Crown"],"picked":"Cursed Key"}],"items_purged_floors":[5],"is_endless":false,"potions_floor_spawned":[1,8,16],"killed_by":"2 Thieves","ascension_level":20}}