{"host":"gcl3kjho9wmyw479","time":1608182265,"event":{"mods":["Act Like it!","BaseMod","Better Note","Minty Spire (QoL Compilation)","Permanent Neow","Quick Restart","Replay The Spire","Shop Mod","StSLib","SuperFastMode","Wandering Minibosses"],"gold_per_floor":[113,63,78,71,71,71,83,110,110,136,136,23,50,50,50,143,143,156,56,56,76,87,114,114,134,134,134,144,173,173,48,48,141,141,152,2,2,2,16,16,48,48,48,74,74,74,99,127,127,122,122,122,46,72,67],"floor_reached":56,"playtime":3200,"items_purged":["Shrug It Off","Burning Pact","Doubt","Hallucinations"],"score":1210,"play_id":"805c8341-af28-4daf-8d4a-fa50351790d0","local_time":"20201217001745","daily_mods":["Draft","Heirloom","DeadlyEvents","Elite Swarm"],"is_ascension_mode":false,"campfire_choices":[{"data":"ReplayTheSpireMod:Muscle Training","floor":6,"key":"SMITH"},{"data":"ReplayTheSpireMod:LeadingStrike","floor":11,"key":"SMITH"},{"data":"ReplayTheSpireMod:LeadingStrike","floor":15,"key":"PURGE"},{"data":"Offering","floor":24,"key":"SMITH"},{"floor":32,"key":"REST"},{"data":"Limit Break","floor":40,"key":"SMITH"},{"floor":46,"key":"RECALL"},{"data":"Evolve","floor":52,"key":"SMITH"}],"circlet_count":0,"master_deck":["ReplayTheSpireMod:LeadingStrike+1","Spot Weakness+1","Shrug It Off","Warcry","Warcry+1","Evolve+1","Carnage","Shrug It Off","ReplayTheSpireMod:Muscle Training+1","Pommel Strike+1","Inflame","Flex+1","Offering+1","Berserk+1","Limit Break+1","Intimidate+1","Flex"],"relics":["Burning Blood","Replay:Towering Pillar of Hats","Ice Cream","Replay:Wax Seal","Replay:Multitool","War Paint","Cursed Key","Self Forming Clay","Charon\u0027s Ashes","Bottled Flame","ReplayFunnel","King of Hearts","Busted Crown","Toy Ornithopter","Frozen Egg 2","Blood Vial","Mummified Hand","StoneCalendar"],"acts_visited":["Exordium","TheCity","TheBeyond","TheEnding"],"potions_floor_usage":[10,16,18,25,28,29,33,48,54,55,55],"damage_taken":[{"damage":1.0,"enemies":"2 Louse","floor":1.0,"turns":3.0},{"damage":4,"enemies":"Jaw Worm","floor":3,"turns":2},{"damage":3,"enemies":"Cultist","floor":4,"turns":5},{"damage":0,"enemies":"Large Slime","floor":7,"turns":6},{"damage":6,"enemies":"Lagavulin","floor":8,"turns":12},{"damage":23,"enemies":"3 Sentries","floor":10,"turns":4},{"damage":22,"enemies":"Lagavulin","floor":13,"turns":5},{"damage":15,"enemies":"Slime Boss","floor":16,"turns":7},{"damage":10,"enemies":"3 Byrds","floor":18,"turns":5},{"damage":0,"enemies":"Spheric Guardian","floor":21,"turns":3},{"damage":14,"enemies":"Centurion and Healer","floor":22,"turns":4},{"damage":50,"enemies":"Book of Stabbing","floor":23,"turns":5},{"damage":15,"enemies":"Gremlin Leader","floor":25,"turns":4},{"damage":17,"enemies":"Snecko","floor":28,"turns":3},{"damage":17,"enemies":"Book of Stabbing","floor":29,"turns":4},{"damage":6,"enemies":"Champ","floor":33,"turns":6},{"damage":6,"enemies":"3 Shapes","floor":35,"turns":2},{"damage":7,"enemies":"3 Darklings","floor":39,"turns":3},{"damage":21,"enemies":"R_Hoarder","floor":41,"turns":5},{"damage":6,"enemies":"Nemesis","floor":44,"turns":3},{"damage":8,"enemies":"R_Hoarder","floor":47,"turns":6},{"damage":57,"enemies":"Nemesis","floor":48,"turns":5},{"damage":23,"enemies":"Replay:Hell Engine","floor":50,"turns":4},{"damage":34,"enemies":"Shield and Spear","floor":54,"turns":4},{"damage":63,"enemies":"The Heart","floor":55,"turns":7}],"seed_played":"213086197647798397","potions_obtained":[{"floor":3,"key":"SteroidPotion"},{"floor":7,"key":"Death Potion"},{"floor":10,"key":"Venom Potion"},{"floor":13,"key":"Weak Potion"},{"floor":22,"key":"Fire Potion"},{"floor":23,"key":"AttackPotion"},{"floor":25,"key":"Languid Potion"},{"floor":28,"key":"Block Potion"},{"floor":33,"key":"Doom Potion"},{"floor":38,"key":"PowerPotion"},{"floor":38,"key":"Adrenaline Potion"},{"floor":38,"key":"Reflective Coating"},{"floor":44,"key":"Elixir"}],"is_trial":true,"path_per_floor":["M","?","M","M","?","R","M","E","T","E","R","$","E","T","R","B",null,"M","$","?","M","M","E","R","E","T","R","M","E","T","$","R","B",null,"M","$","?","?","M","R","E","R","T","E","$","R","E","E","R","B",null,"R","$","E","B",null],"character_chosen":"IRONCLAD","items_purchased":["Inflame","Flex","Block Potion"],"campfire_rested":1,"item_purchase_floors":[12,53,53],"current_hp_per_floor":[80,80,80,80,80,80,80,80,80,63,63,63,47,47,47,38,80,76,76,76,80,72,28,28,19,19,43,32,21,21,21,45,45,80,80,80,80,80,79,79,64,80,80,80,80,80,78,34,58,43,80,80,80,52,7],"gold":67,"neow_bonus":"","is_daily":false,"chose_seed":false,"campfire_upgraded":5,"win_rate":0.0,"timestamp":1608182265,"path_taken":["M","WH","M","M","?","R","?","E","T","E","R","$","?","?","R","BOSS","M","$","?","?","M","E","R","E","T","R","?","?","?","$","R","BOSS","M","$","?","?","M","R","?","R","T","E","$","R","E","?","R","BOSS","R","$","E","BOSS"],"items_purchased_type":["Card","Card","Potion"],"build_version":"2020-12-13","purchased_purges":4,"victory":true,"max_hp_per_floor":[80,80,80,80,80,80,80,80,80,80,80,80,80,80,80,80,80,80,80,80,80,80,80,80,80,80,80,80,80,80,80,80,80,80,80,80,80,80,80,80,80,80,80,80,80,80,80,80,80,80,80,80,80,80,80],"card_choices":[{"not_picked":["Wild Strike","Abandon"],"picked":"ReplayTheSpireMod:LeadingStrike","floor":0.0},{"not_picked":["Evolve","Clash"],"picked":"Spot Weakness","floor":0.0},{"not_picked":["Dual Wield","Cleave"],"picked":"Shrug It Off","floor":0.0},{"not_picked":["Defy Death","Headbutt"],"picked":"Warcry","floor":0.0},{"not_picked":["ReplayReversal","Flame Barrier"],"picked":"Iron Wave","floor":0.0},{"not_picked":["Massacre","ReplayTheSpireMod:Strike From Hell"],"picked":"Warcry","floor":0.0},{"not_picked":["True Grit","Iron Wave"],"picked":"Evolve","floor":0.0},{"not_picked":["ReplayTheSpireMod:Strike From Hell","Infernal Blade"],"picked":"Carnage","floor":0.0},{"not_picked":["Anger","Warcry"],"picked":"Shrug It Off","floor":0.0},{"not_picked":["Pummel","Body Slam"],"picked":"Twin Strike","floor":0.0},{"not_picked":["Run Through","Wild Strike"],"picked":"Shrug It Off","floor":0.0},{"not_picked":["Whirlwind","Havoc"],"picked":"ReplayTheSpireMod:Muscle Training","floor":0.0},{"not_picked":["Run Through","Blood for Blood"],"picked":"Pommel Strike","floor":0.0},{"not_picked":["ReplayReversal","Fire Breathing"],"picked":"Burning Pact","floor":0.0},{"not_picked":["Iron Wave","Blood for Blood"],"picked":"ReplayTheSpireMod:LeadingStrike","floor":0.0},{"not_picked":["Armaments","ReplayTheSpireMod:Strike From Hell","Disarm"],"picked":"SKIP","floor":1.0},{"not_picked":["Cleave","ReplayTheSpireMod:Strike From Hell","Armaments"],"picked":"SKIP","floor":3},{"not_picked":["Twin Strike","Clash","Iron Wave"],"picked":"SKIP","floor":4},{"not_picked":["Pummel","True Grit","Rage"],"picked":"SKIP","floor":7},{"not_picked":["Barricade","Immolate","Juggernaut"],"picked":"SKIP","floor":8},{"not_picked":["Bludgeon","Brutality","Barricade"],"picked":"SKIP","floor":10},{"not_picked":["Double Tap","Exhume","Bludgeon"],"picked":"SKIP","floor":13},{"not_picked":["Feel No Pain","Blood for Blood","Body Slam+1"],"picked":"SKIP","floor":18},{"not_picked":["Power Through+1","Body Slam"],"picked":"Flex","floor":21},{"not_picked":["Headbutt","Sword Boomerang","ReplayTheSpireMod:Limb From Limb+1"],"picked":"SKIP","floor":22},{"not_picked":["Fiend Fire","Eclipse"],"picked":"Offering","floor":23},{"not_picked":["Impervious","Brutality"],"picked":"Berserk","floor":25},{"not_picked":["Wild Strike+1","ReplayTheSpireMod:Strike From Hell","Ghostly Armor+1"],"picked":"SKIP","floor":28},{"not_picked":["Barricade","Juggernaut"],"picked":"Limit Break","floor":29},{"not_picked":["True Grit+1"],"picked":"SKIP","floor":35},{"not_picked":[],"picked":"Intimidate+1","floor":39},{"not_picked":["Bludgeon"],"picked":"SKIP","floor":41},{"not_picked":["Double Tap"],"picked":"SKIP","floor":44},{"not_picked":["Brutality+1"],"picked":"SKIP","floor":47},{"not_picked":["Barricade+1"],"picked":"SKIP","floor":48},{"not_picked":["Demonic Infusion"],"picked":"SKIP","floor":54}],"player_experience":403841,"relics_obtained":[{"floor":8,"key":"Ice Cream"},{"floor":10,"key":"Replay:Wax Seal"},{"floor":13,"key":"Replay:Multitool"},{"floor":14,"key":"War Paint"},{"floor":23,"key":"Self Forming Clay"},{"floor":25,"key":"Charon\u0027s Ashes"},{"floor":26,"key":"Bottled Flame"},{"floor":29,"key":"ReplayFunnel"},{"floor":30,"key":"King of Hearts"},{"floor":41,"key":"Toy Ornithopter"},{"floor":44,"key":"Frozen Egg 2"},{"floor":47,"key":"Blood Vial"},{"floor":48,"key":"Mummified Hand"},{"floor":54,"key":"StoneCalendar"}],"event_choices":[{"cards_removed":["Iron Wave"],"damage_healed":0,"gold_gain":0,"player_choice":"Card Removal","damage_taken":0,"max_hp_gain":0,"max_hp_loss":0,"event_name":"The Cleric","floor":2,"gold_loss":50},{"cards_removed":["Warcry"],"damage_healed":0,"gold_gain":0,"player_choice":"Give","damage_taken":0,"max_hp_gain":0,"max_hp_loss":0,"event_name":"betterNote:BetterNote","floor":20,"gold_loss":0,"cards_obtained":["ReplayTheSpireMod:LeadingStrike"]},{"cards_removed":["Twin Strike"],"damage_healed":0,"gold_gain":0,"player_choice":"Removed Attack","damage_taken":0,"max_hp_gain":0,"max_hp_loss":0,"event_name":"Falling","floor":37,"gold_loss":0},{"damage_healed":0,"gold_gain":0,"player_choice":"Got Potions","damage_taken":0,"max_hp_gain":0,"max_hp_loss":0,"event_name":"Lab","floor":38,"gold_loss":0}],"is_beta":false,"boss_relics":[{"not_picked":["Electric Blood","Coffee Dripper"],"picked":"Cursed Key"},{"not_picked":["Replay:Wanted Poster","SacredBark"],"picked":"Busted Crown"}],"items_purged_floors":[12,19,31,36],"is_endless":false,"potions_floor_spawned":[3,7,10,13,22,23,25,28,33,41,44,47],"ascension_level":0}}