{"host":"t7rtdu4954o308h4","time":1608201537,"event":{"mods":["AchievementEnabler","Act Like it!","BaseMod","Conspire","Library of Ruina","Library of Ruina Extra","Minty Spire (QoL Compilation)","MostiFishMod","Replay The Spire","StSLib","TestMod","Waifu the Spire","【功能Mod】聪明的最终Boss","【遗物卡牌】REMEMod"],"gold_per_floor":[219,233,233,33,53,83,83,26,26,44,44,61,61,87,87,190,190,210,230,45,64,64,91,391,426,426,426,443,474,474,492,492,588,588,608,817,317,417,437,471,471,486,540,556,591,610,632,648,648,675,693,693,693,20,56,68],"floor_reached":57,"playtime":2730,"items_purged":["ExtractFuel","Fence"],"score":2117,"play_id":"b388603b-c2c2-4b9c-a158-b80056b5534c","local_time":"20201217183857","is_ascension_mode":true,"campfire_choices":[{"data":"Chrysalis","floor":7,"key":"SMITH"},{"data":"MostiFishMod:Awakening","floor":11,"key":"SMITH"},{"data":"ExtractFuel","floor":13,"key":"SMITH"},{"data":"DegradedLock","floor":15,"key":"SMITH"},{"data":"TrashDisposal","floor":27,"key":"SMITH"},{"data":"Reload","floor":30,"key":"SMITH"},{"floor":32,"key":"RECALL"},{"data":"MostiFishMod:MusicBox","floor":41,"key":"SMITH"},{"data":"SearingSword","floor":49,"key":"SMITH"},{"data":"DegradedPillar","floor":49,"key":"SMITH"},{"data":"SenseQuarry","floor":53,"key":"SMITH"},{"data":"Faith","floor":53,"key":"SMITH"}],"circlet_count":0,"master_deck":["DegradedFairy","DegradedFairy","DegradedFairy","DegradedChain","DegradedChain","DegradedLock+1","DegradedPillar","DegradedPillar+1","DegradedShockwave","SearingSword+1","Slice_lor+1","ShockRound","Chrysalis+1","MostiFishMod:Awakening+1","Master of Strategy","StrongStrike","UnforgettableMelody","ExtractFuel+1","Unlock1","WillOfThePrescript","TrashDisposal+1","Reload+1","AbsorbImpact+1","Faith+1","FleshFillet+1","CurseOfTheBell","WaitUp+1","Cruelty+1","BlazingStrike+1","MostiFishMod:FrostNova","MostiFishMod:WinterMarkForm","BayonetCombat+1","MostiFishMod:MusicBox+1","Execute_lor+1","SenseQuarry+1","Tttonst","testmod-AutoReboundSystem"],"relics":["PageOfLibrarian","DaveBox","testmod-TestBox","REME_ComplimentaryCards","testmod-Fortitude","EGODaCapo","PageOfLaetitia","Question Card","ReplayTheSpireMod:ShopPack","Pantograph","PageOfHappyTeddyBear","ReplayTheSpireMod:TigerMarble","ImportantClient","PageOfBlackSwan","PageOfSingingMachine","Molten Egg 2","Centennial Puzzle","PageOfForsakenMurderer","Old Coin","PageOfFreischutz","PageOfSnowWhitesApple","FrostBlade","Happy Flower","Strange Spoon","Replay:Accelerometer","testmod-Acrobat","Replay:Arrowhead","PageOfTheQueenOfHatred","Ying","Gremlin Horn","PageOfTheKnightOfDespair"],"acts_visited":["Exordium","TheCity","TheBeyond","TheEnding"],"potions_floor_usage":[],"damage_taken":[{"damage":4,"enemies":"conspire:RoseBush","floor":1,"turns":2},{"damage":0,"enemies":"Jaw Worm","floor":2,"turns":1},{"damage":0,"enemies":"2 Louse","floor":5,"turns":2},{"damage":0,"enemies":"Lagavulin","floor":6,"turns":3},{"damage":0,"enemies":"Exordium Wildlife","floor":10,"turns":1},{"damage":0,"enemies":"Looter","floor":12,"turns":1},{"damage":0,"enemies":"3 Sentries","floor":14,"turns":3},{"damage":0,"enemies":"Hexaghost","floor":16,"turns":4},{"damage":0,"enemies":"Chosen","floor":18,"turns":2},{"damage":5,"enemies":"2 Thieves","floor":19,"turns":2},{"damage":0,"enemies":"Snecko","floor":21,"turns":2},{"damage":0,"enemies":"Replay:Snechameleon","floor":23,"turns":2},{"damage":1,"enemies":"Book of Stabbing","floor":25,"turns":2},{"damage":0,"enemies":"Centurion and Healer","floor":28,"turns":2},{"damage":0,"enemies":"REME_1_Revenger","floor":29,"turns":2},{"damage":0,"enemies":"Cultist and Chosen","floor":31,"turns":2},{"damage":0,"enemies":"Collector","floor":33,"turns":3},{"damage":0,"enemies":"Orb Walker","floor":35,"turns":1},{"damage":0,"enemies":"3 Shapes","floor":39,"turns":1},{"damage":0,"enemies":"R_Hoarder","floor":40,"turns":3},{"damage":0,"enemies":"Spire Growth","floor":42,"turns":2},{"damage":8,"enemies":"4 Shapes","floor":44,"turns":2},{"damage":0,"enemies":"Reptomancer","floor":45,"turns":2},{"damage":0,"enemies":"Writhing Mass","floor":46,"turns":2},{"damage":0,"enemies":"Maw","floor":47,"turns":2},{"damage":0,"enemies":"Spire Growth","floor":48,"turns":2},{"damage":1,"enemies":"Awakened One","floor":50,"turns":9},{"damage":0,"enemies":"Awakened One","floor":51,"turns":7},{"damage":0,"enemies":"Shield and Spear","floor":55,"turns":2},{"damage":1,"enemies":"The Heart","floor":56,"turns":4}],"seed_played":"217909864824177326","potions_obtained":[{"floor":1,"key":"EssenceOfSteel"},{"floor":6,"key":"FairyPotion"},{"floor":10,"key":"PowerPotion"},{"floor":14,"key":"CultistPotion"}],"is_trial":false,"path_per_floor":["M","M","?","$","M","E","R","$","T","M","R","M","R","E","R","B",null,"M","M","$","M","?","E","?","E","T","R","M","E","R","M","R","B",null,"M","?","$","?","M","E","R","M","T","M","E","M","M","M","R","B",null,null,"R","$","E","B",null],"character_chosen":"Librarian","items_purchased":["ReplayTheSpireMod:ShopPack","ShockRound","ExtractFuel","PageOfSingingMachine","MostiFishMod:MusicBox","Happy Flower","Strange Spoon","Execute_lor+1","PageOfTheQueenOfHatred","Ying","Gremlin Horn","testmod-AutoReboundSystem"],"campfire_rested":0,"item_purchase_floors":[4,4,8,20,37,37,37,37,54,54,54,54],"current_hp_per_floor":[56,56,56,56,56,56,56,56,56,56,56,56,56,60,60,81,81,81,80,80,81,81,81,81,84,84,84,90,92,92,94,94,111,111,111,111,111,111,111,111,111,111,111,103,109,111,111,111,111,111,111,111,111,111,111,110],"gold":68,"neow_bonus":"ONE_RARE_RELIC","is_daily":false,"chose_seed":false,"campfire_upgraded":11,"win_rate":0.0,"timestamp":1608201537,"path_taken":["M","M","?","$","M","E","R","$","T","M","R","M","R","E","R","BOSS","M","M","$","M","?","E","?","E","T","R","M","E","R","M","R","BOSS","M","?","$","?","?","E","R","M","T","M","E","M","M","M","R","BOSS","R","$","E","BOSS"],"items_purchased_type":["Relic","Card","Card","Relic","Card","Relic","Relic","Card","Relic","Relic","Relic","Card"],"build_version":"2020-12-13","purchased_purges":2,"victory":true,"max_hp_per_floor":[81,81,81,81,81,81,81,81,81,81,81,81,81,81,81,81,81,81,81,81,81,81,81,111,111,111,111,111,111,111,111,111,111,111,111,111,111,111,111,111,111,111,111,111,111,111,111,111,111,111,111,111,111,111,111,111],"card_choices":[{"not_picked":["Unlock1","HiddenBlade","EnergyConversion"],"picked":"SearingSword","floor":1},{"not_picked":["DarkCloud","Unlock1","GuardingStance","MultiBlock"],"picked":"Slice_lor","floor":2},{"not_picked":["MostiFishMod:KingOfFree","Secret Weapon","testmod-TradeIn","Thinking Ahead"],"picked":"Chrysalis","floor":4},{"not_picked":["testmod-AdversityCounterattack","testmod-Automaton","ReplayUltimateDefense","testmod-WeaknessCounterattack"],"picked":"MostiFishMod:Awakening","floor":4},{"not_picked":["Secret Weapon","Replay:Parry","MostiFishMod:Mottled","REME_Flogging"],"picked":"Master of Strategy","floor":4},{"not_picked":["QuickAttack","LeRegole","Leap_lor","HiddenBlade"],"picked":"StrongStrike","floor":5},{"not_picked":["MultiHit","MultiBlock","Overcharge","EnergyCycle"],"picked":"UnforgettableMelody","floor":6},{"not_picked":["Leap_lor","DeepDrag","HiddenBlade","EnergyShield"],"picked":"Fence","floor":10},{"not_picked":["CookingPrep","StayCalm","TraceOfFumes","QuickAttack"],"picked":"Unlock1","floor":12},{"not_picked":["ExtractFuel","MultiBlock","BladeWhirl","DarkCloud"],"picked":"WillOfThePrescript","floor":14},{"not_picked":["BlazingStrike","EnergyBeam","ChargeUp"],"picked":"TrashDisposal","floor":16},{"not_picked":["GuardingStance+1","ClassAndRespect+1","Faith","Pound"],"picked":"Reload","floor":18},{"not_picked":["ReadyUp+1","ShrineToMusic","GuardingStance","Reload"],"picked":"AbsorbImpact+1","floor":19},{"not_picked":["Overcharge","Reload","Multislash","FierceCharge","UnforgettableMelody"],"picked":"SKIP","floor":21},{"not_picked":["SuppressingShot+1","Leap_lor+1","FierceCharge","HiddenBlade+1"],"picked":"FleshFillet+1","floor":23},{"not_picked":["KeepItFresh+1","ClassAndRespect+1","Gamble+1","MultiHit+1"],"picked":"WaitUp+1","floor":25},{"not_picked":["DarkCloud","EnergyCycle+1","AbsorbImpact","Multislash+1","Gamble+1"],"picked":"SKIP","floor":28},{"not_picked":["Unlock1+1","DarkCloud","Reload","FierceCharge"],"picked":"Cruelty+1","floor":29},{"not_picked":["Ripple+1","Multislash+1","StayCalm","QuickAttack+1","MultiHit+1"],"picked":"SKIP","floor":31},{"not_picked":["Eradication+1","EnergyBeam+1","Punishment+1"],"picked":"BlazingStrike+1","floor":33},{"not_picked":["SunsetBlade","DimensionalRift+1","ICanCookAnything+1","SmokingPipe"],"picked":"BayonetCombat+1","floor":35},{"not_picked":["UncannyStrike+1","UndertakePrescript+1","Riposte+1","WrathOfTorment+1","Reload"],"picked":"SKIP","floor":39},{"not_picked":["Thirst+1","StrongStrike+1","Faith","NightInTheBackstreets+1"],"picked":"SenseQuarry","floor":40},{"not_picked":["Overcharge+1","Unlock1+1","EnergyCycle+1","MultiHit+1","Multislash+1"],"picked":"SKIP","floor":42},{"not_picked":["ForTheFamily","Pound+1","MultiHit+1","HiddenBlade+1","EnergyShield+1"],"picked":"SKIP","floor":44},{"not_picked":["DevastatingThrash+1","Unlock1+1","WillOfThePrescript","DarkCloud+1"],"picked":"Tttonst","floor":45},{"not_picked":["ForTheFamily","SteelKnuckles+1","Multislash+1","ClassAndRespect+1","DevastatingThrash+1"],"picked":"SKIP","floor":46},{"not_picked":["ICanCookAnything+1","EnergyCycle+1","SearingSword+1","HiddenBlade+1","SuppressingShot+1"],"picked":"SKIP","floor":47},{"not_picked":["EnergyConversion+1","NightInTheBackstreets+1","ShockRound+1","StayCalm","WillOfThePrescript"],"picked":"SKIP","floor":48},{"not_picked":["EnergyShield","Thirst+1","StrongStrike+1","QuickAttack+1","WillOfThePrescript"],"picked":"SKIP","floor":55}],"player_experience":39328,"relics_obtained":[{"floor":1,"key":"Question Card"},{"floor":6,"key":"Pantograph"},{"floor":9,"key":"PageOfHappyTeddyBear"},{"floor":14,"key":"ReplayTheSpireMod:TigerMarble"},{"floor":16,"key":"ImportantClient"},{"floor":23,"key":"Molten Egg 2"},{"floor":24,"key":"Centennial Puzzle"},{"floor":24,"key":"PageOfForsakenMurderer"},{"floor":24,"key":"Old Coin"},{"floor":25,"key":"PageOfFreischutz"},{"floor":29,"key":"PageOfSnowWhitesApple"},{"floor":40,"key":"Replay:Accelerometer"},{"floor":43,"key":"testmod-Acrobat"},{"floor":45,"key":"Replay:Arrowhead"},{"floor":55,"key":"PageOfTheKnightOfDespair"}],"event_choices":[{"damage_healed":0,"gold_gain":0,"player_choice":"Read","damage_taken":0,"max_hp_gain":0,"max_hp_loss":0,"event_name":"The Library","floor":22,"gold_loss":0,"cards_obtained":["Faith"]},{"damage_healed":0,"gold_gain":0,"player_choice":"Swap Relic","damage_taken":0,"relics_obtained":["Calling Bell"],"max_hp_gain":0,"max_hp_loss":0,"event_name":"给自己的盒子","floor":24,"relics_lost":["Calling Bell"],"gold_loss":0},{"damage_healed":0,"gold_gain":100,"player_choice":"Pray","damage_taken":0,"max_hp_gain":0,"max_hp_loss":0,"event_name":"Golden Shrine","floor":38,"gold_loss":0}],"is_beta":false,"boss_relics":[{"not_picked":["conspire:SpecialSausage","Replay:Wanted Poster"],"picked":"PageOfBlackSwan"},{"not_picked":["Tiny House","GuanYuAspect"],"picked":"FrostBlade"}],"items_purged_floors":[20,37],"is_endless":false,"potions_floor_spawned":[1,6,10,14,19,25,31,33,35,39,44,48,55],"ascension_level":3}}