{"host":"vvp4eihuvtuugjfx","time":1608221797,"event":{"mods":["Act Like it!","Aspiration","BaseMod","Better Note","CCEM","Colored Map","Colored Powertips","Downfall","Hallownest","Highlight Path","Mimic Mod","Minty Spire (QoL Compilation)","Permanent Neow","Quick Restart","Replay The Spire","Shop Mod","Spicy Shops","StSLib","The Bug Knight","The Construct","Unceasing Turn Reminder"],"gold_per_floor":[99,374,374,42,70,55,55,55,81,81,95,109,125,125,136,233,233,233,245,520,545,645,660,660,660,677,708,858,878,135,203,218,323,323,323,335,38,38,52,70,123,173,205,55,48,63,125,136,147,147],"floor_reached":51,"playtime":6136,"items_purged":["Regret","Regret","Guardian:Defend_Guardian"],"score":852,"play_id":"eb8d5cb2-d994-4529-87bf-84f0ae4b9320","local_time":"20201217171637","is_ascension_mode":false,"campfire_choices":[{"data":"Guardian:SpikerProtocol","floor":10,"key":"SMITH"},{"floor":18,"key":"DIG"},{"data":"Guardian:RefractedBeam+1","floor":25,"key":"SMITH"},{"data":"Guardian:RefractedBeam+2","floor":35,"key":"SMITH"},{"data":"Guardian:RefractedBeam+4","floor":38,"key":"SMITH"},{"floor":44,"key":"RECALL"}],"circlet_count":0,"master_deck":["Guardian:Strike_Guardian+1","Guardian:Defend_Guardian+1","Guardian:Defend_Guardian","Guardian:Defend_Guardian+1","Guardian:CurlUp+1","Guardian:TwinSlam+1","Guardian:DecasProtection","Guardian:MultiBeam","Guardian:TimeCapacitor+1","Guardian:MultiBeam","Guardian:Suspension","Guardian:SpikerProtocol+1","Guardian:Orbwalk","Guardian:Planning","Guardian:Harden","Guardian:BronzeArmor","Guardian:AncientConstruct+1","Guardian:TemporalShield+1","Guardian:PrimingBeam+1","Guardian:WalkerClaw+1","Guardian:ChargeCore","Guardian:PiercingHide","Guardian:RefractedBeam+6","Guardian:Planning+1","Guardian:Recover","Guardian:SentryBeam+1","Guardian:Incinerate+1","Guardian:CompilePackage+1","Guardian:Preprogram+1","Guardian:ChargeCore","Guardian:ShieldCharger","Guardian:TimeSifter","Guardian:Emergency+1","Guardian:Incinerate+1","Guardian:Incinerate+1","Guardian:SentryBeam+1","expansioncontent:QuickStudy+1","Guardian:Emergency+1","Guardian:PolyBeam+1","Guardian:VentSteam+1","Hallownest:curseDreamersLament","expansioncontent:DecasProtection+1","Guardian:ChargeUp+1","Guardian:Gem_Cyan","Guardian:TimeCapacitor+1","Guardian:Orbwalk+1"],"relics":["Guardian:ModeShifter","construct:RocketBooster","Gremlin Horn","aspiration:AnachronicSnailShell","HollowMod:StagPassRelic","Astrolabe","Smiling Mask","The Courier","downfall:CloakOfManyFaces","CultistMask","FaceOfCleric","NlothsMask","GremlinMask","SsserpentHead","Happy Flower","MerchantsRug","Guardian:StasisCodex","Cursed Key","Guardian:StasisUpgradeRelic","Mummified Hand","downfall:HeartBlessingGreen","downfall:HeartBlessingBlue"],"acts_visited":["Exordium","TheCity","TheBeyond"],"potions_floor_usage":[27,27,33,33],"damage_taken":[{"damage":1,"enemies":"downfall:FleeingMerchant","floor":4,"turns":4},{"damage":22,"enemies":"Gremlin Nob","floor":5,"turns":5},{"damage":11,"enemies":"downfall:FleeingMerchant","floor":6,"turns":4},{"damage":0,"enemies":"3 Sentries","floor":9,"turns":4},{"damage":0,"enemies":"Cultist","floor":11,"turns":3},{"damage":5,"enemies":"Small Slimes","floor":12,"turns":2},{"damage":0,"enemies":"2 Louse","floor":13,"turns":3},{"damage":1,"enemies":"Blue Slaver","floor":15,"turns":3},{"damage":5,"enemies":"downfall:Watcher","floor":16,"turns":10},{"damage":7,"enemies":"Spheric Guardian","floor":19,"turns":6},{"damage":14,"enemies":"Book of Stabbing","floor":21,"turns":6},{"damage":5,"enemies":"downfall:FaceTrader","floor":22,"turns":7},{"damage":7,"enemies":"Chosen","floor":23,"turns":5},{"damage":4,"enemies":"Snecko","floor":26,"turns":4},{"damage":7,"enemies":"Gremlin Leader","floor":27,"turns":6},{"damage":6,"enemies":"Snake Plant","floor":29,"turns":4},{"damage":11,"enemies":"downfall:FleeingMerchant","floor":30,"turns":4},{"damage":11,"enemies":"Chosen and Byrds","floor":31,"turns":6},{"damage":3,"enemies":"Snecko","floor":32,"turns":4},{"damage":8,"enemies":"downfall:Silent","floor":33,"turns":6},{"damage":13,"enemies":"3 Shapes","floor":36,"turns":7},{"damage":1,"enemies":"downfall:FleeingMerchant","floor":37,"turns":4},{"damage":3,"enemies":"Orb Walker","floor":39,"turns":4},{"damage":0,"enemies":"downfall:FleeingMerchant","floor":40,"turns":4},{"damage":2,"enemies":"Reptomancer","floor":43,"turns":5},{"damage":1,"enemies":"Maw","floor":46,"turns":7},{"damage":6,"enemies":"Spire Growth","floor":47,"turns":4},{"damage":0,"enemies":"Maw","floor":48,"turns":5},{"damage":0,"enemies":"Sphere and 2 Shapes","floor":49,"turns":3},{"damage":27,"enemies":"downfall:Ironclad","floor":50,"turns":11}],"seed_played":"-5551862190143752623","potions_obtained":[{"floor":5,"key":"Ancient Potion"},{"floor":9,"key":"SpeedPotion"},{"floor":15,"key":"EssenceOfSteel"},{"floor":16,"key":"Guardian:BlockOnCardUsePotion"},{"floor":27,"key":"LiquidBronze"},{"floor":31,"key":"Reflective Coating"},{"floor":32,"key":"SpeedPotion"},{"floor":36,"key":"Explosive Potion"},{"floor":42,"key":"Dexterity Potion"},{"floor":42,"key":"EntropicBrew"}],"is_trial":false,"path_per_floor":["R","?","R","$","E","$","T","R","E","R","M","M","M","T","M","B",null,"R_BF","M","?","E","?","M","T","R","M","E","?","M","$","M","M","B",null,"R","M","$","R","M","$","T","?","E","R","$","M","M","M","M","B",null],"character_chosen":"GUARDIAN","items_purchased":["construct:RocketBooster","Guardian:MultiBeam","Guardian:TimeCapacitor","MerchantsRug","Guardian:CompilePackage","Guardian:StasisCodex","Pear","Guardian:Preprogram","Guardian:Incinerate","Guardian:SentryBeam","expansioncontent:QuickStudy","Guardian:Emergency","Guardian:StasisUpgradeRelic","Guardian:Gem_Green","Guardian:VentSteam","Guardian:Gem_Purple","Guardian:Gem_Yellow","expansioncontent:DecasProtection"],"campfire_rested":0,"item_purchase_floors":[4,4,4,30,30,30,30,30,37,37,37,37,40,40,40,40,40,45],"current_hp_per_floor":[80,80,80,79,57,46,46,46,46,46,46,41,41,41,40,35,80,80,73,73,59,54,48,48,48,45,39,39,34,34,24,22,15,98,98,86,86,86,84,85,85,85,92,102,102,102,97,98,99,73],"gold":147,"neow_bonus":"RANDOM_COMMON_RELIC","is_daily":false,"chose_seed":false,"campfire_upgraded":4,"win_rate":0.0,"timestamp":1608221797,"path_taken":["R","?","R","$","E","?","T","R","E","R","?","M","M","?","M","BOSS","R_BF","M","?","E","?","M","T","R","M","E","?","M","$","?","M","BOSS","R","M","$","R","M","$","T","?","E","R","$","M","?","M","M","BOSS"],"items_purchased_type":["Relic","Card","Card","Relic","Card","Relic","Relic","Card","Card","Card","Card","Card","Relic","Card","Card","Card","Card","Card"],"build_version":"2020-12-13","purchased_purges":3,"victory":true,"max_hp_per_floor":[80,80,80,80,80,80,80,80,80,80,80,80,80,80,80,80,80,80,80,80,80,80,81,81,81,82,83,83,84,95,96,97,98,98,98,99,100,100,101,102,102,102,103,113,113,114,115,116,117,118],"card_choices":[{"not_picked":["Guardian:Gem_Blue","Guardian:SentryBeam"],"picked":"Guardian:DecasProtection","floor":4},{"not_picked":["Guardian:Gem_Lightblue","Guardian:ShieldCharger"],"picked":"Guardian:MultiBeam","floor":5},{"not_picked":["Guardian:Gem_Crimson","Guardian:TemporalShield"],"picked":"Guardian:Suspension","floor":6},{"not_picked":["Guardian:Gem_Red","Guardian:CrystalBeam"],"picked":"Guardian:SpikerProtocol","floor":9},{"not_picked":["Guardian:RefractedBeam","Guardian:BronzeOrb"],"picked":"Guardian:Orbwalk","floor":11},{"not_picked":["Guardian:Emergency","Guardian:Gem_Lightblue"],"picked":"Guardian:Planning","floor":12},{"not_picked":["Guardian:TemporalShield","Guardian:Orbwalk"],"picked":"Guardian:Harden","floor":13},{"not_picked":["Guardian:ShieldSpikes","Guardian:GuardianWhirl"],"picked":"Guardian:BronzeArmor","floor":15},{"not_picked":["Guardian:StasisEngine","Guardian:FastForward"],"picked":"Guardian:AncientConstruct","floor":16},{"not_picked":["Guardian:FloatingOrbs","Guardian:Gem_Lightblue"],"picked":"Guardian:ChargeCore","floor":19},{"not_picked":["Guardian:BronzeArmor","Guardian:RefractedBeam"],"picked":"Guardian:PiercingHide","floor":21},{"not_picked":["Guardian:WalkerClaw","Guardian:ArmoredProtocol+1"],"picked":"Guardian:Gem_Lightblue","floor":22},{"not_picked":["Guardian:TemporalStrike","Guardian:Gem_Green"],"picked":"Guardian:RefractedBeam+1","floor":23},{"not_picked":["Guardian:ChargeCore","Guardian:Gem_Red"],"picked":"Guardian:Planning","floor":26},{"not_picked":["Guardian:SphericShield","Guardian:Reroute"],"picked":"Guardian:Recover","floor":27},{"not_picked":["Guardian:Gem_Purple","Guardian:Planning"],"picked":"Guardian:SentryBeam+1","floor":29},{"not_picked":["Guardian:Gem_Green","Guardian:ShieldSpikes+1"],"picked":"Guardian:Incinerate","floor":30},{"not_picked":["Guardian:VentSteam","Guardian:Gem_Red"],"picked":"Guardian:ChargeCore","floor":31},{"not_picked":["Guardian:Suspension","Guardian:CrystalBeam"],"picked":"Guardian:ShieldCharger","floor":32},{"not_picked":["Guardian:HyperBeam_Guardian","Guardian:BaubleBeam"],"picked":"Guardian:TimeSifter","floor":33},{"not_picked":["Guardian:Suspension","Guardian:Gem_Blue"],"picked":"Guardian:Emergency+1","floor":36},{"not_picked":["Guardian:TimeBomb","Guardian:MultiBeam+1"],"picked":"Guardian:Incinerate","floor":37},{"not_picked":["Guardian:TemporalShield+1","Guardian:Gem_Lightblue"],"picked":"Guardian:PolyBeam+1","floor":39},{"not_picked":["Guardian:PrimingBeam+1","Guardian:TemporalStrike"],"picked":"Guardian:Gem_Cyan","floor":40},{"not_picked":["Guardian:Gem_Lightblue","Guardian:Incinerate+1"],"picked":"Guardian:Gem_Fragmented","floor":43},{"not_picked":["Guardian:Repulse","Guardian:DonusPower"],"picked":"Guardian:ChargeUp+1","floor":46},{"not_picked":["Guardian:Gem_Purple","Guardian:PrismaticBarrier+1"],"picked":"Guardian:Gem_Cyan","floor":47},{"not_picked":["Guardian:BronzeArmor+1","Guardian:TemporalStrike"],"picked":"Guardian:TimeCapacitor+1","floor":48},{"not_picked":["Guardian:Preprogram","Guardian:RefractedBeam+1"],"picked":"Guardian:Orbwalk+1","floor":49}],"player_experience":742051,"relics_obtained":[{"floor":5,"key":"Gremlin Horn"},{"floor":7,"key":"aspiration:AnachronicSnailShell"},{"floor":9,"key":"HollowMod:StagPassRelic"},{"floor":14,"key":"Pen Nib"},{"floor":18,"key":"Smiling Mask"},{"floor":21,"key":"The Courier"},{"floor":22,"key":"downfall:CloakOfManyFaces"},{"floor":27,"key":"Happy Flower"},{"floor":43,"key":"Mummified Hand"}],"event_choices":[{"damage_healed":0,"gold_gain":0,"player_choice":"Got Potions","damage_taken":0,"max_hp_gain":0,"max_hp_loss":0,"event_name":"Lab","floor":42,"gold_loss":0}],"is_beta":false,"boss_relics":[{"not_picked":["ReplayTheSpireMod:DimensionalGlitch","Velvet Choker"],"picked":"Astrolabe"},{"not_picked":["SacredBark","Honey Jar"],"picked":"Cursed Key"}],"items_purged_floors":[4,30,40],"is_endless":false,"potions_floor_spawned":[5,9,15,16,21,22,27,31,32,36,43,47,49],"ascension_level":0}}