{"host":"2c1pg2m9wpz3w4c0","time":1608173903,"event":{"mods":["AchievementEnabler","Act Like it!","Aspiration","BaseMod","Better Note","BetterRewards","Disable Question Mark Monsters","Halation","Hubris","Infinite Spire","Lotus Mark","Marisa????????","Minty Spire (QoL Compilation)","Replay The Spire","StSLib","SuperFastMode","The Clintock","The Jungle","The Runesmith","Transform Curses"],"gold_per_floor":[115,131,131,150,172,172,201,201,201,201,224,254,254,284,284,409,409,439,480,5,5,5,5,23,43,68,103,103,103,107,107,107,131,131,263,263,284,338,370,370,400,400,400,432,455,481,501,0,0,14,14],"floor_reached":50,"playtime":1357,"items_purged":["Regret"],"score":642,"play_id":"646b397f-9bfa-4111-8af8-85d81c9b6782","local_time":"20201216195823","is_ascension_mode":false,"campfire_choices":[{"data":"Apotheosis","floor":8,"key":"SMITH"},{"data":"infinitespire:OneForAll","floor":10,"key":"SMITH"},{"floor":13,"key":"REST"},{"data":"Anger","floor":15,"key":"SMITH"},{"floor":23,"key":"REST"},{"data":"Demon Form","floor":32,"key":"SMITH"},{"data":"Decay","floor":34,"key":"PURGE"},{"floor":42,"key":"REST"},{"data":"infinitespire:Menacing","floor":49,"key":"SMITH"}],"circlet_count":0,"master_deck":["Strike_R","Strike_R","Strike_R+1","Strike_R","Strike_R","Defend_R","Defend_R","Defend_R","Defend_R","Bash+1","Apotheosis+1","infinitespire:OneForAll+1","Reaper","Rampage","Thunderclap","Anger+1","Carnage","Heavy Blade","Impatience","Immolate","Thunderclap","Perfected Strike+1","Ghostly Armor","ReplayReversal","Demon Form+1","ReplayTheSpireMod:Stacked","Thunderclap","Infernal Blade","Shrug It Off","Bandage Up+1","hubris:InfiniteBlow+799","Sentinel","Replay:Undeath\u0027s Touch","Infernal Blade","Twin Strike","Demon Form","Shrug It Off+1","Replay:Undeath\u0027s Touch+1","Armaments","infinitespire:Menacing+1","Carnage+1","Wraith","Seeing Red+1","ReplayTheSpireMod:Stacked","Dual Wield+1"],"relics":["Burning Blood","Replay:Bandana","Charon\u0027s Ashes","hubris:Potato","hubris:SphereOfDissonance","halation:KoshaPiece","halation:HeavySnake","halation:VictoryRuler","Black Blood","Replay:Rubber Ducky","Red Mask"],"acts_visited":["Exordium","theJungle:Jungle","TheBeyond"],"potions_floor_usage":[5,16,16,19,25,30,35,39,41,46,50],"damage_taken":[{"damage":2,"enemies":"2 Louse","floor":1,"turns":4},{"damage":10,"enemies":"Cultist","floor":2,"turns":4},{"damage":11,"enemies":"Jaw Worm","floor":4,"turns":5},{"damage":5,"enemies":"Looter","floor":5,"turns":2},{"damage":0,"enemies":"Lots of Slimes","floor":7,"turns":1},{"damage":30,"enemies":"Exordium Thugs","floor":11,"turns":3},{"damage":21,"enemies":"Exordium Wildlife","floor":12,"turns":3},{"damage":9,"enemies":"2 Fungi Beasts","floor":14,"turns":3},{"damage":27,"enemies":"Fading Forest","floor":16,"turns":11},{"damage":48,"enemies":"theJungle:Flameango_and_Byrd","floor":18,"turns":7},{"damage":22,"enemies":"theJungle:5_Spyders","floor":19,"turns":9},{"damage":8,"enemies":"Snake Plant","floor":24,"turns":4},{"damage":0,"enemies":"theJungle:SlimyTreeVines","floor":25,"turns":3},{"damage":9,"enemies":"theJungle:JungleHuntersEncounter","floor":27,"turns":4},{"damage":0,"enemies":"theJungle:Lyon","floor":30,"turns":2},{"damage":2,"enemies":"theJungle:Snecko_Cultist_And_Trap","floor":33,"turns":5},{"damage":6,"enemies":"theJungle:QueenSpyder","floor":35,"turns":4},{"damage":13,"enemies":"Orb Walker","floor":37,"turns":4},{"damage":0,"enemies":"Mind Bloom Boss Battle","floor":38,"turns":2},{"damage":46,"enemies":"3 Darklings","floor":39,"turns":4},{"damage":19,"enemies":"Sphere and 2 Shapes","floor":41,"turns":6},{"damage":29,"enemies":"Maw","floor":44,"turns":8},{"damage":19,"enemies":"3 Darklings","floor":46,"turns":5},{"damage":0,"enemies":"Transient","floor":47,"turns":1},{"damage":109,"enemies":"Giant Head","floor":50,"turns":10}],"seed_played":"6292871251312364304","potions_obtained":[{"floor":2,"key":"Explosive Potion"},{"floor":4,"key":"ColorlessPotion"},{"floor":11,"key":"Milkshake"},{"floor":12,"key":"AttackPotion"},{"floor":16,"key":"Venom Potion"},{"floor":19,"key":"SmokeBomb"},{"floor":24,"key":"LifebloodPotion"},{"floor":33,"key":"BlessingOfTheForge"},{"floor":38,"key":"Reflective Coating"},{"floor":44,"key":"AttackPotion"},{"floor":46,"key":"Milkshake"},{"floor":47,"key":"Explosive Potion"}],"is_trial":false,"path_per_floor":["M","M","?","M","M","?","M","R","T","R","M","M","R","M","R","B",null,"M","M","$","?","AVR","R","M","M","T","M","PTL","PTL","M","?","R","M","R","B",null,"M","?","M","AVR","M","R","?","M","T","M","M","?","R","E"],"character_chosen":"IRONCLAD","items_purchased":["Apotheosis","infinitespire:OneForAll","Reaper","hubris:Potato","Infernal Blade","Shrug It Off"],"campfire_rested":3,"item_purchase_floors":[0,0,0,20,20,20],"current_hp_per_floor":[80,76,76,73,74,74,80,80,80,80,56,41,65,72,72,78,80,45,30,30,30,30,54,58,64,64,67,67,67,73,73,73,80,80,80,80,73,79,61,61,66,80,80,75,75,74,80,80,80,0,0],"gold":14,"neow_bonus":"","is_daily":false,"chose_seed":false,"campfire_upgraded":5,"win_rate":0.0,"timestamp":1608173903,"path_taken":["M","M","?","M","M","?","M","R","T","R","M","?","R","M","R","BOSS","M","M","$","?","AVR","R","M","M","T","M","PTL","PTL","M","?","R","?","R","BOSS","M","?","M","AVR","M","R","?","M","T","M","M","?","R","E"],"items_purchased_type":["Card","Card","Card","Relic","Card","Card"],"build_version":"2020-12-13","purchased_purges":1,"victory":false,"max_hp_per_floor":[80,80,80,80,80,80,80,80,80,80,80,80,80,80,80,80,80,80,80,80,80,80,80,80,80,80,80,80,80,80,80,80,80,80,80,80,80,80,80,80,80,80,80,80,80,80,80,80,80,80,80],"card_choices":[{"not_picked":["Intimidate","Twin Strike"],"picked":"Rampage","floor":1},{"not_picked":["Havoc","Dropkick"],"picked":"Thunderclap","floor":2},{"not_picked":["Cleave","Life Link"],"picked":"Anger","floor":4},{"not_picked":["Clash","Thunderclap"],"picked":"Carnage","floor":5},{"not_picked":["Headbutt","Run Through"],"picked":"Thunderclap","floor":7},{"not_picked":["ReplayTheSpireMod:Strike From Hell","Burning Pact"],"picked":"Perfected Strike","floor":11},{"not_picked":["Shrug It Off","Wild Strike"],"picked":"Ghostly Armor","floor":12},{"not_picked":["Clash","Havoc"],"picked":"ReplayReversal","floor":14},{"not_picked":["Offering","Limit Break"],"picked":"Demon Form","floor":16},{"not_picked":["Replay:Undeath\u0027s Touch+1","Twin Strike"],"picked":"ReplayTheSpireMod:Stacked","floor":18},{"not_picked":["Sword Boomerang","Havoc+1"],"picked":"Thunderclap","floor":19},{"not_picked":["Second Wind+1","True Grit"],"picked":"Sentinel","floor":24},{"not_picked":["Headbutt","Heavy Blade+1"],"picked":"Replay:Undeath\u0027s Touch","floor":25},{"not_picked":["Dropkick","Heavy Blade"],"picked":"Infernal Blade","floor":27},{"not_picked":["Defy Death","ReplayTheSpireMod:Strike From Hell+1"],"picked":"Twin Strike","floor":33},{"not_picked":["Demonic Infusion","Exhume"],"picked":"Demon Form","floor":35},{"not_picked":["Abandon","Twin Strike"],"picked":"Shrug It Off+1","floor":37},{"not_picked":["Clothesline+1","Evolve+1"],"picked":"Replay:Undeath\u0027s Touch+1","floor":38},{"not_picked":["Anger","Clash"],"picked":"Armaments","floor":39},{"not_picked":["Twin Strike","Headbutt+1"],"picked":"Carnage+1","floor":41},{"not_picked":["Anger","Hemokinesis"],"picked":"Seeing Red+1","floor":44},{"not_picked":["Immolate","ReplayTheSpireMod:Strike From Hell"],"picked":"ReplayTheSpireMod:Stacked","floor":46},{"not_picked":["Whirlwind+1","Anger+1"],"picked":"Dual Wield+1","floor":47}],"player_experience":1123862,"relics_obtained":[{"floor":9,"key":"Charon\u0027s Ashes"},{"floor":26,"key":"halation:KoshaPiece"},{"floor":38,"key":"halation:VictoryRuler"},{"floor":45,"key":"Replay:Rubber Ducky"}],"event_choices":[{"damage_healed":0,"gold_gain":0,"player_choice":"Box","damage_taken":0,"relics_obtained":["Replay:Bandana"],"max_hp_gain":0,"max_hp_loss":0,"event_name":"Big Fish","floor":3,"gold_loss":0,"cards_obtained":["Regret"]},{"damage_healed":0,"gold_gain":0,"player_choice":"3 cards matched","damage_taken":0,"max_hp_gain":0,"max_hp_loss":0,"event_name":"Match and Keep!","floor":6,"gold_loss":0,"cards_obtained":["Heavy Blade","Impatience","Immolate"]},{"cards_removed":["Apotheosis"],"damage_healed":0,"gold_gain":0,"player_choice":"Take \u0026 Give","damage_taken":0,"max_hp_gain":0,"max_hp_loss":0,"event_name":"betterNote:BetterNote","floor":21,"gold_loss":0,"cards_obtained":["Bandage Up"]},{"damage_healed":0,"gold_gain":0,"player_choice":"Cursed","damage_taken":0,"max_hp_gain":0,"max_hp_loss":0,"event_name":"Wheel of Change","floor":31,"gold_loss":0,"cards_obtained":["Decay"]},{"damage_healed":0,"gold_gain":0,"player_choice":"Fight","damage_taken":0,"max_hp_gain":0,"max_hp_loss":0,"event_name":"MindBloom","floor":38,"gold_loss":0},{"damage_healed":0,"gold_gain":0,"player_choice":"Ignored","damage_taken":0,"max_hp_gain":0,"max_hp_loss":0,"event_name":"OrinTheCat","floor":43,"gold_loss":0},{"damage_healed":0,"gold_gain":0,"player_choice":"Paid","damage_taken":0,"relics_obtained":["Red Mask"],"max_hp_gain":0,"max_hp_loss":0,"event_name":"Tomb of Lord Red Mask","floor":48,"gold_loss":501}],"is_beta":false,"boss_relics":[{"not_picked":["Sozu","aspiration:FutureDiary","Busted Crown"]},{"not_picked":["Replay:Wanted Poster","hubris:GrandSneckoEye"],"picked":"halation:HeavySnake"}],"items_purged_floors":[20],"is_endless":false,"potions_floor_spawned":[2,4,11,12,16,19,24,30,33,38,44,46,47],"killed_by":"Giant Head","ascension_level":0}}