{"host":"daa8jqyg4gqfaysm","time":1608199299,"event":{"mods":["BaseMod","Colored Powertips","Minty Spire (QoL Compilation)","StSLib"],"gold_per_floor":[115,131,131,131,131,131,165,176,221,236,22,22,57,74,74,148,148,162,175,192,192,92,92,124,136,172,184,206,247,259,302,314,402,414,437,449,57,72,91,91,121,121,121,136,151,170,25,53,53,53,53,53,53,85,85,85],"floor_reached":55,"playtime":2609,"items_purged":["Strike_G","Strike_G","Strike_G+1"],"score":1504,"play_id":"ffb7c7e2-cfd3-4575-bba4-84e56ddbeec8","local_time":"20201217180139","is_ascension_mode":true,"campfire_choices":[{"data":"Poisoned Stab","floor":6,"key":"SMITH"},{"floor":12,"key":"REST"},{"data":"Footwork","floor":15,"key":"SMITH"},{"floor":23,"key":"REST"},{"data":"Bouncing Flask","floor":25,"key":"SMITH"},{"data":"Leg Sweep","floor":30,"key":"SMITH"},{"data":"All Out Attack","floor":32,"key":"SMITH"},{"data":"Crippling Poison","floor":40,"key":"SMITH"},{"floor":42,"key":"RECALL"},{"data":"Dash","floor":49,"key":"SMITH"},{"data":"Dodge and Roll","floor":52,"key":"SMITH"}],"circlet_count":0,"master_deck":["AscendersBane","Defend_G","Defend_G+1","Defend_G+1","Defend_G+1","Defend_G","Survivor","Neutralize+1","Slice","Poisoned Stab+1","Dagger Throw","All Out Attack+1","Leg Sweep+1","Footwork+1","PiercingWail","Deadly Poison","Dodge and Roll+1","Bouncing Flask+1","Corpse Explosion","Dash+1","PiercingWail","Backflip+1","CurseOfTheBell","Backflip","Acrobatics","Crippling Poison+1","Well Laid Plans+1"],"relics":["Empty Cage","Lantern","Ancient Tea Set","Orichalcum","Velvet Choker","MawBank","Mango","Eternal Feather","Calling Bell","War Paint","Paper Crane","Gambling Chip","Toolbox","Anchor","White Beast Statue","Frozen Eye","Bottled Lightning","Unceasing Top"],"acts_visited":["Exordium","TheCity","TheBeyond","TheEnding"],"potions_floor_usage":[24,29,33,39,44,54,55,55],"damage_taken":[{"damage":0,"enemies":"2 Louse","floor":1,"turns":6},{"damage":2,"enemies":"Jaw Worm","floor":2,"turns":5},{"damage":26,"enemies":"3 Sentries","floor":7,"turns":12},{"damage":0,"enemies":"Cultist","floor":8,"turns":3},{"damage":1,"enemies":"Lots of Slimes","floor":10,"turns":3},{"damage":15,"enemies":"Gremlin Nob","floor":13,"turns":6},{"damage":2,"enemies":"Red Slaver","floor":14,"turns":3},{"damage":0,"enemies":"Hexaghost","floor":16,"turns":9},{"damage":3,"enemies":"Chosen","floor":18,"turns":4},{"damage":0,"enemies":"Shell Parasite","floor":19,"turns":6},{"damage":7,"enemies":"Centurion and Healer","floor":20,"turns":6},{"damage":9,"enemies":"Slavers","floor":24,"turns":4},{"damage":1,"enemies":"Cultist and Chosen","floor":28,"turns":8},{"damage":0,"enemies":"Gremlin Leader","floor":29,"turns":10},{"damage":29,"enemies":"Slavers","floor":31,"turns":4},{"damage":41,"enemies":"Collector","floor":33,"turns":12},{"damage":6,"enemies":"Orb Walker","floor":35,"turns":5},{"damage":0,"enemies":"3 Shapes","floor":38,"turns":5},{"damage":0,"enemies":"Jaw Worm Horde","floor":39,"turns":3},{"damage":21,"enemies":"Nemesis","floor":41,"turns":10},{"damage":1,"enemies":"Writhing Mass","floor":44,"turns":6},{"damage":3,"enemies":"Maw","floor":45,"turns":8},{"damage":0,"enemies":"Jaw Worm Horde","floor":46,"turns":3},{"damage":11,"enemies":"Reptomancer","floor":48,"turns":9},{"damage":26,"enemies":"Awakened One","floor":50,"turns":26},{"damage":77,"enemies":"Shield and Spear","floor":54,"turns":10},{"damage":1,"enemies":"The Heart","floor":55,"turns":2}],"seed_played":"-581912791487991279","potions_obtained":[{"floor":10,"key":"Energy Potion"},{"floor":13,"key":"Energy Potion"},{"floor":19,"key":"Block Potion"},{"floor":28,"key":"GhostInAJar"},{"floor":33,"key":"LiquidBronze"},{"floor":39,"key":"SpeedPotion"},{"floor":44,"key":"LiquidBronze"},{"floor":54,"key":"GamblersBrew"}],"is_trial":false,"path_per_floor":["M","M","?","?","?","R","E","M","T","M","$","R","E","M","R","B",null,"M","M","M","?","$","R","E","R","T","?","M","E","R","E","R","B",null,"M","?","$","M","M","R","E","R","T","M","M","M","$","E","R","B",null,"R","$","E","B"],"character_chosen":"THE_SILENT","items_purchased":["Footwork","PiercingWail","Deadly Poison","Backflip","Acrobatics","Toolbox","AttackPotion","Frozen Eye"],"campfire_rested":2,"item_purchase_floors":[11,11,11,37,37,37,37,47],"current_hp_per_floor":[59,57,57,62,41,41,15,15,15,14,14,35,20,18,18,18,58,55,55,48,28,28,50,41,41,41,56,55,69,69,40,52,11,70,64,64,64,64,64,79,58,73,73,72,69,69,69,58,73,47,79,90,90,13,12,12],"gold":85,"neow_bonus":"BOSS_RELIC","is_daily":false,"chose_seed":false,"campfire_upgraded":8,"win_rate":0.0,"timestamp":1608199299,"path_taken":["M","M","?","?","?","R","E","M","T","M","$","R","E","M","R","BOSS","M","M","M","?","$","R","E","R","T","?","M","E","R","E","R","BOSS","M","?","$","?","M","R","E","R","T","?","M","M","$","E","R","BOSS","R","$","E","BOSS"],"items_purchased_type":["Card","Card","Card","Card","Card","Relic","Potion","Relic"],"build_version":"2020-12-13","purchased_purges":3,"victory":false,"max_hp_per_floor":[66,66,66,71,71,71,71,71,71,71,71,71,71,71,71,71,71,71,71,71,76,76,76,76,76,76,76,76,90,90,90,90,90,90,90,90,90,90,90,90,90,90,90,90,90,90,90,90,90,90,90,90,90,90,90,90],"card_choices":[{"not_picked":["Underhanded Strike","Deflect"],"picked":"Slice","floor":1},{"not_picked":["Outmaneuver","Prepared"],"picked":"Poisoned Stab","floor":2},{"not_picked":["Accuracy","Choke"],"picked":"Dagger Throw","floor":7},{"not_picked":["Quick Slash","Blur"],"picked":"All Out Attack","floor":8},{"not_picked":["Slice","Cloak And Dagger"],"picked":"Leg Sweep","floor":10},{"not_picked":["Underhanded Strike","Slice"],"picked":"Dodge and Roll","floor":13},{"not_picked":["Poisoned Stab","Bane"],"picked":"Bouncing Flask","floor":14},{"not_picked":["Wraith Form v2","Burst"],"picked":"Corpse Explosion","floor":16},{"not_picked":["Quick Slash","Dagger Spray","Skewer"],"picked":"SKIP","floor":18},{"not_picked":["Poisoned Stab","Infinite Blades+1","Blade Dance"],"picked":"SKIP","floor":19},{"not_picked":["Dagger Spray","Underhanded Strike"],"picked":"Dash","floor":20},{"not_picked":["Outmaneuver","Dagger Spray","Leg Sweep"],"picked":"SKIP","floor":24},{"not_picked":["Dagger Spray","Underhanded Strike","Caltrops"],"picked":"SKIP","floor":28},{"not_picked":["Grand Finale","Setup"],"picked":"PiercingWail","floor":29},{"not_picked":["Well Laid Plans","Underhanded Strike"],"picked":"Backflip+1","floor":31},{"not_picked":["Masterful Stab","Cloak And Dagger","Bane"],"picked":"SKIP","floor":35},{"not_picked":["Masterful Stab","Sucker Punch","Quick Slash+1"],"picked":"SKIP","floor":38},{"not_picked":["Dagger Throw","Sucker Punch+1"],"picked":"Crippling Poison","floor":39},{"not_picked":["Bane","Bullet Time","Dagger Throw+1"],"picked":"SKIP","floor":41},{"not_picked":["Flying Knee","Deadly Poison+1","Bane"],"picked":"SKIP","floor":44},{"not_picked":["Concentrate","PiercingWail","Outmaneuver+1"],"picked":"SKIP","floor":45},{"not_picked":["Bane","Backflip","Acrobatics"],"picked":"SKIP","floor":46},{"not_picked":["Bane","Backflip","Acrobatics"],"picked":"SKIP","floor":46},{"not_picked":["Leg Sweep+1","Caltrops"],"picked":"Well Laid Plans+1","floor":48},{"not_picked":["Acrobatics","Backflip","Prepared"],"picked":"SKIP","floor":54}],"player_experience":689721,"relics_obtained":[{"floor":7,"key":"Lantern"},{"floor":9,"key":"Ancient Tea Set"},{"floor":13,"key":"Orichalcum"},{"floor":24,"key":"MawBank"},{"floor":29,"key":"Mango"},{"floor":31,"key":"Eternal Feather"},{"floor":34,"key":"War Paint"},{"floor":34,"key":"Paper Crane"},{"floor":34,"key":"Gambling Chip"},{"floor":41,"key":"Anchor"},{"floor":43,"key":"White Beast Statue"},{"floor":48,"key":"Bottled Lightning"},{"floor":54,"key":"Unceasing Top"}],"event_choices":[{"damage_healed":0,"gold_gain":0,"player_choice":"Grow","damage_taken":0,"max_hp_gain":0,"max_hp_loss":0,"event_name":"Living Wall","floor":3,"gold_loss":0,"cards_upgraded":["Neutralize"]},{"damage_healed":0,"gold_gain":0,"player_choice":"Donut","damage_taken":0,"max_hp_gain":5,"max_hp_loss":0,"event_name":"Big Fish","floor":4,"gold_loss":0},{"damage_healed":0,"gold_gain":0,"player_choice":"Entered Light","damage_taken":21,"max_hp_gain":0,"max_hp_loss":0,"event_name":"Shining Light","floor":5,"gold_loss":0,"cards_upgraded":["Defend_G","Strike_G"]},{"damage_healed":0,"gold_gain":0,"player_choice":"Shed Blood","damage_taken":25,"max_hp_gain":5,"max_hp_loss":0,"event_name":"Forgotten Altar","floor":21,"gold_loss":0},{"damage_healed":15,"gold_gain":0,"player_choice":"Heal","damage_taken":0,"max_hp_gain":0,"max_hp_loss":0,"event_name":"The Library","floor":27,"gold_loss":0},{"damage_healed":0,"gold_gain":0,"player_choice":"0 cards matched","damage_taken":0,"max_hp_gain":0,"max_hp_loss":0,"event_name":"Match and Keep!","floor":36,"gold_loss":0,"cards_obtained":[]}],"is_beta":false,"boss_relics":[{"not_picked":["Cursed Key","Runic Dome"],"picked":"Velvet Choker"},{"not_picked":["Snecko Eye","Astrolabe"],"picked":"Calling Bell"}],"items_purged_floors":[11,22,37],"is_endless":false,"potions_floor_spawned":[10,13,19,28,33,39,41,44,45,46,48,54],"killed_by":"The Heart","ascension_level":15}}