{"host":"wshh0nphwn6jv7vj","time":1608238650,"event":{"mods":["BaseMod","Bestiary","Minty Spire (QoL Compilation)"],"gold_per_floor":[11,24,24,42,54,54,89,89,137,163,192,221,233,245,257,346,358,370,382,319,331,331],"floor_reached":21,"playtime":2079,"items_purged":[],"score":331,"play_id":"d33259d1-4855-4ca9-9ec0-ab000ffd65c4","local_time":"20201217155730","is_ascension_mode":true,"campfire_choices":[{"floor":6,"key":"REST"},{"data":"Recycle","floor":8,"key":"SMITH"},{"floor":13,"key":"REST"},{"data":"Fusion","floor":15,"key":"SMITH"}],"circlet_count":0,"master_deck":["AscendersBane","Strike_B","Defend_B","Defend_B","Zap","Dualcast","Creative AI","Recycle+1","Cold Snap","Hologram","Reinforced Body","Sweeping Beam","Chill","Steam","Leap","Fusion+1","Echo Form","Auto Shields","Genetic Algorithm","Reinforced Body"],"relics":["Cracked Core","Bottled Flame","Art of War","MawBank","Busted Crown"],"acts_visited":["Exordium","TheCity"],"potions_floor_usage":[2,7,7,18],"damage_taken":[{"damage":0,"enemies":"2 Louse","floor":1,"turns":4},{"damage":20,"enemies":"Small Slimes","floor":2,"turns":5},{"damage":0,"enemies":"Jaw Worm","floor":4,"turns":7},{"damage":6,"enemies":"Large Slime","floor":5,"turns":5},{"damage":11,"enemies":"Gremlin Nob","floor":7,"turns":5},{"damage":29,"enemies":"3 Sentries","floor":10,"turns":14},{"damage":3,"enemies":"Exordium Wildlife","floor":11,"turns":2},{"damage":9,"enemies":"Gremlin Gang","floor":12,"turns":5},{"damage":27,"enemies":"The Guardian","floor":16,"turns":13},{"damage":42,"enemies":"Chosen","floor":18,"turns":10},{"damage":4,"enemies":"2 Thieves","floor":20,"turns":5},{"damage":15,"enemies":"Snake Plant","floor":21,"turns":4}],"seed_played":"5875825254802228537","potions_obtained":[{"floor":1,"key":"SkillPotion"},{"floor":2,"key":"EssenceOfSteel"},{"floor":5,"key":"FocusPotion"},{"floor":7,"key":"SmokeBomb"}],"is_trial":false,"path_per_floor":["M","M","?","M","M","R","E","R","T","E","M","M","R","?","R","B",null,"M","?","M","M"],"character_chosen":"DEFECT","items_purchased":[],"campfire_rested":2,"item_purchase_floors":[],"current_hp_per_floor":[64,44,44,44,38,59,48,48,48,19,16,7,28,51,51,24,59,17,17,13,0,0],"gold":331,"neow_bonus":"TRANSFORM_TWO_CARDS","is_daily":false,"chose_seed":false,"campfire_upgraded":2,"win_rate":0.0,"timestamp":1608238650,"path_taken":["M","M","?","M","M","R","E","R","T","E","M","M","R","?","R","BOSS","M","?","M","M"],"items_purchased_type":[],"build_version":"2020-12-13","purchased_purges":0,"victory":false,"max_hp_per_floor":[71,71,71,71,71,71,71,71,71,71,71,71,71,71,71,71,71,71,71,71,71,71],"card_choices":[{"not_picked":["Compile Driver","FTL"],"picked":"Cold Snap","floor":1},{"not_picked":["Chill","Turbo"],"picked":"Hologram","floor":2},{"not_picked":["Leap","Coolheaded"],"picked":"Sweeping Beam","floor":4},{"not_picked":["Beam Cell","Streamline","Go for the Eyes"],"picked":"SKIP","floor":5},{"not_picked":["Conserve Battery","BootSequence"],"picked":"Chill","floor":7},{"not_picked":["Stack","Skim"],"picked":"Steam","floor":10},{"not_picked":["Hyperbeam","Stack"],"picked":"Leap","floor":11},{"not_picked":["Go for the Eyes","Cold Snap"],"picked":"Fusion","floor":12},{"not_picked":["Hyperbeam","Thunder Strike"],"picked":"Echo Form","floor":16},{"not_picked":[],"picked":"Reinforced Body","floor":20}],"player_experience":1438231,"relics_obtained":[{"floor":7,"key":"Bottled Flame"},{"floor":9,"key":"Art of War"},{"floor":10,"key":"MawBank"}],"event_choices":[{"damage_healed":0,"gold_gain":0,"cards_transformed":["Strike_B"],"player_choice":"Change","damage_taken":0,"max_hp_gain":0,"max_hp_loss":0,"event_name":"Living Wall","floor":3,"gold_loss":0,"cards_obtained":["Reinforced Body"]},{"damage_healed":23,"gold_gain":0,"player_choice":"Banana","damage_taken":0,"max_hp_gain":0,"max_hp_loss":0,"event_name":"Big Fish","floor":14,"gold_loss":0},{"damage_healed":0,"gold_gain":0,"cards_transformed":["Defend_B","Defend_B"],"player_choice":"Became Test Subject","damage_taken":0,"max_hp_gain":0,"max_hp_loss":0,"event_name":"Drug Dealer","floor":19,"gold_loss":0,"cards_obtained":["Auto Shields","Genetic Algorithm"]}],"is_beta":false,"boss_relics":[{"not_picked":["Astrolabe","Empty Cage"],"picked":"Busted Crown"}],"items_purged_floors":[],"is_endless":false,"potions_floor_spawned":[1,2,5,7],"killed_by":"Snake Plant","ascension_level":15}}