{"host":"1hv1kueuvc4r3rdp","time":1608163635,"event":{"mods":["AchievementEnabler","BaseMod","DeckTracker","Highlight Path","Minty Spire (QoL Compilation)","Permanent Neow","StSLib"],"gold_per_floor":[161,175,185,204,215,215,243,261,261,287,287,306,306,333,333,432,432,449,461,479,490,415,415,25,56,106,106,138,138,138,170,170,270,270,283,293,308,49,49,49,63,92,92,104,122,22,34,44,44,44],"floor_reached":51,"playtime":5469,"items_purged":["Defend_G","Strike_G"],"score":1021,"play_id":"a748e3b9-9a5d-4526-92f6-4a8cad09c915","local_time":"20201216180715","is_ascension_mode":true,"campfire_choices":[{"data":"Dash","floor":6,"key":"SMITH"},{"data":"Envenom","floor":13,"key":"SMITH"},{"floor":15,"key":"REST"},{"floor":23,"key":"REST"},{"floor":27,"key":"REST"},{"floor":32,"key":"REST"},{"floor":40,"key":"REST"},{"floor":49,"key":"REST"}],"circlet_count":0,"master_deck":["Strike_G","Strike_G","Strike_G","Defend_G+1","Defend_G","Defend_G","Defend_G","Survivor","Neutralize","Quick Slash","Infinite Blades","Predator","Dash+1","Terror+1","Footwork","Envenom+1","Corpse Explosion","Footwork+1","PiercingWail","Escape Plan","Deflect+1","After Image","Footwork+1","Sucker Punch+1","Quick Slash+1","PiercingWail+1","Flechettes+1","Bane","After Image"],"relics":["Tiny House","Omamori","Pen Nib","Ancient Tea Set","Art of War","Runic Pyramid","Mango","Eternal Feather","Snake Skull","Prayer Wheel","Tough Bandages","WristBlade","Pantograph","The Specimen","Bag of Preparation","Lizard Tail"],"acts_visited":["Exordium","TheCity","TheBeyond"],"potions_floor_usage":[5,7,7,12,16,19,33,36,45,47,50,50],"damage_taken":[{"damage":0,"enemies":"2 Louse","floor":1,"turns":3},{"damage":0,"enemies":"Cultist","floor":2,"turns":4},{"damage":4,"enemies":"Jaw Worm","floor":3,"turns":3},{"damage":0,"enemies":"Large Slime","floor":4,"turns":5},{"damage":1,"enemies":"Lots of Slimes","floor":5,"turns":4},{"damage":7,"enemies":"Lagavulin","floor":7,"turns":6},{"damage":0,"enemies":"Red Slaver","floor":8,"turns":4},{"damage":17,"enemies":"Gremlin Nob","floor":10,"turns":5},{"damage":7,"enemies":"Exordium Thugs","floor":12,"turns":7},{"damage":10,"enemies":"3 Sentries","floor":14,"turns":7},{"damage":19,"enemies":"Hexaghost","floor":16,"turns":7},{"damage":5,"enemies":"3 Byrds","floor":18,"turns":4},{"damage":30,"enemies":"2 Thieves","floor":19,"turns":3},{"damage":0,"enemies":"3 Cultists","floor":20,"turns":4},{"damage":35,"enemies":"Snecko","floor":21,"turns":8},{"damage":34,"enemies":"Book of Stabbing","floor":25,"turns":8},{"damage":26,"enemies":"Gremlin Leader","floor":28,"turns":6},{"damage":36,"enemies":"Slavers","floor":31,"turns":4},{"damage":63,"enemies":"Champ","floor":33,"turns":16},{"damage":37,"enemies":"3 Darklings","floor":35,"turns":4},{"damage":9,"enemies":"Orb Walker","floor":36,"turns":4},{"damage":10,"enemies":"3 Darklings","floor":37,"turns":4},{"damage":0,"enemies":"Maw","floor":41,"turns":9},{"damage":1,"enemies":"Nemesis","floor":42,"turns":9},{"damage":20,"enemies":"Writhing Mass","floor":44,"turns":9},{"damage":28,"enemies":"Sphere and 2 Shapes","floor":45,"turns":13},{"damage":27,"enemies":"Spire Growth","floor":47,"turns":7},{"damage":0,"enemies":"4 Shapes","floor":48,"turns":7},{"damage":66,"enemies":"Donu and Deca","floor":50,"turns":9}],"seed_played":"1516340624293916454","potions_obtained":[{"floor":0,"key":"Poison Potion"},{"floor":1,"key":"Poison Potion"},{"floor":4,"key":"AttackPotion"},{"floor":8,"key":"SkillPotion"},{"floor":10,"key":"SneckoOil"},{"floor":16,"key":"EntropicBrew"},{"floor":28,"key":"Ancient Potion"},{"floor":36,"key":"Swift Potion"},{"floor":41,"key":"DuplicationPotion"},{"floor":48,"key":"PowerPotion"}],"is_trial":false,"path_per_floor":["M","M","M","M","M","R","E","M","T","E","?","M","R","E","R","B",null,"M","M","M","M","?","R","$","E","T","R","E","?","?","E","R","B",null,"M","M","M","$","T","R","M","E","T","M","M","$","M","M","R","B",null],"character_chosen":"THE_SILENT","items_purchased":["Mango","Pantograph"],"campfire_rested":6,"item_purchase_floors":[24,38],"current_hp_per_floor":[68,68,64,64,63,63,56,56,56,39,39,32,32,22,44,25,63,58,28,28,22,22,44,58,24,24,62,36,65,65,29,67,4,68,31,22,12,12,12,53,53,52,52,32,4,4,25,25,66,23],"gold":44,"neow_bonus":"BOSS_RELIC","is_daily":false,"chose_seed":false,"campfire_upgraded":2,"win_rate":0.0,"timestamp":1608163635,"path_taken":["M","M","M","M","M","R","E","M","T","E","?","M","R","E","R","BOSS","M","M","M","?","?","R","$","E","T","R","E","?","?","E","R","BOSS","M","M","?","?","?","R","?","E","T","M","M","$","M","?","R","BOSS"],"items_purchased_type":["Relic","Relic"],"build_version":"2020-12-13","purchased_purges":2,"victory":true,"max_hp_per_floor":[75,75,75,75,75,75,75,75,75,75,75,75,75,75,75,75,75,75,75,75,75,75,75,89,89,89,89,89,89,89,89,89,89,89,89,89,89,89,89,89,89,89,89,89,89,89,89,89,89,89],"card_choices":[{"not_picked":["Expertise","Reflex"],"picked":"Quick Slash","floor":0},{"not_picked":["PiercingWail","Dodge and Roll"],"picked":"Infinite Blades","floor":1},{"not_picked":["Blur","Blade Dance"],"picked":"Predator","floor":2},{"not_picked":["Expertise","Blade Dance","Deadly Poison"],"picked":"SKIP","floor":3},{"not_picked":["PiercingWail","Dagger Throw"],"picked":"Dash","floor":4},{"not_picked":["Poisoned Stab","Setup"],"picked":"Terror","floor":5},{"not_picked":["Distraction","Slice","Terror"],"picked":"SKIP","floor":7},{"not_picked":["Backflip","Sucker Punch","Masterful Stab"],"picked":"SKIP","floor":8},{"not_picked":["Calculated Gamble","Predator"],"picked":"Footwork","floor":10},{"not_picked":["Dodge and Roll","Backflip"],"picked":"Envenom","floor":12},{"not_picked":["Underhanded Strike","Setup","Deadly Poison"],"picked":"SKIP","floor":14},{"not_picked":["Night Terror","Storm of Steel"],"picked":"Corpse Explosion","floor":16},{"not_picked":["Outmaneuver","Dagger Throw+1"],"picked":"Footwork+1","floor":18},{"not_picked":["Deflect","Slice+1"],"picked":"PiercingWail","floor":19},{"not_picked":["Quick Slash","Setup","Flechettes+1"],"picked":"SKIP","floor":20},{"not_picked":["Expertise","Caltrops","Dagger Throw"],"picked":"SKIP","floor":21},{"not_picked":["Poisoned Stab","Die Die Die","Riddle With Holes+1"],"picked":"SKIP","floor":25},{"not_picked":["Dagger Throw+1","Poisoned Stab+1"],"picked":"Escape Plan","floor":28},{"not_picked":["Distraction","Bouncing Flask"],"picked":"Deflect+1","floor":31},{"not_picked":["Phantasmal Killer","A Thousand Cuts"],"picked":"After Image","floor":33},{"not_picked":["Outmaneuver+1","Skewer+1"],"picked":"Footwork+1","floor":35},{"not_picked":["Masterful Stab","Dodge and Roll","Dagger Spray"],"picked":"SKIP","floor":35},{"not_picked":["Underhanded Strike","Flechettes"],"picked":"Sucker Punch+1","floor":36},{"not_picked":["Endless Agony","Underhanded Strike+1","Outmaneuver+1"],"picked":"SKIP","floor":36},{"not_picked":["Caltrops+1","Outmaneuver+1"],"picked":"Quick Slash+1","floor":37},{"not_picked":["After Image","Bane+1","Underhanded Strike+1"],"picked":"SKIP","floor":37},{"not_picked":["Bane","Deflect+1"],"picked":"PiercingWail+1","floor":41},{"not_picked":["Setup+1","Predator+1","Choke"],"picked":"SKIP","floor":41},{"not_picked":["Crippling Poison+1","Deadly Poison+1"],"picked":"Flechettes+1","floor":42},{"not_picked":["PiercingWail","Acrobatics"],"picked":"Bane","floor":44},{"not_picked":["Dodge and Roll","Outmaneuver","Deadly Poison+1"],"picked":"SKIP","floor":44},{"not_picked":["Blade Dance","PiercingWail+1","Predator+1"],"picked":"SKIP","floor":45},{"not_picked":["Poisoned Stab+1","Calculated Gamble","Backstab"],"picked":"SKIP","floor":45},{"not_picked":["Endless Agony","Distraction"],"picked":"After Image","floor":47},{"not_picked":["Skewer","Deadly Poison","Finisher+1"],"picked":"SKIP","floor":47},{"not_picked":["Poisoned Stab","Deadly Poison+1","Deflect+1"],"picked":"SKIP","floor":48},{"not_picked":["Finisher","Deadly Poison","Dodge and Roll"],"picked":"SKIP","floor":48}],"player_experience":1026922,"relics_obtained":[{"floor":7,"key":"Omamori"},{"floor":9,"key":"Pen Nib"},{"floor":10,"key":"Ancient Tea Set"},{"floor":14,"key":"Art of War"},{"floor":25,"key":"Eternal Feather"},{"floor":26,"key":"Snake Skull"},{"floor":28,"key":"Prayer Wheel"},{"floor":31,"key":"Tough Bandages"},{"floor":39,"key":"The Specimen"},{"floor":42,"key":"Bag of Preparation"},{"floor":43,"key":"Lizard Tail"}],"event_choices":[{"damage_healed":0,"gold_gain":0,"player_choice":"0 cards matched","damage_taken":0,"max_hp_gain":0,"max_hp_loss":0,"event_name":"Match and Keep!","floor":11,"gold_loss":0,"cards_obtained":[]},{"cards_removed":["Strike_G"],"damage_healed":0,"gold_gain":0,"player_choice":"Gave Gold","damage_taken":0,"max_hp_gain":0,"max_hp_loss":0,"event_name":"Beggar","floor":22,"gold_loss":75},{"damage_healed":29,"gold_gain":0,"player_choice":"Heal","damage_taken":0,"max_hp_gain":0,"max_hp_loss":0,"event_name":"The Library","floor":29,"gold_loss":0},{"damage_healed":0,"gold_gain":0,"player_choice":"Forge","damage_taken":0,"max_hp_gain":0,"max_hp_loss":0,"event_name":"Accursed Blacksmith","floor":30,"gold_loss":0,"cards_upgraded":["Terror"]}],"is_beta":false,"boss_relics":[{"not_picked":["Snecko Eye","Fusion Hammer"],"picked":"Runic Pyramid"},{"not_picked":["Velvet Choker","Runic Dome"],"picked":"WristBlade"}],"items_purged_floors":[24,46],"is_endless":false,"potions_floor_spawned":[1,4,8,10,16,19,28,36,41,44,48],"ascension_level":7}}