{"host":"gk5m6v7zec9neb0j","time":1608190401,"event":{"mods":["AchievementEnabler","AlwaysNeverKeys","BaseMod","BetterRewards","Block Reminder","Minty Spire (QoL Compilation)","Rare Cards Sparkle","Relic Stats","StSLib"],"gold_per_floor":[113,131,131,147,167,179,195,214,214,230,247,247,9,19,19,118,118,130,130,39,49,49,49,78,78,78,78,89,39,39,99,99,203,203,219,83,101,151,161,161,211,261,261,33,33,59,123,143,143,143,143,143,8,33,33],"floor_reached":56,"playtime":1704,"items_purged":["Strike_B","Strike_B","Strike_B","Strike_B"],"score":1518,"play_id":"22336907-1635-4347-9606-7ca8768cb651","local_time":"20201217023321","is_ascension_mode":false,"campfire_choices":[{"data":"Dualcast","floor":12.0,"key":"SMITH"},{"floor":15.0,"key":"REST"},{"data":"Panache","floor":23.0,"key":"SMITH"},{"data":"White Noise","floor":25.0,"key":"SMITH"},{"data":"Zap","floor":27.0,"key":"SMITH"},{"floor":32,"key":"REST"},{"data":"Seek","floor":40,"key":"SMITH"},{"data":"Scrape","floor":45,"key":"SMITH"},{"data":"Beam Cell","floor":49,"key":"SMITH"},{"data":"Go for the Eyes","floor":52,"key":"SMITH"}],"circlet_count":0,"master_deck":["Defend_B","Defend_B","Defend_B","Defend_B","Zap+1","Dualcast+1","Panache+1","Mayhem+1","Conserve Battery","Leap","Conserve Battery","Mayhem+1","Reboot","White Noise+1","Gash","Go for the Eyes+1","Scrape+1","Gash+1","Seek+1","Leap","Beam Cell+1","All For One","Skim","Good Instincts","Beam Cell"],"relics":["Cracked Core","WingedGreaves","Membership Card","Pocketwatch","FossilizedHelix","DollysMirror","Singing Bowl","MutagenicStrength","Nunchaku","Centennial Puzzle","Dream Catcher","SsserpentHead","SlaversCollar","Bag of Preparation","Mango","Mercury Hourglass","Darkstone Periapt","Letter Opener"],"acts_visited":["Exordium","TheCity","TheBeyond","TheEnding"],"potions_floor_usage":[33,50,55],"damage_taken":[{"damage":0.0,"enemies":"Cultist","floor":1.0,"turns":3.0},{"damage":0.0,"enemies":"Small Slimes","floor":2.0,"turns":3.0},{"damage":1.0,"enemies":"2 Louse","floor":4.0,"turns":2.0},{"damage":0.0,"enemies":"Looter","floor":5.0,"turns":4.0},{"damage":2.0,"enemies":"Lots of Slimes","floor":6.0,"turns":2.0},{"damage":0.0,"enemies":"Red Slaver","floor":7.0,"turns":4.0},{"damage":0.0,"enemies":"Exordium Wildlife","floor":8.0,"turns":2.0},{"damage":0.0,"enemies":"Looter","floor":10.0,"turns":4.0},{"damage":0.0,"enemies":"Gremlin Gang","floor":11.0,"turns":2.0},{"damage":3.0,"enemies":"Lots of Slimes","floor":14.0,"turns":4.0},{"damage":3.0,"enemies":"The Guardian","floor":16.0,"turns":11.0},{"damage":11.0,"enemies":"Shell Parasite","floor":18.0,"turns":6.0},{"damage":0.0,"enemies":"2 Thieves","floor":21.0,"turns":4.0},{"damage":4.0,"enemies":"Book of Stabbing","floor":24.0,"turns":5.0},{"damage":0.0,"enemies":"Cultist and Chosen","floor":28.0,"turns":7.0},{"damage":21,"enemies":"Snake Plant","floor":31,"turns":4},{"damage":0,"enemies":"Champ","floor":33,"turns":8},{"damage":0,"enemies":"Orb Walker","floor":35,"turns":2},{"damage":7,"enemies":"3 Shapes","floor":37,"turns":5},{"damage":0,"enemies":"Spire Growth","floor":39,"turns":5},{"damage":0,"enemies":"Reptomancer","floor":46,"turns":4},{"damage":20,"enemies":"Jaw Worm Horde","floor":47,"turns":2},{"damage":0,"enemies":"Transient","floor":48,"turns":5},{"damage":58,"enemies":"Time Eater","floor":50,"turns":10},{"damage":22,"enemies":"Shield and Spear","floor":54,"turns":5},{"damage":105,"enemies":"The Heart","floor":55,"turns":9}],"seed_played":"-133733405563549473","potions_obtained":[{"floor":4.0,"key":"FocusPotion"},{"floor":7.0,"key":"Explosive Potion"},{"floor":10.0,"key":"Swift Potion"},{"floor":24.0,"key":"FairyPotion"},{"floor":35,"key":"DuplicationPotion"}],"is_trial":false,"path_per_floor":["M","M","?","M","M","M","M","M","T","M","M","R","$","M","R","B",null,"M","?","$","M","?","R","E","R","T","R","M","$","?","M","R","B",null,"M","$","M","?","M","R","?","?","T","$","R","E","M","M","R","B",null,"R","$","E","B",null],"character_chosen":"DEFECT","items_purchased":["Panache","Membership Card","Mayhem","DollysMirror","Singing Bowl","Gash","Nunchaku","Bag of Preparation","Mercury Hourglass","Leap","All For One","Skim","Good Instincts"],"campfire_rested":2,"item_purchase_floors":[0,0,0,13,13,20,20,36,44,44,53,53,53],"current_hp_per_floor":[40,40,40,39,39,37,37,37,37,37,37,37,37,36,59,56,77,66,66,66,68,68,68,64,64,64,64,66,66,66,45,69,69,81,83,83,78,78,80,80,80,80,94,94,94,96,78,78,78,20,101,101,101,79,4],"gold":33,"neow_bonus":"","is_daily":false,"chose_seed":false,"campfire_upgraded":8,"win_rate":0.0,"timestamp":1608190401,"path_taken":["M","M","?","?","M","M","M","?","T","M","M","R","$","M","R","BOSS","BOSS","M","?","$","M","?","R","E","R","T","R","M","$","?","?","R","BOSS","M","$","M","?","M","R","?","?","T","$","R","E","?","M","R","BOSS","R","$","E","BOSS"],"items_purchased_type":["Card","Relic","Card","Relic","Relic","Card","Relic","Relic","Relic","Card","Card","Card","Card"],"build_version":"2020-12-13","purchased_purges":4,"victory":true,"max_hp_per_floor":[75,75,75,75,75,75,75,75,75,75,75,75,75,77,77,77,77,77,77,77,79,79,79,79,79,79,79,81,81,81,81,81,81,81,83,83,85,85,87,87,83,83,97,97,97,99,101,101,101,101,101,101,101,101,101],"relic_stats":{"Darkstone Periapt":0,"SsserpentHead":250,"Nunchaku":[18],"Centennial Puzzle":[17],"Dream Catcher":1,"Singing Bowl":16,"counters":[544,2872],"Bag of Preparation":[16],"Letter Opener":[65],"obtain_stats":[{"Whetstone":46,"Ginger":28,"Bottled Tornado":37,"Boot":17,"FrozenCore":17,"Old Coin":46,"Blood Vial":53,"Sundial":7,"Necronomicon":31,"Kunai":17,"Pear":55,"Pen Nib":6,"Akabeko":29,"Cables":43,"SlaversCollar":34,"Bird Faced Urn":0,"MutagenicStrength":29,"StrikeDummy":9,"Unceasing Top":44,"Lantern":30,"Regal Pillow":45,"Torii":17,"Singing Bowl":31,"StoneCalendar":54,"Bag of Preparation":43,"Smiling Mask":9,"Cursed Key":17,"Ancient Tea Set":43,"Shovel":0,"Matryoshka":0,"WingedGreaves":30,"Chemical X":11,"InkBottle":17,"Potion Belt":26,"Inserter":34,"Golden Idol":3,"Thread and Needle":0,"PreservedInsect":43,"Omamori":46,"Frozen Egg 2":0,"MawBank":24,"Nuclear Battery":34,"Busted Crown":34,"Ornamental Fan":42,"Bloody Idol":21,"Orrery":0,"Turnip":41,"Art of War":41,"Bottled Lightning":11,"Toy Ornithopter":53,"Ice Cream":27,"Mark of the Bloom":46,"Calipers":39,"Gremlin Horn":12,"Nilry\u0027s Codex":27,"CeramicFish":26,"Vajra":12,"Runic Capacitor":0,"Sozu":34,"Centennial Puzzle":9,"Lizard Tail":0,"HornCleat":43,"FaceOfCleric":20,"DollysMirror":53,"Strawberry":0,"Prayer Wheel":0,"Toxic Egg 2":0,"Girya":0,"Happy Flower":17,"Dead Branch":0,"Oddly Smooth Stone":10,"Letter Opener":54,"War Paint":25,"Question Card":43,"WarpedTongs":0,"Du-Vu Doll":10,"OrangePellets":0,"Bottled Flame":54,"Shuriken":3,"Bronze Scales":29,"Molten Egg 2":17,"Black Star":34,"Symbiotic Virus":9,"Pocketwatch":54,"Meat on the Bone":9,"Darkstone Periapt":46,"SacredBark":34,"Enchiridion":19,"Mango":43,"Juzu Bracelet":20,"Incense Burner":43,"Empty Cage":17,"PrismaticShard":41,"ClockworkSouvenir":20,"Frozen Eye":11,"SsserpentHead":30,"Nunchaku":55,"Emotion Chip":6,"Dream Catcher":9,"Mummified Hand":26,"Pantograph":52,"Gambling Chip":0,"Tiny Chest":26,"Red Mask":38,"Cracked Core":0,"Runic Pyramid":17,"Orichalcum":9,"White Beast Statue":54,"Mercury Hourglass":44,"Calling Bell":17,"Peace Pipe":17,"Strange Spoon":21,"DataDisk":23,"Anchor":9,"CaptainsWheel":34,"Bag of Marbles":9,"Membership Card":22,"TungstenRod":8,"FossilizedHelix":0},{"Whetstone":86,"Ginger":148,"Bottled Tornado":83,"Boot":73,"FrozenCore":144,"Old Coin":486,"Blood Vial":254,"Sundial":261,"Necronomicon":105,"Kunai":73,"Pear":184,"Pen Nib":467,"Akabeko":79,"Cables":179,"SlaversCollar":150,"Bird Faced Urn":91,"MutagenicStrength":104,"StrikeDummy":237,"Unceasing Top":132,"Lantern":149,"Regal Pillow":252,"Torii":99,"Singing Bowl":175,"StoneCalendar":489,"Bag of Preparation":291,"Smiling Mask":187,"Cursed Key":190,"Ancient Tea Set":360,"Shovel":91,"Matryoshka":214,"WingedGreaves":105,"Chemical X":69,"InkBottle":99,"Potion Belt":124,"Inserter":128,"Golden Idol":186,"Thread and Needle":91,"PreservedInsect":85,"Omamori":435,"Frozen Egg 2":63,"MawBank":77,"Nuclear Battery":106,"Busted Crown":287,"Ornamental Fan":108,"Bloody Idol":348,"Orrery":63,"Turnip":108,"Art of War":179,"Bottled Lightning":262,"Toy Ornithopter":488,"Ice Cream":103,"Mark of the Bloom":110,"Calipers":84,"Gremlin Horn":96,"Nilry\u0027s Codex":124,"CeramicFish":172,"Vajra":188,"Runic Capacitor":160,"Sozu":81,"Centennial Puzzle":95,"Lizard Tail":114,"HornCleat":131,"FaceOfCleric":211,"DollysMirror":135,"Strawberry":185,"Prayer Wheel":63,"Toxic Egg 2":137,"Girya":185,"Happy Flower":347,"Dead Branch":91,"Oddly Smooth Stone":207,"Letter Opener":543,"War Paint":103,"Question Card":155,"WarpedTongs":185,"Du-Vu Doll":96,"OrangePellets":91,"Bottled Flame":318,"Shuriken":115,"Bronze Scales":173,"Molten Egg 2":347,"Black Star":456,"Symbiotic Virus":217,"Pocketwatch":113,"Meat on the Bone":343,"Darkstone Periapt":539,"SacredBark":197,"Enchiridion":473,"Mango":337,"Juzu Bracelet":75,"Incense Burner":108,"Empty Cage":120,"PrismaticShard":457,"ClockworkSouvenir":192,"Frozen Eye":391,"SsserpentHead":533,"Nunchaku":90,"Emotion Chip":117,"Dream Catcher":164,"Mummified Hand":77,"Pantograph":112,"Gambling Chip":114,"Tiny Chest":194,"Red Mask":178,"Cracked Core":0,"Runic Pyramid":303,"Orichalcum":118,"White Beast Statue":517,"Mercury Hourglass":538,"Calling Bell":73,"Peace Pipe":73,"Strange Spoon":75,"DataDisk":102,"Anchor":390,"CaptainsWheel":479,"Bag of Marbles":68,"Membership Card":102,"TungstenRod":141,"FossilizedHelix":295},{"Whetstone":392,"Ginger":722,"Bottled Tornado":372,"Boot":315,"FrozenCore":705,"Old Coin":2578,"Blood Vial":1363,"Sundial":1401,"Necronomicon":486,"Kunai":315,"Pear":963,"Pen Nib":2461,"Akabeko":350,"Cables":901,"SlaversCollar":736,"Bird Faced Urn":436,"MutagenicStrength":482,"StrikeDummy":1251,"Unceasing Top":642,"Lantern":727,"Regal Pillow":1350,"Torii":466,"Singing Bowl":874,"StoneCalendar":2602,"Bag of Preparation":1576,"Smiling Mask":978,"Cursed Key":993,"Ancient Tea Set":1954,"Shovel":436,"Matryoshka":1129,"WingedGreaves":486,"Chemical X":295,"InkBottle":466,"Potion Belt":572,"Inserter":623,"Golden Idol":976,"Thread and Needle":436,"PreservedInsect":383,"Omamori":2280,"Frozen Egg 2":274,"MawBank":340,"Nuclear Battery":493,"Busted Crown":1558,"Ornamental Fan":500,"Bloody Idol":1884,"Orrery":274,"Turnip":500,"Art of War":901,"Bottled Lightning":1407,"Toy Ornithopter":2596,"Ice Cream":479,"Mark of the Bloom":508,"Calipers":375,"Gremlin Horn":455,"Nilry\u0027s Codex":572,"CeramicFish":855,"Vajra":981,"Runic Capacitor":787,"Sozu":365,"Centennial Puzzle":449,"Lizard Tail":530,"HornCleat":637,"FaceOfCleric":1108,"DollysMirror":658,"Strawberry":973,"Prayer Wheel":274,"Toxic Egg 2":675,"Girya":973,"Happy Flower":1880,"Dead Branch":436,"Oddly Smooth Stone":1077,"Letter Opener":2863,"War Paint":479,"Question Card":753,"WarpedTongs":973,"Du-Vu Doll":455,"OrangePellets":436,"Bottled Flame":1748,"Shuriken":533,"Bronze Scales":863,"Molten Egg 2":1880,"Black Star":2406,"Symbiotic Virus":1138,"Pocketwatch":517,"Meat on the Bone":1852,"Darkstone Periapt":2841,"SacredBark":1024,"Enchiridion":2491,"Mango":1832,"Juzu Bracelet":323,"Incense Burner":500,"Empty Cage":556,"PrismaticShard":2416,"ClockworkSouvenir":999,"Frozen Eye":2094,"SsserpentHead":2813,"Nunchaku":433,"Emotion Chip":541,"Dream Catcher":800,"Mummified Hand":340,"Pantograph":515,"Gambling Chip":530,"Tiny Chest":1005,"Red Mask":896,"Cracked Core":0,"Runic Pyramid":1643,"Orichalcum":543,"White Beast Statue":2747,"Mercury Hourglass":2837,"Calling Bell":315,"Peace Pipe":315,"Strange Spoon":323,"DataDisk":476,"Anchor":2091,"CaptainsWheel":2530,"Bag of Marbles":293,"Membership Card":476,"TungstenRod":690,"FossilizedHelix":1608}],"Pocketwatch":[144],"Mercury Hourglass":[102]},"card_choices":[{"not_picked":["Steam","Tempest"],"picked":"Conserve Battery","floor":1.0},{"not_picked":["Double Energy","Capacitor","Barrage"],"picked":"SKIP","floor":2.0},{"not_picked":["Darkness","Cold Snap"],"picked":"Leap","floor":4.0},{"not_picked":["Barrage","Stack"],"picked":"Conserve Battery","floor":5.0},{"not_picked":["Ball Lightning","Hologram","Capacitor"],"picked":"SKIP","floor":6.0},{"not_picked":["Steam","Sweeping Beam","Multi-Cast"],"picked":"SKIP","floor":7.0},{"not_picked":["Barrage","Coolheaded","Lockon"],"picked":"SKIP","floor":8.0},{"not_picked":["Leap","Cold Snap","Fusion"],"picked":"SKIP","floor":10.0},{"not_picked":["Rebound","Cold Snap","Redo"],"picked":"SKIP","floor":11.0},{"not_picked":["Doom and Gloom","Rebound","Aggregate"],"picked":"Singing Bowl","floor":14.0},{"not_picked":["Machine Learning","Electrodynamics"],"picked":"Reboot","floor":16.0},{"not_picked":["Cold Snap","Loop+1"],"picked":"White Noise","floor":18.0},{"not_picked":["Hologram","Cold Snap+1","Blizzard"],"picked":"Singing Bowl","floor":21.0},{"not_picked":["Turbo","Hello World"],"picked":"Go for the Eyes","floor":24.0},{"not_picked":["Fusion","Heatsinks","Reinforced Body"],"picked":"Singing Bowl","floor":28.0},{"not_picked":["Leap","Thunder Strike"],"picked":"Scrape","floor":31},{"not_picked":["Recycle+1","Steam"],"picked":"Gash+1","floor":32},{"not_picked":["Machine Learning","Fission"],"picked":"Seek","floor":33},{"not_picked":["Compile Driver+1","Storm","Lockon"],"picked":"Singing Bowl","floor":35},{"not_picked":["Cold Snap","Leap","Ball Lightning+1"],"picked":"Singing Bowl","floor":37},{"not_picked":["Hologram","Tempest","Blizzard"],"picked":"Singing Bowl","floor":39},{"not_picked":["Lockon+1","Heatsinks","Hologram"],"picked":"Singing Bowl","floor":46},{"not_picked":["Darkness","Defragment","Chill+1"],"picked":"Singing Bowl","floor":47},{"not_picked":["Defragment+1","Sunder"],"picked":"Beam Cell","floor":48},{"not_picked":["Fusion+1","Rainbow"],"picked":"Beam Cell","floor":54}],"player_experience":689751,"relics_obtained":[{"floor":9.0,"key":"FossilizedHelix"},{"floor":24.0,"key":"Centennial Puzzle"},{"floor":26.0,"key":"Dream Catcher"},{"floor":43,"key":"Mango"},{"floor":46,"key":"Darkstone Periapt"},{"floor":54,"key":"Letter Opener"}],"event_choices":[{"damage_healed":0.0,"max_hp_gain":0.0,"max_hp_loss":0.0,"gold_gain":0.0,"event_name":"Accursed Blacksmith","player_choice":"Forge","floor":3.0,"gold_loss":0.0,"damage_taken":0.0,"cards_upgraded":["Mayhem"]},{"damage_healed":0.0,"max_hp_gain":0.0,"max_hp_loss":0.0,"gold_gain":0.0,"event_name":"Drug Dealer","player_choice":"Inject Mutagens","floor":19.0,"gold_loss":0.0,"damage_taken":0.0,"relics_obtained":["MutagenicStrength"]},{"damage_healed":0,"gold_gain":0,"player_choice":"Trade","damage_taken":0,"relics_obtained":["SsserpentHead"],"max_hp_gain":0,"max_hp_loss":0,"event_name":"FaceTrader","floor":30,"gold_loss":0},{"damage_healed":0,"gold_gain":0,"player_choice":"Ignored","damage_taken":0,"max_hp_gain":0,"max_hp_loss":0,"event_name":"Mysterious Sphere","floor":38,"gold_loss":0},{"damage_healed":0,"gold_gain":0,"player_choice":"Max HP","damage_taken":0,"max_hp_gain":0,"max_hp_loss":4,"event_name":"Winding Halls","floor":41,"gold_loss":0},{"damage_healed":0,"gold_gain":0,"player_choice":"Ignored","damage_taken":0,"max_hp_gain":0,"max_hp_loss":0,"event_name":"NoteForYourself","floor":42,"gold_loss":0}],"is_beta":false,"boss_relics":[{"not_picked":["Cursed Key","Runic Pyramid","Astrolabe"]},{"not_picked":["Black Star","Philosopher\u0027s Stone"],"picked":"SlaversCollar"}],"items_purged_floors":[13,29,36,44],"is_endless":false,"potions_floor_spawned":[4,6,7,10,14,24,28,35,46,47],"ascension_level":0}}