{"host":"6n0q4j9kl9hs27he","time":1608216026,"event":{"mods":["BaseMod","Minty Spire (QoL Compilation)","The Servant 0.9.4"],"gold_per_floor":[115,133,133,133,146,146,1,18,18,18,29,42,62,81,81,179,179,199,213,159,170,183,183,37,55,55,65,76,1,1,17,17,17,17],"floor_reached":33,"playtime":1565,"items_purged":["Strike_S"],"score":247,"play_id":"99f391ba-b076-452d-8d74-31ff85d10349","local_time":"20201217064026","is_ascension_mode":false,"campfire_choices":[{"data":"Misdirection","floor":6,"key":"SMITH"},{"data":"WasteNot","floor":15,"key":"SMITH"},{"floor":23,"key":"REST"},{"data":"LightFlow","floor":30,"key":"SMITH"},{"data":"DoubleEdge","floor":32,"key":"SMITH"}],"circlet_count":0,"master_deck":["Strike_S","Strike_S+1","Strike_S","Defend_S","Defend_S","Defend_S","KidneyShot","Exchange","DoubleEdge+1","Misdirection+1","Ricochet","Unruled+1","Potential","Spin","MoonPhase","RealityMarble","WasteNot+1","LightFlow+1","Contraction+1","MoonPhase","Starlight","Defy+1","Unruled+1","DoubleEdge+1","Ricochet+1","GearUp","SilverBlades+1"],"relics":["Uniform","NeowsBlessing","Mummified Hand","Omamori","Whetstone","Velvet Choker","Lee\u0027s Waffle","Potion Belt"],"acts_visited":["Exordium","TheCity"],"potions_floor_usage":[16,16,16,25,27,33],"damage_taken":[{"damage":0,"enemies":"Small Slimes","floor":1,"turns":2},{"damage":0,"enemies":"2 Louse","floor":2,"turns":1},{"damage":0,"enemies":"Cultist","floor":5,"turns":1},{"damage":9,"enemies":"Large Slime","floor":8,"turns":7},{"damage":8,"enemies":"Lots of Slimes","floor":11,"turns":4},{"damage":6,"enemies":"Gremlin Gang","floor":12,"turns":3},{"damage":0,"enemies":"2 Fungi Beasts","floor":13,"turns":2},{"damage":0,"enemies":"3 Louse","floor":14,"turns":3},{"damage":17,"enemies":"Slime Boss","floor":16,"turns":7},{"damage":0,"enemies":"Spheric Guardian","floor":18,"turns":3},{"damage":9,"enemies":"Chosen","floor":19,"turns":3},{"damage":22,"enemies":"Snake Plant","floor":21,"turns":2},{"damage":25,"enemies":"Centurion and Healer","floor":22,"turns":5},{"damage":0,"enemies":"3 Cultists","floor":25,"turns":5},{"damage":7,"enemies":"Shelled Parasite and Fungi","floor":27,"turns":2},{"damage":3,"enemies":"Snecko","floor":28,"turns":4},{"damage":14,"enemies":"3 Cultists","floor":31,"turns":5},{"damage":56,"enemies":"Collector","floor":33,"turns":4}],"seed_played":"-4725337544496340696","potions_obtained":[{"floor":1,"key":"LiquidMemories"},{"floor":5,"key":"ColorlessPotion"},{"floor":12,"key":"Regen Potion"},{"floor":19,"key":"BlessingOfTheForge"},{"floor":22,"key":"Explosive Potion"},{"floor":28,"key":"SpeedPotion"},{"floor":31,"key":"EssenceOfSteel"}],"is_trial":false,"path_per_floor":["M","M","?","?","M","R","$","M","T","?","M","M","M","M","R","B",null,"M","M","$","M","M","R","$","M","T","M","M","$","R","M","R","B"],"character_chosen":"THE_SERVANT","items_purchased":["Omamori","Starlight","Lee\u0027s Waffle"],"campfire_rested":1,"item_purchase_floors":[7,20,24],"current_hp_per_floor":[65,65,65,65,65,65,65,56,56,56,48,42,42,42,42,39,65,65,56,56,34,9,28,72,72,72,65,62,62,62,48,48,0,0],"gold":17,"neow_bonus":"THREE_ENEMY_KILL","is_daily":false,"chose_seed":false,"campfire_upgraded":4,"win_rate":0.0,"timestamp":1608216026,"path_taken":["M","M","?","?","M","R","$","?","T","?","M","M","M","M","R","BOSS","M","M","$","M","M","R","$","M","T","?","M","$","R","M","R","BOSS"],"items_purchased_type":["Relic","Card","Relic"],"build_version":"2020-12-13","purchased_purges":1,"victory":false,"max_hp_per_floor":[65,65,65,65,65,65,65,65,65,65,65,65,65,65,65,65,65,65,65,65,65,65,65,72,72,72,72,72,72,72,72,72,72,72],"card_choices":[{"not_picked":["Shuttle","Comet"],"picked":"DoubleEdge","floor":1},{"not_picked":["Sabotage","GearUp"],"picked":"Misdirection","floor":2},{"not_picked":["Alleviate","Revamp"],"picked":"Ricochet","floor":5},{"not_picked":["DoubleEdge","SpecialFormula"],"picked":"Unruled","floor":8},{"not_picked":["Defy","Advance"],"picked":"Spin","floor":11},{"not_picked":["SurpressingFire","Revamp"],"picked":"MoonPhase","floor":12},{"not_picked":["InstantArmor","Luminosity"],"picked":"RealityMarble","floor":13},{"not_picked":["Potential","Alleviate"],"picked":"WasteNot","floor":14},{"not_picked":["Initiator","Solidify"],"picked":"LightFlow","floor":16},{"not_picked":["Ricochet","Potential+1"],"picked":"Contraction+1","floor":18},{"not_picked":["Ricochet","Starlight+1"],"picked":"MoonPhase","floor":19},{"not_picked":["Starlight","Unruled"],"picked":"Defy+1","floor":21},{"not_picked":["BottledTime+1","Starlight"],"picked":"Unruled+1","floor":22},{"not_picked":["SilverBlades+1","Reset"],"picked":"DoubleEdge+1","floor":25},{"not_picked":["FastForward","BottledTime"],"picked":"Ricochet+1","floor":27},{"not_picked":["Luminosity+1","Replace"],"picked":"GearUp","floor":28},{"not_picked":["Rewind","Foresight"],"picked":"SilverBlades+1","floor":31}],"player_experience":334524,"relics_obtained":[{"floor":9,"key":"Whetstone"},{"floor":26,"key":"Potion Belt"}],"event_choices":[{"damage_healed":0,"gold_gain":0,"player_choice":"Box","damage_taken":0,"relics_obtained":["Mummified Hand"],"max_hp_gain":0,"max_hp_loss":0,"event_name":"Big Fish","floor":3,"gold_loss":0,"cards_obtained":["Regret"]},{"cards_removed":["Regret"],"damage_healed":0,"gold_gain":0,"player_choice":"Removed Curses","damage_taken":0,"max_hp_gain":0,"max_hp_loss":0,"event_name":"Fountain of Cleansing","floor":4,"gold_loss":0},{"damage_healed":0,"gold_gain":0,"cards_transformed":["Defend_S"],"player_choice":"Transformed","damage_taken":0,"max_hp_gain":0,"max_hp_loss":0,"event_name":"Transmorgrifier","floor":10,"gold_loss":0,"cards_obtained":["Potential"]}],"is_beta":false,"boss_relics":[{"not_picked":["Runic Pyramid","Fusion Hammer"],"picked":"Velvet Choker"}],"items_purged_floors":[29],"is_endless":false,"potions_floor_spawned":[1,5,12,14,19,22,28,31],"killed_by":"Collector","ascension_level":0}}