{"host":"kag8mfq4or8nkqb2","time":1608234229,"event":{"mods":["2.2 Compatiblity","BaseMod","Downfall","Minty Spire (QoL Compilation)","StSLib"],"gold_per_floor":[99,549,549,579,579,579,579,579,504,529,529,321,134,145,165,165,165],"floor_reached":16,"playtime":2003,"items_purged":["Slimebound:Icky","Slimebound:Icky"],"score":165,"play_id":"fbca2fc4-db57-4aac-ad1e-385009e67ae7","local_time":"20201217194349","is_ascension_mode":true,"campfire_choices":[{"data":"Guardian:HyperBeam_Guardian","floor":1,"key":"SMITH"},{"floor":5,"key":"RECALL"},{"data":"Guardian:CurlUp","floor":9,"key":"SMITH"}],"circlet_count":0,"master_deck":["AscendersBane","Guardian:Strike_Guardian","Guardian:Strike_Guardian","Guardian:Strike_Guardian","Guardian:Strike_Guardian","Guardian:Defend_Guardian","Guardian:Defend_Guardian","Guardian:Defend_Guardian","Guardian:Defend_Guardian","Guardian:CurlUp+1","Guardian:TwinSlam","Guardian:HyperBeam_Guardian+1","Guardian:StasisStrike","Guardian:Gem_Fragmented","Guardian:Gem_Lightblue","Guardian:VentSteam","Guardian:ExploitGems","Guardian:Gem_Yellow","Guardian:Incinerate+1","Guardian:Harden","Guardian:Planning","Guardian:TimeSifter"],"relics":["Guardian:ModeShifter","Kunai","Pocketwatch","Guardian:PickAxe","Molten Egg 2","Guardian:StasisCodex","downfall:HeartBlessingRed","Matryoshka","Spirit Poop"],"acts_visited":["Exordium"],"potions_floor_usage":[16],"damage_taken":[{"damage":30,"enemies":"Lagavulin","floor":4,"turns":11},{"damage":4,"enemies":"3 Sentries","floor":10,"turns":7},{"damage":0,"enemies":"downfall:FleeingMerchant","floor":12,"turns":4},{"damage":0,"enemies":"downfall:FleeingMerchant","floor":13,"turns":4},{"damage":0,"enemies":"Small Slimes","floor":14,"turns":1},{"damage":0,"enemies":"Jaw Worm","floor":15,"turns":2},{"damage":27,"enemies":"downfall:Silent","floor":16,"turns":6}],"seed_played":"-1208760052253036434","potions_obtained":[{"floor":14,"key":"Guardian:BlockOnCardUsePotion"}],"is_trial":false,"path_per_floor":["R","?","T","E","R","?","T","T","R","E","?","$","$","M","M","B"],"character_chosen":"GUARDIAN","items_purchased":["Guardian:Gem_Yellow","Guardian:Incinerate+1","Guardian:Harden"],"campfire_rested":0,"item_purchase_floors":[12,12,13],"current_hp_per_floor":[72,72,72,42,42,30,30,30,30,26,26,26,26,26,26,0,0],"gold":165,"neow_bonus":"THREE_RARE_CARDS","is_daily":false,"chose_seed":false,"campfire_upgraded":2,"win_rate":0.0,"timestamp":1608234229,"path_taken":["R","?","?","E","R","?","T","?","R","E","?","$","$","M","M","BOSS"],"items_purchased_type":["Card","Card","Card"],"build_version":"2020-12-13","purchased_purges":2,"victory":false,"max_hp_per_floor":[72,72,72,72,72,72,72,72,72,72,72,72,72,72,72,72,72],"card_choices":[{"not_picked":["Guardian:FastForward","Guardian:AncientConstruct"],"picked":"Guardian:HyperBeam_Guardian","floor":0},{"not_picked":["Guardian:TemporalShield","Guardian:Gem_Lightblue"],"picked":"Guardian:StasisStrike","floor":4},{"not_picked":["Guardian:StasisEngine","Guardian:Gem_Red"],"picked":"Guardian:VentSteam","floor":10},{"not_picked":["Guardian:Orbwalk","Guardian:Gem_Blue"],"picked":"Guardian:ExploitGems","floor":12},{"not_picked":["Guardian:Reroute+1","Guardian:TemporalStrike+1","Guardian:CrystalBeam+1"],"picked":"SKIP","floor":13},{"not_picked":["Guardian:Gem_Crimson","Guardian:Gem_Green"],"picked":"Guardian:Planning","floor":14},{"not_picked":["Guardian:ShieldCharger","Guardian:GuardianWhirl+1"],"picked":"Guardian:TimeSifter","floor":15}],"player_experience":1035689,"relics_obtained":[{"floor":3,"key":"Kunai"},{"floor":4,"key":"Pocketwatch"},{"floor":7,"key":"Molten Egg 2"},{"floor":8,"key":"Guardian:StasisCodex"},{"floor":10,"key":"Matryoshka"}],"event_choices":[{"cards_removed":["Slimebound:Icky"],"damage_healed":0,"gold_gain":0,"player_choice":"Offered Curse","damage_taken":0,"relics_obtained":["Spirit Poop"],"max_hp_gain":0,"max_hp_loss":0,"event_name":"Bonfire Elementals","floor":11,"gold_loss":0}],"is_beta":false,"boss_relics":[],"items_purged_floors":[12,13],"is_endless":false,"potions_floor_spawned":[14],"killed_by":"downfall:Silent","ascension_level":12}}