{"host":"95i1gxnztdrdyvhi","time":1608237553,"event":{"mods":["AchievementEnabler","Act Like it!","BaseMod","Downfall","Minty Spire (QoL Compilation)","Quick Restart","StSLib"],"gold_per_floor":[99,118,144,163,13,13,38,23,39,64,49,67,84,184,198,198,198],"floor_reached":16,"playtime":1241,"items_purged":[],"score":112,"play_id":"e0bfefcb-3ec9-4bc9-b2a1-818d1b0338e1","local_time":"20201217203913","is_ascension_mode":false,"campfire_choices":[{"data":"champ:Taunt","floor":1,"key":"SMITH"},{"data":"champ:Balance","floor":6,"key":"SMITH"}],"circlet_count":0,"master_deck":["champ:Strike","champ:Strike","champ:Strike","champ:Strike","champ:Defend","champ:Defend","champ:Defend","champ:Defend","champ:Execute","champ:Taunt+1","champ:Balance+1","champ:FanOfKnives","champ:RisingSlash","champ:ViciousMockery","champ:Haymaker","champ:PerfectForm","champ:ViciousMockery"],"relics":["champ:ChampionCrown","TungstenRod","The Courier","champ:FightingForDummies","Tiny Chest"],"acts_visited":["Exordium"],"potions_floor_usage":[],"damage_taken":[{"damage":4,"enemies":"Jaw Worm","floor":2,"turns":4},{"damage":19,"enemies":"Gremlin Nob","floor":3,"turns":4},{"damage":4,"enemies":"Cultist","floor":4,"turns":3},{"damage":4,"enemies":"downfall:FleeingMerchant","floor":8,"turns":4},{"damage":4,"enemies":"Small Slimes","floor":9,"turns":3},{"damage":15,"enemies":"3 Sentries","floor":10,"turns":6},{"damage":4,"enemies":"downfall:FleeingMerchant","floor":11,"turns":4},{"damage":7,"enemies":"Blue Slaver","floor":12,"turns":3},{"damage":7,"enemies":"Exordium Wildlife","floor":13,"turns":4},{"damage":8,"enemies":"2 Fungi Beasts","floor":15,"turns":4},{"damage":76,"enemies":"downfall:Defect","floor":16,"turns":7}],"seed_played":"4601444517669331739","potions_obtained":[{"floor":3,"key":"SpeedPotion"},{"floor":4,"key":"EssenceOfSteel"},{"floor":9,"key":"DuplicationPotion"},{"floor":10,"key":"LiquidBronze"}],"is_trial":false,"path_per_floor":["R","M","E","M","?","R","T","$","M","E","$","M","M","?","M","B"],"character_chosen":"THE_CHAMP","items_purchased":[],"campfire_rested":0,"item_purchase_floors":[],"current_hp_per_floor":[81,81,70,71,91,91,91,91,91,86,87,85,83,83,81,5,5],"gold":198,"neow_bonus":"ONE_RARE_RELIC","is_daily":false,"chose_seed":false,"campfire_upgraded":2,"win_rate":0.0,"timestamp":1608237553,"path_taken":["R","M","E","M","?","R","T","$","M","E","?","M","M","?","M","BOSS"],"items_purchased_type":[],"build_version":"2020-12-13","purchased_purges":0,"victory":false,"max_hp_per_floor":[81,81,81,81,91,91,91,91,91,91,91,91,91,91,91,91,91],"card_choices":[{"not_picked":["champ:PerfectedStrike","champ:Encircle"],"picked":"champ:Balance","floor":2},{"not_picked":["champ:SkillfulDodge","champ:Shatter"],"picked":"champ:FanOfKnives","floor":3},{"not_picked":["champ:BerserkersShout","champ:DeathBlow"],"picked":"champ:RisingSlash","floor":4},{"not_picked":["champ:FalseCounter","champ:DeathBlow","champ:BerserkerStyle"],"picked":"SKIP","floor":8},{"not_picked":["champ:CrookedStrike","champ:Encircle"],"picked":"champ:ViciousMockery","floor":9},{"not_picked":["champ:GladiatorStyle","champ:ViciousMockery"],"picked":"champ:Haymaker","floor":10},{"not_picked":["champ:CheapShot","champ:Haymaker"],"picked":"champ:PerfectForm","floor":11},{"not_picked":["champ:Encircle","champ:FanOfKnives"],"picked":"champ:ViciousMockery","floor":12},{"not_picked":["champ:Encircle","champ:ShieldWall","champ:CrookedStrike"],"picked":"SKIP","floor":13},{"not_picked":["champ:DeathBlow","champ:DefensiveShout","champ:PerfectedStrike"],"picked":"SKIP","floor":15}],"player_experience":757315,"relics_obtained":[{"floor":3,"key":"The Courier"},{"floor":7,"key":"champ:FightingForDummies"},{"floor":10,"key":"Tiny Chest"}],"event_choices":[],"is_beta":false,"boss_relics":[],"items_purged_floors":[],"is_endless":false,"potions_floor_spawned":[3,4,9,10,15],"killed_by":"downfall:Defect","ascension_level":0}}