{"host":"p9t7qd83igtcp2bh","time":1608226968,"event":{"mods":["2.2 Compatiblity","AchievementEnabler","BaseMod","Colored Map","Colored Powertips","Custom Start","DeckTracker","Keyboard Shortcuts","Minty Spire (QoL Compilation)","Permanent Neow","StSLib","SuperFastMode","everything is the same but u backflip on backflip"],"gold_per_floor":[112,112,128,143,157,189,206,206,261,273,85,85,97,97,97,197,197,214,214,228,327,327,327,354,367,393,393,403,100,25,39,39,39,39],"floor_reached":33,"playtime":898,"items_purged":["Strike_P"],"score":430,"play_id":"2384dcc2-651c-4743-9aa1-936d9822a350","local_time":"20201218024248","is_ascension_mode":true,"campfire_choices":[{"floor":12.0,"key":"REST"},{"floor":15.0,"key":"REST"},{"data":"MentalFortress","floor":23.0,"key":"SMITH"},{"floor":27.0,"key":"REST"},{"data":"EmptyMind","floor":32,"key":"SMITH"}],"circlet_count":0,"master_deck":["AscendersBane","Defend_P","Defend_P","Defend_P","Eruption+1","Vigilance","BowlingBash","FlurryOfBlows","PathToVictory+1","Prostrate","SpiritShield","EmptyFist","FlurryOfBlows","Evaluate","Bandage Up","DeusExMachina","PathToVictory","InnerPeace","MentalFortress+1","TalkToTheHand","EmptyMind+1"],"relics":["PureWater","Orichalcum","Happy Flower","Empty Cage","Matryoshka","Ancient Tea Set","Bag of Marbles","Lizard Tail"],"acts_visited":["Exordium","TheCity"],"potions_floor_usage":[33],"damage_taken":[{"damage":8.0,"enemies":"Jaw Worm","floor":1.0,"turns":3.0},{"damage":0.0,"enemies":"Cultist","floor":3.0,"turns":2.0},{"damage":0.0,"enemies":"2 Louse","floor":4.0,"turns":2.0},{"damage":22.0,"enemies":"Large Slime","floor":5.0,"turns":4.0},{"damage":48.0,"enemies":"3 Sentries","floor":6.0,"turns":8.0},{"damage":0.0,"enemies":"Looter","floor":7.0,"turns":4.0},{"damage":0.0,"enemies":"Exordium Wildlife","floor":10.0,"turns":3.0},{"damage":4.0,"enemies":"3 Louse","floor":13.0,"turns":3.0},{"damage":18.0,"enemies":"Hexaghost","floor":16.0,"turns":8.0},{"damage":20.0,"enemies":"3 Byrds","floor":18.0,"turns":6.0},{"damage":21.0,"enemies":"Shell Parasite","floor":20.0,"turns":6.0},{"damage":18.0,"enemies":"Gremlin Leader","floor":24.0,"turns":6.0},{"damage":9.0,"enemies":"Snecko","floor":25.0,"turns":6.0},{"damage":21.0,"enemies":"3 Cultists","floor":28.0,"turns":7.0},{"damage":28,"enemies":"Shelled Parasite and Fungi","floor":31,"turns":6},{"damage":45,"enemies":"Automaton","floor":33,"turns":6}],"seed_played":"-5894255351272804831","potions_obtained":[{"floor":1.0,"key":"CultistPotion"},{"floor":5.0,"key":"Regen Potion"},{"floor":6.0,"key":"SkillPotion"},{"floor":16.0,"key":"SteroidPotion"},{"floor":24.0,"key":"SkillPotion"}],"is_trial":false,"path_per_floor":["M","?","M","M","M","E","M","?","T","M","$","R","M","?","R","B",null,"M","?","M","?","?","R","E","M","T","R","M","$","?","M","R","B"],"character_chosen":"WATCHER","items_purchased":["Evaluate","Bandage Up","Lizard Tail"],"campfire_rested":3,"item_purchase_floors":[11,11,29],"current_hp_per_floor":[57,57,57,57,35,2,2,2,2,2,2,23,19,19,40,26,61,45,45,28,28,28,28,14,9,9,30,13,13,13,25,25,0,0],"gold":39,"neow_bonus":"UPGRADE_CARD","is_daily":false,"chose_seed":false,"campfire_upgraded":2,"win_rate":0.0,"timestamp":1608226968,"path_taken":["M","?","M","M","?","E","M","?","T","M","$","R","M","?","R","BOSS","M","?","M","?","?","R","E","?","T","R","M","$","?","M","R","BOSS"],"items_purchased_type":["Card","Card","Relic"],"build_version":"2020-12-13","purchased_purges":1,"victory":false,"max_hp_per_floor":[72,72,72,72,72,72,72,72,72,72,72,72,72,72,72,72,72,72,72,72,72,72,72,72,72,72,72,72,72,72,72,72,72,72],"card_choices":[{"not_picked":["Indignation","FollowUp"],"picked":"BowlingBash","floor":1.0},{"not_picked":["CutThroughFate","Conclude"],"picked":"PathToVictory","floor":3.0},{"not_picked":["Crescendo","ClearTheMind"],"picked":"Prostrate","floor":4.0},{"not_picked":["FollowUp","TalkToTheHand"],"picked":"SpiritShield","floor":5.0},{"not_picked":["FlyingSleeves","FollowUp"],"picked":"EmptyFist","floor":6.0},{"not_picked":["Prostrate","Meditate"],"picked":"FlurryOfBlows","floor":7.0},{"not_picked":["CrushJoints","SashWhip","FlyingSleeves"],"picked":"SKIP","floor":10.0},{"not_picked":["BowlingBash","EmptyBody","FlyingSleeves"],"picked":"SKIP","floor":13.0},{"not_picked":["Brilliance","SpiritShield"],"picked":"DeusExMachina","floor":16.0},{"not_picked":["DeceiveReality+1","Wallop"],"picked":"PathToVictory","floor":18.0},{"not_picked":["EmptyFist","Crescendo","Consecrate"],"picked":"SKIP","floor":20.0},{"not_picked":["Brilliance","Conclude","Consecrate"],"picked":"SKIP","floor":24.0},{"not_picked":["WindmillStrike","Crescendo"],"picked":"TalkToTheHand","floor":25.0},{"not_picked":["JustLucky","Vengeance","Collect"],"picked":"SKIP","floor":28.0},{"not_picked":["ClearTheMind","SashWhip"],"picked":"EmptyMind","floor":31}],"player_experience":559468,"relics_obtained":[{"floor":6.0,"key":"Orichalcum"},{"floor":9.0,"key":"Happy Flower"},{"floor":24.0,"key":"Matryoshka"},{"floor":26.0,"key":"Ancient Tea Set"},{"floor":26.0,"key":"Bag of Marbles"}],"event_choices":[{"damage_healed":0.0,"max_hp_gain":0.0,"max_hp_loss":0.0,"gold_gain":0.0,"event_name":"Match and Keep!","player_choice":"1 cards matched","floor":2.0,"gold_loss":0.0,"damage_taken":0.0,"cards_obtained":["FlurryOfBlows"]},{"damage_healed":0.0,"max_hp_gain":0.0,"max_hp_loss":0.0,"gold_gain":0.0,"event_name":"Living Wall","player_choice":"Grow","floor":8.0,"gold_loss":0.0,"damage_taken":0.0,"cards_upgraded":["PathToVictory"]},{"damage_healed":0.0,"max_hp_gain":0.0,"max_hp_loss":0.0,"gold_gain":0.0,"event_name":"Golden Wing","player_choice":"Ignored","floor":14.0,"gold_loss":0.0,"damage_taken":0.0},{"damage_healed":0.0,"max_hp_gain":0.0,"max_hp_loss":0.0,"gold_gain":0.0,"event_name":"The Library","player_choice":"Read","floor":19.0,"gold_loss":0.0,"damage_taken":0.0,"cards_obtained":["InnerPeace"]},{"damage_healed":0.0,"max_hp_gain":0.0,"max_hp_loss":0.0,"gold_gain":99.0,"event_name":"Nest","player_choice":"Stole From Cult","floor":21.0,"gold_loss":0.0,"damage_taken":0.0},{"damage_healed":0.0,"max_hp_gain":0.0,"max_hp_loss":0.0,"gold_gain":0.0,"cards_transformed":["Strike_P"],"event_name":"Transmorgrifier","player_choice":"Transformed","floor":22.0,"gold_loss":0.0,"damage_taken":0.0,"cards_obtained":["MentalFortress"]},{"cards_removed":["Strike_P"],"damage_healed":0.0,"max_hp_gain":0.0,"max_hp_loss":0.0,"gold_gain":0.0,"event_name":"Beggar","player_choice":"Gave Gold","floor":30.0,"gold_loss":75.0,"damage_taken":0.0}],"is_beta":false,"boss_relics":[{"not_picked":["Runic Dome","Tiny House"],"picked":"Empty Cage"}],"items_purged_floors":[11],"is_endless":false,"potions_floor_spawned":[1,5,6,16,24],"killed_by":"Automaton","ascension_level":12}}