{"host":"6qohxdms6n72zb21","time":1608195888,"event":{"mods":["2.2 Compatiblity","Act Like it!","Ascension Reborn","BaseMod","Better Synergies","Downfall","Energized Spire","Hubris","Minty Spire (QoL Compilation)","Quick Restart","Replay The Spire","Spicy Shops","StSLib"],"gold_per_floor":[111,111,111,131,147,147,175,194,218,234,29,29,47,79,79,79,79],"floor_reached":16,"playtime":990,"items_purged":[],"score":112,"play_id":"27216648-63db-41a8-86ed-f9d742242299","local_time":"20201217040448","is_ascension_mode":true,"campfire_choices":[{"data":"Cloak And Dagger","floor":6,"key":"SMITH"},{"floor":15,"key":"REST"}],"circlet_count":0,"master_deck":["Strike_G","Strike_G","Strike_G","Strike_G","Strike_G","Defend_G","Defend_G","Defend_G","Defend_G","Defend_G","Survivor","Neutralize","Regret","Cloak And Dagger+1","Toxin Wave","Crippling Poison","Slice","Leg Sweep","Bane","Pot Of Greed","Pot Of Greed","Flying Knee","Die Die Die","Leg Sweep"],"relics":["Ring of the Snake","Pet Ghost","hubris:SphereOfDissonance","Grinning Jar","Membership Card","Iron Hammer","hubris:Towel","MealTicket"],"acts_visited":["Exordium"],"potions_floor_usage":[7,8,16],"damage_taken":[{"damage":3,"enemies":"Small Slimes","floor":1,"turns":3},{"damage":3,"enemies":"Cultist","floor":4,"turns":4},{"damage":9,"enemies":"Jaw Worm","floor":5,"turns":4},{"damage":19,"enemies":"Gremlin Nob","floor":7,"turns":5},{"damage":8,"enemies":"Exordium Wildlife","floor":8,"turns":5},{"damage":0,"enemies":"Looter","floor":10,"turns":2},{"damage":0,"enemies":"2 Fungi Beasts","floor":13,"turns":3},{"damage":18,"enemies":"3 Sentries","floor":14,"turns":5},{"damage":30,"enemies":"The Guardian","floor":16,"turns":13}],"seed_played":"7665928915317336104","potions_obtained":[{"floor":1,"key":"sneckomod:MuddlingPotion"},{"floor":4,"key":"Adrenaline Potion"},{"floor":5,"key":"Poison Potion"}],"is_trial":false,"path_per_floor":["M","?","$","M","M","R","E","M","T","M","$","?","M","E","R","B"],"character_chosen":"THE_SILENT","items_purchased":["Membership Card","Iron Hammer"],"campfire_rested":1,"item_purchase_floors":[11,11],"current_hp_per_floor":[67,67,67,64,55,55,36,28,28,28,28,28,28,10,31,1,1],"gold":79,"neow_bonus":"RANDOM_EVENT","is_daily":false,"chose_seed":false,"campfire_upgraded":1,"win_rate":0.0,"timestamp":1608195888,"path_taken":["M","?","$","?","M","R","E","M","T","?","$","?","M","E","R","BOSS"],"items_purchased_type":["Relic","Relic"],"build_version":"2020-12-13","purchased_purges":0,"victory":false,"max_hp_per_floor":[70,70,70,70,70,70,70,70,70,70,70,70,70,70,70,70,70],"card_choices":[{"not_picked":["hubris:SlightOfHand","Underhanded Strike"],"picked":"Cloak And Dagger","floor":1},{"not_picked":["Poisoned Stab","Well Laid Plans"],"picked":"Crippling Poison","floor":4},{"not_picked":["Sucker Punch","Bane"],"picked":"Slice","floor":5},{"not_picked":["hubris:Counter","Escape Plan"],"picked":"Leg Sweep","floor":7},{"not_picked":["Backflip","Cloak And Dagger"],"picked":"Bane","floor":8},{"not_picked":["Dodge and Roll","hubris:SlightOfHand"],"picked":"Flying Knee","floor":10},{"not_picked":["Quick Slash","Backflip"],"picked":"Die Die Die","floor":13},{"not_picked":["Flechettes","Hidden Blade"],"picked":"Leg Sweep","floor":14}],"player_experience":170118,"relics_obtained":[{"floor":7,"key":"hubris:SphereOfDissonance"},{"floor":9,"key":"Grinning Jar"},{"floor":14,"key":"MealTicket"}],"event_choices":[{"damage_healed":0,"gold_gain":0,"player_choice":"Box","damage_taken":0,"relics_obtained":["Pet Ghost"],"max_hp_gain":0,"max_hp_loss":0,"event_name":"Big Fish","floor":0,"gold_loss":0,"cards_obtained":["Regret"]},{"damage_healed":0,"gold_gain":0,"player_choice":"1 cards matched","damage_taken":0,"max_hp_gain":0,"max_hp_loss":0,"event_name":"Match and Keep!","floor":2,"gold_loss":0,"cards_obtained":["Toxin Wave"]}],"is_beta":false,"boss_relics":[],"items_purged_floors":[],"is_endless":false,"potions_floor_spawned":[1,4,5],"killed_by":"The Guardian","ascension_level":0}}