{"host":"684z1xpuwaoqmmh1","time":1608228187,"event":{"mods":["Bard","BaseMod","Downfall","Hermit","Jorbs\u0027s Wanderer Trilogy","Marisa????????","Minty Spire (QoL Compilation)","StSLib","The Hierophant","The Mystic","The Runesmith"],"gold_per_floor":[99,163,174,184,211,211,211,245,245,272,372,387,148,167,186,286,286,286,301,226,258,272,272,319,332,48,83,100,100,110,124,142,243,243,93,106,311,341,341,341,418,437,437,466,133,147,193,244,259,259,259,259,259],"floor_reached":52,"playtime":3451,"items_purged":["champ:Strike","champ:Strike","champ:Defend"],"score":1374,"play_id":"0d81161d-66e4-49a8-928e-12f27869acf0","local_time":"20201217200307","is_ascension_mode":true,"campfire_choices":[{"data":"champ:Taunt","floor":1.0,"key":"SMITH"},{"data":"champ:Duel","floor":6.0,"key":"SMITH"},{"floor":9.0,"key":"REST"},{"floor":18.0,"key":"RECALL"},{"data":"champ:EnchantShield","floor":20.0,"key":"SMITH"},{"data":"champ:CrownThrow","floor":23.0,"key":"SMITH"},{"data":"champ:EnchantSword","floor":35,"key":"SMITH"},{"data":"champ:CalledShot","floor":39,"key":"SMITH"},{"data":"champ:ShieldWall","floor":43,"key":"SMITH"}],"circlet_count":0,"master_deck":["AscendersBane","champ:Strike","champ:Strike","champ:Defend","champ:Defend","champ:Defend","champ:Execute","champ:Taunt+1","champ:Aggression+1","champ:RisingSlash","champ:Duel+1","champ:GladiatorStyle","champ:FlashCut","champ:Control","champ:EnchantShield+1","champ:BerserkerStyle","champ:CrownThrow+1","champ:RageSigil","champ:GladiatorsShout+1","champ:FaceSlap","champ:ShieldThrow","champ:Encircle+1","champ:CalledShot+1","champ:BringItOn+1","champ:DefensiveStyle+1","champ:CalledShot+1","champ:BerserkersShout","champ:ShieldWall+1","champ:AdrenalArmor","champ:EnchantSword+1","champ:DefensiveStyle","champ:BerserkerStyle","champ:IgnorePain","champ:Circumvent+1","champ:TornadoPunch+1"],"relics":["champ:ChampionCrown","Art of War","Juzu Bracelet","Regal Pillow","Bag of Preparation","Boot","White Beast Statue","Medical Kit","Runic Pyramid","downfall:HeartBlessingRed","Toy Ornithopter","Lee\u0027s Waffle","Potion Belt","Philosopher\u0027s Stone","downfall:HeartBlessingBlue","downfall:HeartBlessingGreen","Matryoshka","sneckomod:BlankCard","HornCleat","Bottled Flame","Anchor","War Paint","Pen Nib"],"acts_visited":["Exordium","TheCity","TheBeyond","TheEnding"],"potions_floor_usage":[37,38,46,49,50],"damage_taken":[{"damage":46.0,"enemies":"Lagavulin Event","floor":2.0,"turns":5.0},{"damage":18.0,"enemies":"2 Louse","floor":3.0,"turns":3.0},{"damage":9.0,"enemies":"Cultist","floor":4.0,"turns":3.0},{"damage":38.0,"enemies":"Lagavulin","floor":5.0,"turns":7.0},{"damage":32.0,"enemies":"3 Sentries","floor":8.0,"turns":5.0},{"damage":5.0,"enemies":"Lagavulin","floor":10.0,"turns":4.0},{"damage":46.0,"enemies":"downfall:LadyInBlue","floor":11.0,"turns":9.0},{"damage":0.0,"enemies":"Jaw Worm","floor":12.0,"turns":2.0},{"damage":30.0,"enemies":"downfall:FleeingMerchant","floor":13.0,"turns":5.0},{"damage":14.0,"enemies":"Exordium Wildlife","floor":14.0,"turns":4.0},{"damage":9.0,"enemies":"2 Fungi Beasts","floor":15.0,"turns":2.0},{"damage":24.0,"enemies":"downfall:Defect","floor":16.0,"turns":9.0},{"damage":38.0,"enemies":"3 Byrds","floor":19.0,"turns":7.0},{"damage":42.0,"enemies":"Gremlin Leader","floor":21.0,"turns":4.0},{"damage":5.0,"enemies":"Spheric Guardian","floor":22.0,"turns":2.0},{"damage":37.0,"enemies":"Snake Plant","floor":25.0,"turns":2.0},{"damage":9.0,"enemies":"downfall:FleeingMerchant","floor":26.0,"turns":4.0},{"damage":39.0,"enemies":"Book of Stabbing","floor":27.0,"turns":5.0},{"damage":43.0,"enemies":"Chosen and Byrds","floor":28.0,"turns":3.0},{"damage":23.0,"enemies":"3 Cultists","floor":30.0,"turns":5.0},{"damage":29.0,"enemies":"Sentry and Sphere","floor":31.0,"turns":5.0},{"damage":10.0,"enemies":"Centurion and Healer","floor":32.0,"turns":5.0},{"damage":63.0,"enemies":"downfall:Silent","floor":33.0,"turns":7.0},{"damage":17,"enemies":"3 Darklings","floor":36,"turns":4},{"damage":16,"enemies":"downfall:FleeingMerchant","floor":37,"turns":4},{"damage":80,"enemies":"Giant Head","floor":38,"turns":10},{"damage":24,"enemies":"3 Shapes","floor":42,"turns":4},{"damage":33,"enemies":"Nemesis","floor":44,"turns":3},{"damage":53,"enemies":"3 Darklings","floor":46,"turns":6},{"damage":36,"enemies":"Jaw Worm Horde","floor":49,"turns":3},{"damage":62,"enemies":"downfall:Watcher","floor":50,"turns":6},{"damage":179,"enemies":"downfall:CharBossMerchant","floor":52,"turns":8}],"seed_played":"-6252500059705185827","potions_obtained":[{"floor":2.0,"key":"Weak Potion"},{"floor":3.0,"key":"LiquidBronze"},{"floor":8.0,"key":"Guardian:BlockOnCardUsePotion"},{"floor":10.0,"key":"SteroidPotion"},{"floor":11.0,"key":"Fire Potion"},{"floor":14.0,"key":"sneckomod:MuddlingPotion"},{"floor":16.0,"key":"sneckomod:MuddlingPotion"},{"floor":19.0,"key":"Ancient Potion"},{"floor":21.0,"key":"GamblersBrew"},{"floor":22.0,"key":"SpeedPotion"},{"floor":25.0,"key":"Fire Potion"},{"floor":26.0,"key":"champ:OpenerPotion"},{"floor":27.0,"key":"LiquidBronze"},{"floor":28.0,"key":"SkillPotion"},{"floor":30.0,"key":"EntropicBrew"},{"floor":31.0,"key":"sneckomod:MuddlingPotion"},{"floor":32.0,"key":"Regen Potion"},{"floor":33.0,"key":"hexamod:EctoCoolerPotion"},{"floor":36,"key":"hexamod:EctoCoolerPotion"},{"floor":37,"key":"Weak Potion"},{"floor":38,"key":"SteroidPotion"},{"floor":40,"key":"Ancient Potion"},{"floor":46,"key":"EntropicBrew"},{"floor":49,"key":"BlessingOfTheForge"}],"is_trial":false,"path_per_floor":["R","?","M","M","E","R","T","E","R","E","?","M","$","M","M","B",null,"R","M","R","E","M","R","T","M","$","E","M","?","M","M","M","B",null,"R","M","$","E","R","?","T","M","R","E","?","M","?","T","M","B",null,"E"],"character_chosen":"THE_CHAMP","items_purchased":["Medical Kit","Lee\u0027s Waffle","champ:BerserkersShout"],"campfire_rested":1,"item_purchase_floors":[13,26,26],"current_hp_per_floor":[81,57,57,57,42,42,42,19,61,61,41,41,36,31,31,22,73,73,63,63,53,58,58,58,44,97,83,76,76,64,56,56,58,87,97,97,102,75,75,75,75,75,75,75,120,114,114,114,100,105,116,0,0],"gold":259,"neow_bonus":"THREE_CARDS","is_daily":false,"chose_seed":false,"campfire_upgraded":7,"win_rate":0.0,"timestamp":1608228187,"path_taken":["R","?","M","M","E","R","T","E","R","E","?","M","$","M","M","BOSS","R","M","R","E","M","R","T","M","?","E","M","?","M","M","M","BOSS","R","M","$","E","R","?","T","M","R","E","?","M","?","?","M","BOSS","E"],"items_purchased_type":["Relic","Relic","Card"],"build_version":"2020-12-13","purchased_purges":3,"victory":false,"max_hp_per_floor":[90,90,90,90,90,90,90,90,90,90,90,90,90,90,90,90,90,90,90,90,90,90,90,90,90,97,97,97,97,97,97,97,97,97,107,107,107,107,107,107,107,107,107,107,120,120,120,120,120,120,120,120,120],"card_choices":[{"not_picked":["champ:CrookedStrike","champ:PerfectedStrike"],"picked":"champ:Aggression","floor":0.0},{"not_picked":["champ:BladeFlurry","champ:CalledShot"],"picked":"champ:RisingSlash","floor":2.0},{"not_picked":["champ:RapidStrikes","champ:Riposte"],"picked":"champ:Duel","floor":3.0},{"not_picked":["champ:StanceDance","champ:SwordSigil"],"picked":"champ:GladiatorStyle","floor":4.0},{"not_picked":["champ:Duel","champ:EnGarde"],"picked":"champ:FlashCut","floor":5.0},{"not_picked":["champ:RisingSlash","champ:TornadoPunch"],"picked":"champ:Control","floor":8.0},{"not_picked":["champ:SwordSigil","champ:Balance"],"picked":"champ:EnchantShield","floor":10.0},{"not_picked":["champ:FanOfKnives","champ:SkillfulDodge"],"picked":"champ:BerserkerStyle","floor":11.0},{"not_picked":["champ:Circumvent","champ:Backstep"],"picked":"champ:CrownThrow","floor":12.0},{"not_picked":["champ:HeartStrike","champ:BladeFlurry"],"picked":"champ:RageSigil","floor":13.0},{"not_picked":["champ:SwordSigil","champ:BladeFlurry"],"picked":"champ:GladiatorsShout","floor":14.0},{"not_picked":["champ:CrookedStrike","champ:BringItOn"],"picked":"champ:FaceSlap","floor":15.0},{"not_picked":["champ:EnchantSword","champ:SteelEdge"],"picked":"champ:ShieldThrow","floor":16.0},{"not_picked":["champ:SwordSigil+1","champ:ShieldSigil"],"picked":"champ:Encircle+1","floor":19.0},{"not_picked":["champ:BerserkersShout","champ:GladiatorsShout"],"picked":"champ:CalledShot+1","floor":21.0},{"not_picked":["champ:FlashCut+1","champ:EnragedBash"],"picked":"champ:BringItOn+1","floor":22.0},{"not_picked":["champ:FocusedDefense","champ:GladiatorStyle"],"picked":"champ:DefensiveStyle+1","floor":25.0},{"not_picked":["champ:StanceDance","champ:FocusedGladiator"],"picked":"champ:CalledShot","floor":26.0},{"not_picked":["champ:TornadoPunch+1","champ:RageSigil"],"picked":"champ:ShieldWall","floor":27.0},{"not_picked":["champ:PerfectedStrike+1","champ:EnragedBash"],"picked":"champ:AdrenalArmor","floor":28.0},{"not_picked":["champ:Encircle+1","champ:BringItOn"],"picked":"champ:EnchantSword","floor":30.0},{"not_picked":["champ:FanOfKnives","champ:Haymaker"],"picked":"champ:DefensiveStyle","floor":31.0},{"not_picked":["champ:FlashCut","champ:CrookedStrike"],"picked":"champ:BerserkerStyle","floor":32.0},{"not_picked":["champ:SteelEdge","champ:ShieldThrow"],"picked":"champ:IgnorePain","floor":33.0},{"not_picked":["champ:Duel","champ:BringItOn+1"],"picked":"champ:Circumvent+1","floor":36},{"not_picked":["champ:ArenaPreparation","champ:Lariat","champ:SwordSigil"],"picked":"SKIP","floor":37},{"not_picked":["champ:HeartStrike","champ:AdrenalArmor"],"picked":"champ:TornadoPunch+1","floor":38},{"not_picked":["champ:BladeFlurry+1","champ:EnragedBash+1","champ:Balance+1"],"picked":"SKIP","floor":42},{"not_picked":["champ:Shatter","champ:GladiatorsShout+1","champ:Circumvent"],"picked":"SKIP","floor":44},{"not_picked":["champ:Shatter","champ:FanOfKnives+1","champ:AdrenalArmor"],"picked":"SKIP","floor":46},{"not_picked":["champ:GladiatorStyle+1","champ:Riposte+1","champ:PerfectedStrike+1"],"picked":"SKIP","floor":49}],"player_experience":2353265,"relics_obtained":[{"floor":2.0,"key":"Art of War"},{"floor":5.0,"key":"Juzu Bracelet"},{"floor":7.0,"key":"Regal Pillow"},{"floor":8.0,"key":"Bag of Preparation"},{"floor":10.0,"key":"Boot"},{"floor":11.0,"key":"White Beast Statue"},{"floor":21.0,"key":"Toy Ornithopter"},{"floor":27.0,"key":"Potion Belt"},{"floor":38,"key":"Matryoshka"},{"floor":41,"key":"sneckomod:BlankCard"},{"floor":41,"key":"HornCleat"},{"floor":44,"key":"Bottled Flame"},{"floor":47,"key":"Anchor"},{"floor":47,"key":"War Paint"},{"floor":48,"key":"Pen Nib"}],"event_choices":[{"damage_healed":0.0,"max_hp_gain":0.0,"max_hp_loss":0.0,"gold_gain":0.0,"event_name":"Ghosts","player_choice":"Ignored","floor":29.0,"gold_loss":0.0,"damage_taken":0.0},{"damage_healed":0,"gold_gain":0,"player_choice":"Got Potions","damage_taken":0,"max_hp_gain":0,"max_hp_loss":0,"event_name":"Lab","floor":40,"gold_loss":0}],"is_beta":false,"boss_relics":[{"not_picked":["Tiny House","Velvet Choker"],"picked":"Runic Pyramid"},{"not_picked":["SlaversCollar","Sozu"],"picked":"Philosopher\u0027s Stone"}],"items_purged_floors":[13,26,37],"is_endless":false,"potions_floor_spawned":[2,3,8,10,12,13,14,15,16,19,21,22,25,26,27,28,30,31,32,33,36,37,38,42,44,46,49],"killed_by":"downfall:CharBossMerchant","ascension_level":11}}