{"host":"Sumable","time":1608170428,"event":{"mods":["AchievementEnabler","BaseMod","Better Note","BetterRewards","Googly Eyes","Hermit","Minty Spire (QoL Compilation)","Quick Restart","Shop Mod","StSLib","The Cursed","everything is the same but u backflip on backflip","slay the spire mod where everything is the same but ironclad has a cowboy hat"],"gold_per_floor":[110,127,127,127,147,147,173,189,189,189,205,17,32,32,32,32,32],"floor_reached":16,"playtime":499,"items_purged":[],"score":166,"play_id":"acf7418e-919f-44ab-85a1-7edc3017b77a","local_time":"20201216190028","is_ascension_mode":true,"campfire_choices":[{"data":"Flex","floor":6,"key":"SMITH"},{"floor":15,"key":"REST"}],"circlet_count":0,"master_deck":["AscendersBane","Strike_R","Strike_R","Strike_R","Strike_R","Strike_R","Defend_R","Defend_R","Defend_R","Defend_R","Bash","Bloodletting","Pommel Strike","Regret","Flex+1","Cleave","Sword Boomerang","Limit Break","Rupture","Headbutt","Cleave"],"relics":["Burning Blood","NeowsBlessing","Potion Belt","HornCleat","Regal Pillow","The Courier"],"acts_visited":["Exordium"],"potions_floor_usage":[7,7,8,13,14],"damage_taken":[{"damage":0,"enemies":"Small Slimes","floor":1,"turns":1},{"damage":0,"enemies":"Jaw Worm","floor":2,"turns":1},{"damage":0,"enemies":"Cultist","floor":5,"turns":1},{"damage":57,"enemies":"3 Sentries","floor":7,"turns":13},{"damage":4,"enemies":"Gremlin Gang","floor":8,"turns":3},{"damage":17,"enemies":"Red Slaver","floor":11,"turns":2},{"damage":3,"enemies":"Looter","floor":13,"turns":2},{"damage":0,"enemies":"Lots of Slimes","floor":14,"turns":1},{"damage":65,"enemies":"Slime Boss","floor":16,"turns":7}],"seed_played":"-1162057815345952123","potions_obtained":[{"floor":1,"key":"EssenceOfSteel"},{"floor":2,"key":"LiquidBronze"},{"floor":7,"key":"Block Potion"}],"is_trial":false,"path_per_floor":["M","M","?","?","M","R","E","M","T","?","M","$","M","M","R","B"],"character_chosen":"IRONCLAD","items_purchased":["Rupture","SmokeBomb","Headbutt","Block Potion"],"campfire_rested":1,"item_purchase_floors":[12,12,12,12],"current_hp_per_floor":[78,80,68,68,74,74,23,25,25,25,14,14,17,23,62,0,0],"gold":32,"neow_bonus":"THREE_ENEMY_KILL","is_daily":false,"chose_seed":false,"campfire_upgraded":1,"win_rate":0.0,"timestamp":1608170428,"path_taken":["M","M","?","?","M","R","E","M","T","?","?","?","?","M","R","BOSS"],"items_purchased_type":["Card","Potion","Card","Potion"],"build_version":"2020-12-07","purchased_purges":0,"victory":false,"max_hp_per_floor":[80,80,80,80,80,80,80,80,80,80,80,80,80,80,80,80,80],"card_choices":[{"not_picked":["Burning Pact","Clothesline"],"picked":"Bloodletting","floor":1},{"not_picked":["Sever Soul","Entrench"],"picked":"Pommel Strike","floor":2},{"not_picked":["Dropkick","Dark Embrace"],"picked":"Flex","floor":5},{"not_picked":["Flex","Brutality"],"picked":"Cleave","floor":7},{"not_picked":["Body Slam","True Grit"],"picked":"Sword Boomerang","floor":8},{"not_picked":["Clash","Searing Blow"],"picked":"Limit Break","floor":11},{"not_picked":["Battle Trance","Anger"],"picked":"Cleave","floor":13}],"player_experience":1002170,"relics_obtained":[{"floor":7,"key":"Regal Pillow"},{"floor":9,"key":"The Courier"}],"event_choices":[{"damage_healed":0,"gold_gain":0,"player_choice":"Success","damage_taken":12,"relics_obtained":["Potion Belt"],"max_hp_gain":0,"max_hp_loss":0,"event_name":"Scrap Ooze","floor":3,"gold_loss":0},{"damage_healed":0,"gold_gain":0,"player_choice":"Box","damage_taken":0,"relics_obtained":["HornCleat"],"max_hp_gain":0,"max_hp_loss":0,"event_name":"Big Fish","floor":4,"gold_loss":0,"cards_obtained":["Regret"]},{"damage_healed":0,"gold_gain":0,"player_choice":"Ignored","damage_taken":0,"max_hp_gain":0,"max_hp_loss":0,"event_name":"Shining Light","floor":10,"gold_loss":0}],"is_beta":true,"boss_relics":[],"items_purged_floors":[],"is_endless":false,"potions_floor_spawned":[1,2,7,14],"killed_by":"Slime Boss","ascension_level":12}}