{"host":"yy8mitdds7tg9c5m","time":1608178955,"event":{"mods":["Act Like it!","AlwaysNeverKeys","BaseMod","Better Note","Better Third Choice","Duelist Mod","GifTheSpireLib","Minty Spire (QoL Compilation)","Permanent Neow","Quick Restart","StSLib","egg"],"gold_per_floor":[141,57,57,57,69,69,103,103,103,118,118,118,118],"floor_reached":12,"playtime":565,"items_purged":[],"score":152,"play_id":"1f6d201a-4336-4df3-9e28-0d41584ddfc4","local_time":"20201217002235","is_ascension_mode":true,"campfire_choices":[{"data":"theDuelist:Wasteland","floor":6.0,"key":"SMITH"},{"floor":8.0,"key":"REST"}],"circlet_count":0,"master_deck":["theDuelist:ArchfiendSoldier","theDuelist:ArmoredZombie","AscendersBane","theDuelist:CastleWalls","theDuelist:CastleWalls","theDuelist:ClownZombie","theDuelist:PatricianDarkness","theDuelist:ShallowGrave","theDuelist:Sparks","theDuelist:Sparks","theDuelist:SummonedSkull","theDuelist:GhostrickYeti","theDuelist:GiantAxeMummy+1","theDuelist:Wasteland+1","Injury"],"relics":["theDuelist:MillenniumPuzzle","theDuelist:CardPoolRelic","theDuelist:CardPoolBasicRelic","theDuelist:BoosterPackPoolRelic","theDuelist:CardPoolAddRelic","theDuelist:CardPoolMinusRelic","theDuelist:CardPoolSaveRelic","theDuelist:CardPoolOptionsRelic","Happy Flower","Blue Candle","Golden Idol"],"acts_visited":["Exordium"],"potions_floor_usage":[12],"damage_taken":[{"damage":0.0,"enemies":"2 Louse","floor":1.0,"turns":3.0},{"damage":0.0,"enemies":"Cultist","floor":5.0,"turns":4.0},{"damage":22.0,"enemies":"3 Sentries","floor":7.0,"turns":9.0},{"damage":1.0,"enemies":"Small Slimes","floor":10.0,"turns":3.0},{"damage":12,"enemies":"Gremlin Nob","floor":12,"turns":3}],"seed_played":"-325691346423154319","potions_obtained":[{"floor":1.0,"key":"Energy Potion"},{"floor":10.0,"key":"FearPotion"}],"is_trial":false,"path_per_floor":["M","$","?","$","M","R","E","R","T","M","?","E"],"character_chosen":"THE_DUELIST","items_purchased":["theDuelist:GiantAxeMummy"],"campfire_rested":1,"item_purchase_floors":[2],"current_hp_per_floor":[63,63,63,63,63,63,41,62,62,61,61,49,49],"gold":118,"neow_bonus":"THREE_CARDS","is_daily":false,"chose_seed":false,"campfire_upgraded":1,"win_rate":0.0,"timestamp":1608178955,"path_taken":["M","$","?","?","M","R","E","R","T","M","?","E"],"items_purchased_type":["Card"],"build_version":"2020-12-13","purchased_purges":0,"victory":false,"max_hp_per_floor":[70,70,70,70,70,70,70,70,70,70,70,70,70],"card_choices":[{"not_picked":["theDuelist:Relinkuriboh","theDuelist:GhostrickGhoul"],"picked":"theDuelist:GhostrickYeti","floor":0.0},{"not_picked":["theDuelist:VampireScarletScourge","theDuelist:VampireRedBaron","theDuelist:VampireHunter","theDuelist:VampireGrimson","theDuelist:VampireGrace"],"picked":"SKIP","floor":1.0},{"not_picked":["theDuelist:FeatherShot","theDuelist:VendreadAnima","theDuelist:Pumprincess","theDuelist:ImmortalRuler"],"picked":"theDuelist:Wasteland","floor":5.0},{"not_picked":["theDuelist:BottomlessTrapHole","theDuelist:AcidTrapHole","theDuelist:FiendishChain","theDuelist:VendreadRevolution","theDuelist:VendreadReorigin"],"picked":"SKIP","floor":7.0},{"not_picked":["theDuelist:TwinHeadedWolf","theDuelist:VendreadRevolution","theDuelist:Tengu","theDuelist:VampireGrimson","theDuelist:ZombiePowerStruggle"],"picked":"SKIP","floor":10.0}],"player_experience":266255,"relics_obtained":[{"floor":7.0,"key":"Happy Flower"},{"floor":9.0,"key":"Blue Candle"}],"event_choices":[{"damage_healed":0.0,"max_hp_gain":0.0,"max_hp_loss":0.0,"gold_gain":0.0,"event_name":"Upgrade Shrine","player_choice":"Upgraded","floor":3.0,"gold_loss":0.0,"damage_taken":0.0,"cards_upgraded":["theDuelist:GiantAxeMummy"]},{"damage_healed":0.0,"max_hp_gain":0.0,"max_hp_loss":0.0,"gold_gain":0.0,"event_name":"Golden Idol","player_choice":"Take Wound","floor":11.0,"gold_loss":0.0,"damage_taken":0.0,"relics_obtained":["Golden Idol"],"cards_obtained":["Injury"]}],"is_beta":false,"boss_relics":[],"items_purged_floors":[],"is_endless":false,"potions_floor_spawned":[1,10],"killed_by":"Gremlin Nob","ascension_level":20}}