{"host":"a1eatafr7pisesky","time":1608202410,"event":{"mods":["BaseMod","Colored Map","DeckTracker","Highlight Path","Keyboard Shortcuts","Minty Spire (QoL Compilation)","Permanent Neow","Random Character Button","StSLib","SuperFastMode","everything is the same but u backflip on backflip"],"gold_per_floor":[112,112,128,152,176,217,217,261,261,41,41,66,36,69,69,194,194,213,226,249,13,32,71,71,71,71,71,71,71,94,109,109,230,230,248,148,1147,1167,98,98,139,139,139,180,193,293,46,85,85,85,85,85,15,50,50],"floor_reached":56,"playtime":2092,"items_purged":["Strike_R","Strike_R","Strike_R","Normality","Normality"],"score":1815,"play_id":"6623cf6a-279a-4247-9475-dc6e3e1c2cfd","local_time":"20201217195330","is_ascension_mode":true,"campfire_choices":[{"floor":7.0,"key":"REST"},{"data":"Feel No Pain","floor":11.0,"key":"SMITH"},{"data":"Second Wind","floor":15.0,"key":"SMITH"},{"data":"Barricade","floor":24.0,"key":"SMITH"},{"data":"Parasite","floor":27.0,"key":"PURGE"},{"data":"Strike_R","floor":29,"key":"PURGE"},{"floor":32,"key":"REST"},{"data":"Normality","floor":40,"key":"PURGE"},{"floor":49,"key":"RECALL"},{"data":"Power Through","floor":52,"key":"SMITH"}],"circlet_count":0,"master_deck":["Defend_R","Defend_R","Defend_R","Defend_R","Bash","Disarm","Evolve","Carnage","Power Through+1","Shrug It Off","Feel No Pain+1","Second Wind+1","Immolate","Barricade+1","Shrug It Off","Twin Strike","Offering","Burning Pact","Dual Wield+1","Decay","Body Slam+1","Impervious"],"relics":["Burning Blood","Golden Idol","Singing Bowl","Sundial","Letter Opener","Lee\u0027s Waffle","The Courier","Cursed Key","Happy Flower","Gambling Chip","Peace Pipe","Runic Pyramid","Membership Card","Bronze Scales","Boot","Kunai","Nunchaku","White Beast Statue","Juzu Bracelet","StoneCalendar","Lantern","Orichalcum","Art of War","Toy Ornithopter","Paper Frog","Vajra","MealTicket","InkBottle","Blood Vial","Oddly Smooth Stone"],"acts_visited":["Exordium","TheCity","TheBeyond","TheEnding"],"potions_floor_usage":[33,50,50,50,55,55],"damage_taken":[{"damage":16.0,"enemies":"Small Slimes","floor":1.0,"turns":4.0},{"damage":7.0,"enemies":"Jaw Worm","floor":3.0,"turns":5.0},{"damage":0.0,"enemies":"Cultist","floor":4.0,"turns":3.0},{"damage":15.0,"enemies":"3 Louse","floor":5.0,"turns":5.0},{"damage":32.0,"enemies":"Gremlin Nob","floor":6.0,"turns":5.0},{"damage":24.0,"enemies":"Lagavulin","floor":8.0,"turns":9.0},{"damage":47.0,"enemies":"Exordium Wildlife","floor":12.0,"turns":9.0},{"damage":36.0,"enemies":"3 Sentries","floor":14.0,"turns":10.0},{"damage":17.0,"enemies":"The Guardian","floor":16.0,"turns":13.0},{"damage":16.0,"enemies":"Shell Parasite","floor":18.0,"turns":8.0},{"damage":0.0,"enemies":"Spheric Guardian","floor":19.0,"turns":8.0},{"damage":28.0,"enemies":"Snake Plant","floor":20.0,"turns":9.0},{"damage":35.0,"enemies":"3 Cultists","floor":22.0,"turns":7.0},{"damage":7.0,"enemies":"Slavers","floor":23.0,"turns":6.0},{"damage":10,"enemies":"Chosen and Byrds","floor":30,"turns":7},{"damage":5,"enemies":"Snake Plant","floor":31,"turns":6},{"damage":38,"enemies":"Automaton","floor":33,"turns":16},{"damage":6,"enemies":"Orb Walker","floor":35,"turns":4},{"damage":6,"enemies":"3 Darklings","floor":38,"turns":6},{"damage":6,"enemies":"Giant Head","floor":41,"turns":12},{"damage":37,"enemies":"Nemesis","floor":44,"turns":9},{"damage":31,"enemies":"Spire Growth","floor":45,"turns":6},{"damage":19,"enemies":"Reptomancer","floor":48,"turns":5},{"damage":0,"enemies":"Time Eater","floor":50,"turns":4},{"damage":31,"enemies":"Shield and Spear","floor":54,"turns":4},{"damage":44,"enemies":"The Heart","floor":55,"turns":10}],"seed_played":"-7998355490894988311","potions_obtained":[{"floor":4.0,"key":"ElixirPotion"},{"floor":8.0,"key":"BloodPotion"},{"floor":12.0,"key":"SpeedPotion"},{"floor":13.0,"key":"EntropicBrew"},{"floor":16.0,"key":"SneckoOil"},{"floor":19.0,"key":"FearPotion"},{"floor":20.0,"key":"HeartOfIron"},{"floor":31,"key":"BlessingOfTheForge"},{"floor":35,"key":"PowerPotion"},{"floor":54,"key":"Block Potion"}],"is_trial":false,"path_per_floor":["M","?","M","M","M","E","R","E","T","$","R","M","?","E","R","B",null,"M","M","M","$","M","E","R","?","T","R","T","R","M","M","R","B",null,"M","$","?","M","$","R","E","?","T","E","M","?","$","E","R","B",null,"R","$","E","B",null],"character_chosen":"IRONCLAD","items_purchased":["Lee\u0027s Waffle","Twin Strike","Happy Flower","Membership Card","Burning Pact","Bronze Scales","Boot","Kunai","Nunchaku","White Beast Statue","Juzu Bracelet","StoneCalendar","Lantern","Orichalcum","Art of War","Toy Ornithopter","Strength Potion","Strength Potion","MealTicket","InkBottle","DistilledChaos","FairyPotion"],"campfire_rested":2,"item_purchase_floors":[10,21,21,39,39,39,39,39,39,39,39,39,39,39,39,39,39,39,47,47,53,53],"current_hp_per_floor":[62,42,41,47,38,12,36,18,18,87,87,48,48,18,18,24,73,65,73,51,51,24,25,25,25,25,25,25,25,23,26,55,23,79,81,81,81,83,83,83,83,83,83,54,31,31,31,20,20,43,92,92,107,83,57],"gold":50,"neow_bonus":"TRANSFORM_CARD","is_daily":false,"chose_seed":false,"campfire_upgraded":4,"win_rate":0.0,"timestamp":1608202410,"path_taken":["M","?","M","M","M","E","R","E","T","$","R","M","?","E","R","BOSS","M","?","M","$","M","E","R","?","T","R","?","R","M","M","R","BOSS","M","$","?","M","$","R","E","?","T","E","M","?","$","E","R","BOSS","R","$","E","BOSS"],"items_purchased_type":["Relic","Card","Relic","Relic","Card","Relic","Relic","Relic","Relic","Relic","Relic","Relic","Relic","Relic","Relic","Relic","Potion","Potion","Relic","Relic","Potion","Potion"],"build_version":"2020-12-13","purchased_purges":5,"victory":true,"max_hp_per_floor":[80,80,80,80,80,80,80,80,80,87,87,89,89,89,89,89,89,91,93,93,93,95,97,97,97,97,94,94,94,96,98,98,98,98,100,100,100,102,102,102,102,102,102,104,106,106,106,108,108,108,108,108,108,108,108],"card_choices":[{"not_picked":["Pommel Strike","Burning Pact"],"picked":"Evolve","floor":1.0},{"not_picked":["Havoc","True Grit"],"picked":"Carnage","floor":3.0},{"not_picked":["Headbutt","Clash"],"picked":"Power Through","floor":4.0},{"not_picked":["Fire Breathing","Pommel Strike"],"picked":"Shrug It Off","floor":5.0},{"not_picked":["Clothesline","Thunderclap"],"picked":"Feel No Pain","floor":6.0},{"not_picked":["Thunderclap","True Grit"],"picked":"Second Wind","floor":8.0},{"not_picked":["Clothesline","Havoc","Sword Boomerang"],"picked":"Singing Bowl","floor":12.0},{"not_picked":["Perfected Strike","Evolve"],"picked":"Immolate","floor":14.0},{"not_picked":["Juggernaut","Demon Form"],"picked":"Barricade","floor":16.0},{"not_picked":["Perfected Strike+1","Uppercut","Iron Wave+1"],"picked":"Singing Bowl","floor":18.0},{"not_picked":["Sentinel","Pommel Strike+1","Cleave+1"],"picked":"Singing Bowl","floor":19.0},{"not_picked":["Headbutt","Warcry"],"picked":"Shrug It Off","floor":20.0},{"not_picked":["Corruption","Uppercut","Headbutt"],"picked":"Singing Bowl","floor":22.0},{"not_picked":["Sword Boomerang","Ghostly Armor","Thunderclap"],"picked":"Singing Bowl","floor":23.0},{"not_picked":["Clash","Perfected Strike","Armaments+1"],"picked":"Singing Bowl","floor":30},{"not_picked":["Shrug It Off","Headbutt","Twin Strike"],"picked":"Singing Bowl","floor":31},{"not_picked":["Bludgeon","Immolate"],"picked":"Offering","floor":33},{"not_picked":["Anger","Headbutt","Heavy Blade"],"picked":"Singing Bowl","floor":35},{"not_picked":["Fire Breathing","Pommel Strike+1","Shrug It Off"],"picked":"Singing Bowl","floor":38},{"not_picked":["Exhume","Shrug It Off+1"],"picked":"Dual Wield+1","floor":41},{"not_picked":["Fire Breathing","Power Through","Thunderclap+1"],"picked":"Singing Bowl","floor":44},{"not_picked":["Havoc+1","Flex+1","Cleave"],"picked":"Singing Bowl","floor":45},{"not_picked":["Disarm+1","Rampage","Sword Boomerang"],"picked":"Singing Bowl","floor":48},{"not_picked":["Pummel+1","Shrug It Off"],"picked":"Impervious","floor":54}],"player_experience":214496,"relics_obtained":[{"floor":6.0,"key":"Singing Bowl"},{"floor":8.0,"key":"Sundial"},{"floor":9.0,"key":"Letter Opener"},{"floor":14.0,"key":"The Courier"},{"floor":23.0,"key":"Gambling Chip"},{"floor":26.0,"key":"Peace Pipe"},{"floor":41,"key":"Paper Frog"},{"floor":44,"key":"Vajra"},{"floor":48,"key":"Blood Vial"},{"floor":54,"key":"Oddly Smooth Stone"}],"event_choices":[{"damage_healed":0.0,"max_hp_gain":0.0,"max_hp_loss":0.0,"gold_gain":0.0,"event_name":"Golden Idol","player_choice":"Take Damage","floor":2.0,"gold_loss":0.0,"damage_taken":20.0,"relics_obtained":["Golden Idol"]},{"damage_healed":0.0,"max_hp_gain":0.0,"max_hp_loss":0.0,"gold_gain":0.0,"event_name":"The Woman in Blue","player_choice":"Bought 2 Potions","floor":13.0,"gold_loss":0.0,"damage_taken":0.0},{"damage_healed":0.0,"max_hp_gain":0.0,"max_hp_loss":0.0,"gold_gain":0.0,"event_name":"Vampires","player_choice":"Ignored","floor":25.0,"gold_loss":0.0,"damage_taken":0.0},{"damage_healed":0,"gold_gain":999,"player_choice":"Gold","damage_taken":0,"max_hp_gain":0,"max_hp_loss":0,"event_name":"MindBloom","floor":37,"gold_loss":0,"cards_obtained":["Normality","Normality"]},{"damage_healed":0,"gold_gain":0,"player_choice":"Cursed","damage_taken":0,"max_hp_gain":0,"max_hp_loss":0,"event_name":"Wheel of Change","floor":42,"gold_loss":0,"cards_obtained":["Decay"]},{"damage_healed":0,"gold_gain":100,"player_choice":"Pray","damage_taken":0,"max_hp_gain":0,"max_hp_loss":0,"event_name":"Golden Shrine","floor":46,"gold_loss":0}],"is_beta":false,"boss_relics":[{"not_picked":["Snecko Eye","Philosopher\u0027s Stone"],"picked":"Cursed Key"},{"not_picked":["Tiny House","Black Star"],"picked":"Runic Pyramid"}],"items_purged_floors":[10,21,36,39,47],"is_endless":false,"potions_floor_spawned":[4,8,12,16,19,20,31,35,41,44,45,48,54],"ascension_level":7}}