{"host":"8e68pzgs4bln6t6e","time":1608220385,"event":{"mods":["AchievementEnabler","Act Like it!","BaseMod","Better Note","BetterRewards","Colored Powertips","Googly Eyes","Hallownest","Hubris","Jorbs\u0027s Wanderer Trilogy","Marisa????????","Minty Spire (QoL Compilation)","Quick Restart","Rare Cards Sparkle","Replay The Spire","Shop Mod","StSLib","The Animator","The Bug Knight","The Cursed","The Disciple","The Hierophant","The Servant 0.9.4"],"gold_per_floor":[116,116,127,142,154,187,187,187,187,0,0,0,16,30,30,130,130,148,148,148],"floor_reached":19,"playtime":1369,"items_purged":[],"score":194,"play_id":"a15e811d-526d-4762-91b1-459f05f07c61","local_time":"20201217165305","is_ascension_mode":false,"campfire_choices":[{"floor":15,"key":"REST"}],"circlet_count":0,"master_deck":["Zap","Dualcast","Sunder+1","Panic Button","Barrage","Rip and Tear","Seek","Scrape","Hyperbeam","Defragment","Sunder","Ball Lightning","Cold Snap","hubris:PowerSurge","Conserve Battery","Writhe","hubris:EnhanceAbility","ReplayTheSpireMod:GoodbyeWorld","Hologram","Machine Learning"],"relics":["Pandora\u0027s Box","Hallownest:DreamNailRelic","hubris:Potato","hubris:Icosahedron","hubris:VirtuousBlindfold"],"acts_visited":["Exordium","TheCity"],"potions_floor_usage":[5,6],"damage_taken":[{"damage":3,"enemies":"Hallownest:2_MossCreeps","floor":1,"turns":2},{"damage":7,"enemies":"Hallownest:monsterHuskGuard","floor":3,"turns":2},{"damage":6,"enemies":"Hallownest:monsterHuskWarrior","floor":4,"turns":2},{"damage":0,"enemies":"Hallownest:monsterFoolEater","floor":5,"turns":2},{"damage":13,"enemies":"Hallownest:eliteVengeflyKing","floor":6,"turns":4},{"damage":5,"enemies":"Hallownest:2_Tiktiks_1_Baldur_1_Crawlid","floor":13,"turns":2},{"damage":18,"enemies":"Hallownest:Guard_and_Warrior","floor":14,"turns":3},{"damage":44,"enemies":"Hallownest:BossBrokenVessel","floor":16,"turns":9},{"damage":11,"enemies":"Spheric Guardian","floor":18,"turns":4},{"damage":0,"enemies":"Shell Parasite","floor":19,"turns":1}],"seed_played":"-5103180243637633138","potions_obtained":[{"floor":1,"key":"FearPotion"},{"floor":5,"key":"Fruit Juice"},{"floor":6,"key":"BlessingOfTheForge"}],"is_trial":false,"path_per_floor":["M","?","M","M","M","E","?","?","T","$","?","$","M","M","R","B",null,"M","M"],"character_chosen":"DEFECT","items_purchased":["hubris:EnhanceAbility"],"campfire_rested":1,"item_purchase_floors":[10],"current_hp_per_floor":[72,72,65,59,59,51,51,61,61,61,61,61,56,38,65,21,90,79,79,79],"gold":148,"neow_bonus":"BOSS_RELIC","is_daily":false,"chose_seed":false,"campfire_upgraded":0,"win_rate":0.0,"timestamp":1608220385,"path_taken":["M","?","?","M","M","E","?","?","T","?","?","?","?","M","R","BOSS","M","M"],"items_purchased_type":["Card"],"build_version":"2020-12-13","purchased_purges":0,"victory":false,"max_hp_per_floor":[75,75,75,75,75,80,80,90,90,90,90,90,90,90,90,90,90,90,90,90],"card_choices":[{"not_picked":["Compile Driver","Turbo"],"picked":"Sunder","floor":1},{"not_picked":["Leap","Coolheaded"],"picked":"Ball Lightning","floor":3},{"not_picked":["Barrage","Streamline"],"picked":"Cold Snap","floor":4},{"not_picked":["Blizzard","Sweeping Beam"],"picked":"hubris:PowerSurge","floor":5},{"not_picked":["Force Field","Redo"],"picked":"Conserve Battery","floor":6},{"not_picked":["Darkness","Doom and Gloom"],"picked":"ReplayTheSpireMod:GoodbyeWorld","floor":13},{"not_picked":["Cold Snap","Redo"],"picked":"Hologram","floor":14},{"not_picked":["ReplayTheSpireMod:Fabricate Wheel","Multi-Cast"],"picked":"Machine Learning","floor":16},{"not_picked":["Beam Cell","Barrage","Reprogram"],"picked":"SKIP","floor":18}],"player_experience":182518,"relics_obtained":[{"floor":6,"key":"hubris:Potato"}],"event_choices":[],"is_beta":false,"boss_relics":[{"not_picked":["Ectoplasm","Replay:Grab Bag"],"picked":"hubris:VirtuousBlindfold"}],"items_purged_floors":[],"is_endless":false,"potions_floor_spawned":[1,5,6],"killed_by":"Shell Parasite","ascension_level":0}}