{"host":"bq4pt811tk9yrmjl","time":1608201465,"event":{"mods":["AchievementEnabler","BaseMod","Colored Map","Colored Powertips","Defuse TimeMaze Blight","Minty Spire (QoL Compilation)","StSLib","SuperFastMode","UnlockEverythingMod"],"gold_per_floor":[114,125,87,87,107,107,142,161,187,202,202,219,219,18,18,122,122,137,152,0,0,0,33,47,78,103,103,115,115,115,133,133,236,286,304,353,313,11,24,24,35,49,49,67,87,87,87,87,87,87,87,87,12,39,39,39],"floor_reached":55,"playtime":1269,"items_purged":["Strike_G"],"score":692,"play_id":"d2356ecb-7163-4026-9d2e-048fa9090d8f","local_time":"20201217083745","is_ascension_mode":true,"campfire_choices":[{"data":"Noxious Fumes","floor":6.0,"key":"SMITH"},{"data":"Accuracy","floor":11.0,"key":"SMITH"},{"floor":13.0,"key":"REST"},{"data":"Infinite Blades","floor":15.0,"key":"SMITH"},{"floor":29.0,"key":"REST"},{"data":"Neutralize","floor":32.0,"key":"SMITH"},{"floor":40.0,"key":"RECALL"},{"data":"Adrenaline","floor":47.0,"key":"SMITH"},{"floor":49.0,"key":"REST"},{"data":"PiercingWail","floor":52,"key":"SMITH"}],"circlet_count":0,"master_deck":["Strike_G","Strike_G","Strike_G","Defend_G","Defend_G","Defend_G","Defend_G","Defend_G","Survivor+1","Neutralize+1","PiercingWail+1","Accuracy+1","Noxious Fumes+1","Slice","Infinite Blades+1","Blade Dance","Blade Dance","Adrenaline+1","Noxious Fumes+1","Bouncing Flask+1","Dodge and Roll+1","Slice+1","Leg Sweep+1","Flying Knee+1"],"relics":["Ring of the Snake","NeowsBlessing","Anchor","Potion Belt","Happy Flower","TwistedFunnel","WristBlade","Vajra","Regal Pillow","InkBottle","PreservedInsect","Tiny House","Bronze Scales","Sling","Mummified Hand","StrikeDummy"],"acts_visited":["Exordium","TheCity","TheBeyond","TheEnding"],"potions_floor_usage":[50,50,50,50,50,54,54,55],"damage_taken":[{"damage":0.0,"enemies":"Cultist","floor":1.0,"turns":1.0},{"damage":0.0,"enemies":"Small Slimes","floor":2.0,"turns":1.0},{"damage":0.0,"enemies":"2 Louse","floor":5.0,"turns":1.0},{"damage":19.0,"enemies":"3 Sentries","floor":7.0,"turns":9.0},{"damage":2.0,"enemies":"Large Slime","floor":8.0,"turns":5.0},{"damage":2.0,"enemies":"Red Slaver","floor":10.0,"turns":4.0},{"damage":0.0,"enemies":"Exordium Thugs","floor":12.0,"turns":4.0},{"damage":44.0,"enemies":"The Guardian","floor":16.0,"turns":12.0},{"damage":0.0,"enemies":"2 Thieves","floor":18.0,"turns":2.0},{"damage":0.0,"enemies":"Chosen","floor":19.0,"turns":3.0},{"damage":6.0,"enemies":"Book of Stabbing","floor":23.0,"turns":4.0},{"damage":2.0,"enemies":"Centurion and Healer","floor":24.0,"turns":2.0},{"damage":1.0,"enemies":"Gremlin Leader","floor":25.0,"turns":4.0},{"damage":11.0,"enemies":"Colosseum Slavers","floor":27.0,"turns":3.0},{"damage":15.0,"enemies":"Snake Plant","floor":28.0,"turns":4.0},{"damage":0.0,"enemies":"Cultist and Chosen","floor":31.0,"turns":3.0},{"damage":24.0,"enemies":"Collector","floor":33.0,"turns":6.0},{"damage":1.0,"enemies":"3 Darklings","floor":35.0,"turns":4.0},{"damage":0.0,"enemies":"Orb Walker","floor":39.0,"turns":2.0},{"damage":0.0,"enemies":"3 Darklings","floor":41.0,"turns":3.0},{"damage":0.0,"enemies":"4 Shapes","floor":42.0,"turns":5.0},{"damage":15.0,"enemies":"Jaw Worm Horde","floor":44.0,"turns":3.0},{"damage":0.0,"enemies":"Spire Growth","floor":45.0,"turns":3.0},{"damage":56,"enemies":"Awakened One","floor":50,"turns":8},{"damage":18,"enemies":"Shield and Spear","floor":54,"turns":3},{"damage":101,"enemies":"The Heart","floor":55,"turns":6}],"seed_played":"6155329201130375801","potions_obtained":[{"floor":1.0,"key":"CultistPotion"},{"floor":7.0,"key":"ColorlessPotion"},{"floor":16.0,"key":"GamblersBrew"},{"floor":19.0,"key":"SkillPotion"},{"floor":23.0,"key":"PowerPotion"},{"floor":24.0,"key":"ColorlessPotion"},{"floor":28.0,"key":"Fire Potion"},{"floor":34.0,"key":"Strength Potion"},{"floor":37.0,"key":"Swift Potion"},{"floor":37.0,"key":"Block Potion"},{"floor":37.0,"key":"GamblersBrew"},{"floor":39.0,"key":"EntropicBrew"},{"floor":42.0,"key":"SkillPotion"}],"is_trial":false,"path_per_floor":["M","M","$","?","M","R","E","M","T","M","R","M","R","$","R","B",null,"M","M","$","?","$","E","M","E","T","?","M","R","?","M","R","B",null,"M","T","?","$","M","R","M","M","T","M","M","?","R","?","R","B",null,"R","$","E","B"],"character_chosen":"THE_SILENT","items_purchased":["Noxious Fumes","TwistedFunnel","Blade Dance","Vajra","Bronze Scales","Sling"],"campfire_rested":3,"item_purchase_floors":[3,14,14,20,38,38],"current_hp_per_floor":[70,70,70,70,70,70,51,49,49,47,47,47,68,68,68,24,70,70,70,70,57,57,51,49,48,48,37,22,59,59,59,59,35,80,79,79,79,79,79,79,79,79,79,64,64,64,64,56,80,24,80,80,80,62,0,0],"gold":39,"neow_bonus":"THREE_ENEMY_KILL","is_daily":false,"chose_seed":false,"campfire_upgraded":6,"win_rate":0.0,"timestamp":1608201465,"path_taken":["M","?","$","?","?","R","E","M","T","M","R","M","R","$","R","BOSS","M","M","$","?","$","E","M","E","T","?","M","R","?","M","R","BOSS","M","?","?","$","M","R","M","M","T","M","?","?","R","?","R","BOSS","R","$","E","BOSS"],"items_purchased_type":["Card","Relic","Card","Relic","Relic","Relic"],"build_version":"2020-12-13","purchased_purges":1,"victory":false,"max_hp_per_floor":[70,70,70,70,70,70,70,70,70,70,70,70,70,70,70,70,70,70,70,70,75,75,75,75,75,75,75,75,75,75,75,75,75,80,80,80,80,80,80,80,80,80,80,80,80,80,80,80,80,80,80,80,80,80,80,80],"card_choices":[{"not_picked":["Calculated Gamble","Quick Slash"],"picked":"PiercingWail","floor":1.0},{"not_picked":["Dagger Spray","Dagger Throw"],"picked":"Accuracy","floor":2.0},{"not_picked":["Dagger Throw","Flechettes"],"picked":"Slice","floor":5.0},{"not_picked":["Choke","Expertise"],"picked":"Infinite Blades","floor":7.0},{"not_picked":["Dodge and Roll","Masterful Stab","Reflex"],"picked":"SKIP","floor":8.0},{"not_picked":["Deadly Poison","Dagger Throw"],"picked":"Blade Dance","floor":10.0},{"not_picked":["Flechettes","Dodge and Roll","Crippling Poison"],"picked":"SKIP","floor":12.0},{"not_picked":["Corpse Explosion","Grand Finale"],"picked":"Adrenaline","floor":16.0},{"not_picked":["Dodge and Roll","Setup","Tactician+1"],"picked":"SKIP","floor":18.0},{"not_picked":["Backstab","Deadly Poison"],"picked":"Noxious Fumes+1","floor":19.0},{"not_picked":["Acrobatics+1","Deadly Poison","Expertise+1"],"picked":"SKIP","floor":23.0},{"not_picked":["Dodge and Roll+1","Accuracy"],"picked":"Bouncing Flask+1","floor":24.0},{"not_picked":["Finisher","Footwork"],"picked":"Dodge and Roll+1","floor":25.0},{"not_picked":["Prepared","Predator+1","Noxious Fumes"],"picked":"SKIP","floor":28.0},{"not_picked":["Dagger Spray+1","Dodge and Roll","Backflip+1"],"picked":"SKIP","floor":31.0},{"not_picked":["Caltrops","Bane"],"picked":"Slice+1","floor":34.0},{"not_picked":["Flechettes+1","Dagger Spray+1","Riddle With Holes+1"],"picked":"SKIP","floor":35.0},{"not_picked":["Reflex+1","PiercingWail","Cloak And Dagger"],"picked":"SKIP","floor":39.0},{"not_picked":["Blur+1","Calculated Gamble"],"picked":"Leg Sweep+1","floor":41.0},{"not_picked":["Masterful Stab","Riddle With Holes","Backflip"],"picked":"SKIP","floor":42.0},{"not_picked":["Poisoned Stab+1","Heel Hook+1","Caltrops+1"],"picked":"SKIP","floor":44.0},{"not_picked":["Deflect","Dagger Throw"],"picked":"Flying Knee+1","floor":45.0},{"not_picked":["Masterful Stab+1","Noxious Fumes+1","Acrobatics"],"picked":"SKIP","floor":54}],"player_experience":60213,"relics_obtained":[{"floor":4.0,"key":"Anchor"},{"floor":7.0,"key":"Potion Belt"},{"floor":9.0,"key":"Happy Flower"},{"floor":23.0,"key":"Regal Pillow"},{"floor":25.0,"key":"InkBottle"},{"floor":26.0,"key":"PreservedInsect"},{"floor":43.0,"key":"Mummified Hand"},{"floor":54,"key":"StrikeDummy"}],"event_choices":[{"damage_healed":0.0,"max_hp_gain":0.0,"max_hp_loss":0.0,"gold_gain":0.0,"event_name":"Wheel of Change","player_choice":"Relic","floor":4.0,"gold_loss":0.0,"damage_taken":0.0},{"damage_healed":0.0,"max_hp_gain":5.0,"max_hp_loss":0.0,"gold_gain":0.0,"event_name":"Forgotten Altar","player_choice":"Shed Blood","floor":21.0,"gold_loss":0.0,"damage_taken":18.0},{"damage_healed":0.0,"max_hp_gain":0.0,"max_hp_loss":0.0,"gold_gain":0.0,"event_name":"Colosseum","player_choice":"Fight","floor":27.0,"gold_loss":0.0,"damage_taken":0.0},{"damage_healed":0.0,"max_hp_gain":0.0,"max_hp_loss":0.0,"gold_gain":0.0,"event_name":"Colosseum","player_choice":"Fled From Nobs","floor":27.0,"gold_loss":0.0,"damage_taken":0.0},{"damage_healed":0.0,"max_hp_gain":0.0,"max_hp_loss":0.0,"gold_gain":0.0,"cards_transformed":["Strike_G"],"event_name":"Transmorgrifier","player_choice":"Transformed","floor":30.0,"gold_loss":0.0,"damage_taken":0.0,"cards_obtained":["Endless Agony"]},{"damage_healed":0.0,"max_hp_gain":0.0,"max_hp_loss":0.0,"gold_gain":0.0,"event_name":"The Woman in Blue","player_choice":"Bought 3 Potions","floor":37.0,"gold_loss":0.0,"damage_taken":0.0},{"cards_removed":["Endless Agony"],"damage_healed":0.0,"max_hp_gain":0.0,"max_hp_loss":0.0,"gold_gain":0.0,"event_name":"Falling","player_choice":"Removed Attack","floor":46.0,"gold_loss":0.0,"damage_taken":0.0},{"damage_healed":0.0,"max_hp_gain":0.0,"max_hp_loss":0.0,"gold_gain":0.0,"event_name":"Wheel of Change","player_choice":"Damaged","floor":48.0,"gold_loss":0.0,"damage_taken":8.0}],"is_beta":false,"boss_relics":[{"not_picked":["Cursed Key","Sozu"],"picked":"WristBlade"},{"not_picked":["Pandora\u0027s Box","Snecko Eye"],"picked":"Tiny House"}],"items_purged_floors":[53],"is_endless":false,"potions_floor_spawned":[1,7,16,19,23,24,28,39,42],"killed_by":"The Heart","ascension_level":1}}