{"host":"vb6wt0mawj2xz8v4","time":1608236079,"event":{"mods":["AchievementEnabler","Aspiration","BaseMod","Hermit","Highlight Path","Hubris","Jorbs\u0027s Wanderer Trilogy","Minty Spire (QoL Compilation)","Quick Restart","Replay The Spire","Shop Mod","StSLib","SuperFastMode","The Cursed","The Disciple","The Hierophant","The Jungle"],"gold_per_floor":[117,117,117,117,67,67,85,120,143,153,182,200,200,219,219,320,320,336,336,27,39,52,52,87,37,37,37,53,53,53,66,66,168,168,183,32,32,32,32,32,32,32],"floor_reached":41,"playtime":1157,"items_purged":["hermit:Strike_Hermit","Replay:Bootleg Shield Generator"],"score":530,"play_id":"4c4f6691-f914-45cb-a21a-d36e58440106","local_time":"20201217151439","is_ascension_mode":true,"campfire_choices":[{"data":"hubris:Counter","floor":6,"key":"SMITH"},{"data":"Phantasmal Killer","floor":13,"key":"SMITH"},{"floor":15,"key":"DIG"},{"data":"Glass Knife","floor":23,"key":"SMITH"},{"data":"hermit:EternalForm","floor":27,"key":"SMITH"},{"data":"Well Laid Plans","floor":29,"key":"SMITH"},{"floor":32,"key":"REST"},{"data":"hermit:RoundhouseKick","floor":40,"key":"SMITH"}],"circlet_count":0,"master_deck":["hermit:Strike_Hermit","hermit:Strike_Hermit","hermit:Defend_Hermit+1","hermit:Defend_Hermit","hermit:Defend_Hermit","hermit:Snapshot","Dagger Throw","Masterful Stab","hubris:Counter+1","hermit:Desperado","hermit:Glare","hermit:Vantage","Phantasmal Killer+1","hermit:Vantage","hermit:Headshot","Well Laid Plans+1","Glass Knife+1","hermit:WideOpen","hermit:EternalForm+1","hermit:Misfire+1","hermit:Brawl+1","hermit:HighNoon","hermit:FullyLoaded+1","hermit:Combo+1","hermit:RoundhouseKick+1","hermit:Determination+1","Mayhem+1"],"relics":["hermit:Momento","aspiration:Nostalgia","Replay:M_StaffOfTheSnake","hubris:TenFootPole","Bag of Marbles","Anchor","Smiling Mask","Replay:Bronze Core","Garlic","Bronze Scales","Frozen Egg 2","aspiration:IroncladSkillbook","Bag of Preparation"],"acts_visited":["Exordium","Exordium","TheBeyond"],"potions_floor_usage":[33,41],"damage_taken":[{"damage":3,"enemies":"2 Louse","floor":1,"turns":3},{"damage":0,"enemies":"Cultist","floor":7,"turns":2},{"damage":32,"enemies":"3 Sentries","floor":8,"turns":6},{"damage":0,"enemies":"Jaw Worm","floor":10,"turns":1},{"damage":0,"enemies":"Gremlin Nob","floor":11,"turns":2},{"damage":0,"enemies":"Red Slaver","floor":12,"turns":2},{"damage":0,"enemies":"Lots of Slimes","floor":14,"turns":1},{"damage":30,"enemies":"The Guardian","floor":16,"turns":7},{"damage":3,"enemies":"theJungle:MUSHROOMGANG","floor":18,"turns":4},{"damage":0,"enemies":"theJungle:GiantWrat","floor":21,"turns":2},{"damage":18,"enemies":"theJungle:2_Snecko_Cultists","floor":22,"turns":3},{"damage":27,"enemies":"theJungle:2_Phrogs","floor":24,"turns":6},{"damage":0,"enemies":"Snake Plant","floor":28,"turns":2},{"damage":0,"enemies":"theJungle:SlimyTreeVines","floor":31,"turns":3},{"damage":12,"enemies":"theJungle:QueenSpyder","floor":33,"turns":7},{"damage":23,"enemies":"3 Darklings","floor":35,"turns":4},{"damage":71,"enemies":"Nemesis","floor":41,"turns":4}],"seed_played":"-2668586559269419170","potions_obtained":[{"floor":7,"key":"Adrenaline Potion"},{"floor":14,"key":"FearPotion"},{"floor":18,"key":"Elixir"},{"floor":22,"key":"Strength Potion"},{"floor":35,"key":"LiquidBronze"}],"is_trial":false,"path_per_floor":["M","?","?","?","$","R","M","E","T","M","E","M","R","M","R","B",null,"M","?","$","M","M","R","E","$","T","R","M","R","?","M","R","B",null,"M","$","$","?","?","R","E"],"character_chosen":"HERMIT","items_purchased":["hermit:Desperado","Garlic","Bag of Preparation"],"campfire_rested":1,"item_purchase_floors":[5,20,36],"current_hp_per_floor":[72,72,72,72,72,72,72,40,40,40,40,40,40,40,40,10,75,72,72,72,72,54,54,27,27,27,27,27,27,27,27,49,37,75,56,56,56,56,56,56,0,0],"gold":32,"neow_bonus":"NOSTALGIA","is_daily":false,"chose_seed":false,"campfire_upgraded":6,"win_rate":0.0,"timestamp":1608236079,"path_taken":["M","?","?","?","$","R","M","E","T","M","E","?","R","M","R","BOSS","M","?","$","M","M","R","E","$","T","R","?","R","?","?","R","BOSS","M","?","$","?","?","R","E"],"items_purchased_type":["Card","Relic","Relic"],"build_version":"2020-12-13","purchased_purges":2,"victory":false,"max_hp_per_floor":[75,75,75,75,75,75,75,75,75,75,75,75,75,75,75,75,75,75,75,75,75,75,75,75,75,75,75,75,75,75,75,75,75,75,75,75,75,75,75,75,75,75],"card_choices":[{"not_picked":["Outmaneuver","hermit:TakeCover"],"picked":"Dagger Throw","floor":1},{"not_picked":["hermit:LowProfile","Setup"],"picked":"hermit:Glare","floor":7},{"not_picked":["hermit:Virtue","Flying Knee"],"picked":"hermit:Vantage","floor":8},{"not_picked":["hermit:BodyArmor","hermit:Snipe"],"picked":"Phantasmal Killer","floor":10},{"not_picked":["hermit:Gestalt","EmptyMind"],"picked":"hermit:Vantage","floor":11},{"not_picked":["hermit:WideOpen","Flying Knee"],"picked":"hermit:Headshot","floor":12},{"not_picked":["hermit:Glare","Escape Plan"],"picked":"Well Laid Plans","floor":14},{"not_picked":["hermit:OverwhelmingPower","hermit:Gambit"],"picked":"Glass Knife","floor":16},{"not_picked":["hermit:Brawl","hermit:Scavenge"],"picked":"hermit:WideOpen","floor":18},{"not_picked":["hermit:Determination","hermit:Coalescence"],"picked":"hermit:Misfire+1","floor":21},{"not_picked":["hermit:WideOpen+1","hermit:Roulette"],"picked":"hermit:Brawl+1","floor":22},{"not_picked":["hermit:Spite","hermit:Headshot"],"picked":"hermit:HighNoon","floor":24},{"not_picked":["hermit:BodyArmor","hermit:Horror"],"picked":"hermit:FullyLoaded+1","floor":28},{"not_picked":["hermit:PistolWhip","hermit:BodyArmor+1"],"picked":"hermit:Combo+1","floor":31},{"not_picked":["hermit:FinalCanter","hermit:DeadOrAlive"],"picked":"hermit:RoundhouseKick","floor":33},{"not_picked":["Sword Boomerang","hermit:WideOpen+1","hermit:Feint+1"],"picked":"hermit:Determination+1","floor":35},{"not_picked":["Apotheosis","Replay:Sssssssssstrike","PanicButton"],"picked":"Mayhem+1","floor":38}],"player_experience":438592,"relics_obtained":[{"floor":8,"key":"hubris:TenFootPole"},{"floor":9,"key":"Bag of Marbles"},{"floor":11,"key":"Anchor"},{"floor":15,"key":"Smiling Mask"},{"floor":24,"key":"Bronze Scales"},{"floor":26,"key":"Frozen Egg 2"}],"event_choices":[{"cards_removed":["Setup"],"damage_healed":0,"gold_gain":0,"player_choice":"Purged","damage_taken":0,"max_hp_gain":0,"max_hp_loss":0,"event_name":"Purifier","floor":4,"gold_loss":0},{"damage_healed":0,"gold_gain":0,"player_choice":"3 cards matched","damage_taken":0,"max_hp_gain":0,"max_hp_loss":0,"event_name":"Match and Keep!","floor":19,"gold_loss":0,"cards_obtained":["hermit:Strike_Hermit","hermit:EternalForm","Replay:Bootleg Shield Generator"]},{"damage_healed":0,"gold_gain":0,"player_choice":"Bought 0 Potions","damage_taken":0,"max_hp_gain":0,"max_hp_loss":0,"event_name":"The Woman in Blue","floor":30,"gold_loss":0},{"damage_healed":0,"gold_gain":0,"player_choice":"Memory 1","damage_taken":0,"max_hp_gain":0,"max_hp_loss":0,"event_name":"SensoryStone","floor":38,"gold_loss":0},{"cards_removed":["hermit:Covet"],"damage_healed":0,"gold_gain":0,"player_choice":"Offered Basic","damage_taken":0,"max_hp_gain":0,"max_hp_loss":0,"event_name":"Bonfire Elementals","floor":39,"gold_loss":0}],"is_beta":false,"boss_relics":[{"not_picked":["Replay:Fungal Core","hubris:GrandSneckoEye"],"picked":"Replay:Bronze Core"},{"not_picked":["hubris:HollowSoul","Coffee Dripper"],"picked":"aspiration:IroncladSkillbook"}],"items_purged_floors":[20,25],"is_endless":false,"potions_floor_spawned":[7,14,18,22,35],"killed_by":"Nemesis","ascension_level":4}}