{"host":"cgaibh95wzkurumv","time":1608169046,"event":{"mods":["BaseMod","Minty Spire (QoL Compilation)","Replay The Spire","StSLib","The Runesmith"],"gold_per_floor":[119,119,130,142,60,60,9,23,75,108,108,133,133,133,133,234,234,246,261,41,121,171,171,171,181,205,205,225,76,94,109,109,207,207,217,236,236,236,236,236,236,6,6,22,36,47,61,9,9,9],"floor_reached":51,"playtime":3668,"items_purged":[],"score":847,"play_id":"f7c0a8fa-3cb9-40d6-9ff8-734467340781","local_time":"20201216223726","is_ascension_mode":true,"campfire_choices":[{"data":"Runesmith:Grindstone","floor":6,"key":"SMITH"},{"data":"Runesmith:HeatExchange","floor":11,"key":"SMITH"},{"floor":13,"key":"REST"},{"data":"Runesmith:FrozenChisel","floor":15,"key":"SMITH"},{"data":"Runesmith:Firestorm","floor":23,"key":"SMITH"},{"data":"Runesmith:CreatorForm","floor":27,"key":"SMITH"},{"data":"Runesmith:ReplicatingBarrier","floor":32,"key":"SMITH"},{"data":"Runesmith:RunicBlueprint","floor":40,"key":"SMITH"},{"data":"Runesmith:ChaoticBlast","floor":49,"key":"SMITH"}],"circlet_count":0,"master_deck":["Runesmith:Strike_RS","Runesmith:Strike_RS","Runesmith:Strike_RS","Runesmith:Strike_RS","Runesmith:Defend_RS","Runesmith:Defend_RS","Runesmith:Defend_RS","Runesmith:CraftFirestone","Runesmith:Fortify","Runesmith:Grindstone+1","Runesmith:HeatExchange+1","Runesmith:Terraform","Runesmith:CraftProtectio","Runesmith:HammerThrow","Runesmith:ReplicatingBarrier+1","Runesmith:FrozenChisel+1","Runesmith:CreatorForm+1","Runesmith:ChiselStab","Runesmith:BackupBattery+1","Runesmith:Firestorm+1","Runesmith:ChaoticBlast+1","Delirium","Runesmith:Accelerate+1","Runesmith:RunicBlueprint+1","Runesmith:GoWithTheFlow+1","ReplayTheSpireMod:Faulty Equipment","Runesmith:ArcReactor+1","Runesmith:CraftIncendium+1","Madness","Madness","Runesmith:CraftObretio","Amnesia"],"relics":["Runesmith:BrokenRuby","Toy Ornithopter","Nunchaku","Replay:Wax Seal","Blood Vial","Pen Nib","Question Card","Simple Rune","Runesmith:UraniumAnvil","Anchor","ReplayTheSpireMod:TigerMarble","Ring of Greed","Golden Egg","Membership Card","Bronze Scales","Pet Ghost","ClockworkSouvenir","Busted Crown","Whetstone","Potion Belt","Replay:Bottled Flurry","BranchBurnRelic"],"acts_visited":["Exordium","TheCity","TheBeyond"],"potions_floor_usage":[10,18,50,50],"damage_taken":[{"damage":0,"enemies":"Small Slimes","floor":1,"turns":3},{"damage":2,"enemies":"Jaw Worm","floor":3,"turns":5},{"damage":1,"enemies":"2 Louse","floor":4,"turns":3},{"damage":0,"enemies":"2 Fungi Beasts","floor":8,"turns":4},{"damage":22,"enemies":"3 Sentries","floor":10,"turns":7},{"damage":26,"enemies":"Lagavulin","floor":12,"turns":9},{"damage":7,"enemies":"Hexaghost","floor":16,"turns":12},{"damage":33,"enemies":"2 Thieves","floor":18,"turns":5},{"damage":8,"enemies":"Shell Parasite","floor":19,"turns":7},{"damage":4,"enemies":"Centurion and Healer","floor":25,"turns":7},{"damage":0,"enemies":"Snake Plant","floor":28,"turns":5},{"damage":2,"enemies":"Cultist and Chosen","floor":30,"turns":5},{"damage":3,"enemies":"Centurion and Healer","floor":31,"turns":7},{"damage":26,"enemies":"Pondfish","floor":33,"turns":10},{"damage":0,"enemies":"Orb Walker","floor":35,"turns":4},{"damage":0,"enemies":"3 Shapes","floor":36,"turns":4},{"damage":7,"enemies":"3 Darklings","floor":44,"turns":5},{"damage":0,"enemies":"Transient","floor":45,"turns":5},{"damage":0,"enemies":"Sphere and 2 Shapes","floor":46,"turns":3},{"damage":0,"enemies":"Jaw Worm Horde","floor":47,"turns":3},{"damage":51,"enemies":"Awakened One","floor":50,"turns":12}],"seed_played":"-7228467960942377205","potions_obtained":[{"floor":3,"key":"SteroidPotion"},{"floor":8,"key":"ColorlessPotion"},{"floor":12,"key":"PowerPotion"},{"floor":19,"key":"ColorlessPotion"},{"floor":21,"key":"SmokeBomb"},{"floor":21,"key":"Adrenaline Potion"},{"floor":35,"key":"DistilledChaos"},{"floor":44,"key":"EssenceOfSteel"},{"floor":46,"key":"Energy Potion"},{"floor":47,"key":"Block Potion"}],"is_trial":false,"path_per_floor":["M","?","M","M","$","R","$","M","T","E","R","E","R","T","R","B",null,"M","M","$","?","?","R","?","M","T","R","M","$","M","M","R","B",null,"M","M","?","?","?","R","T","$","T","M","M","M","M","$","R","B",null],"character_chosen":"RUNESMITH_CLASS","items_purchased":["Replay:Wax Seal","Runesmith:CraftProtectio","Anchor","Runesmith:Firestorm","Pet Ghost","ClockworkSouvenir","Dead Branch","Potion Belt","FairyPotion"],"campfire_rested":1,"item_purchase_floors":[5,7,20,20,29,29,42,42,48],"current_hp_per_floor":[70,52,50,49,49,49,49,49,49,34,34,10,31,31,31,26,70,37,31,31,31,31,31,31,29,29,29,31,31,31,30,30,6,70,70,70,70,70,61,61,61,61,61,56,58,60,62,62,62,22],"gold":9,"neow_bonus":"RANDOM_COMMON_RELIC","is_daily":false,"chose_seed":false,"campfire_upgraded":8,"win_rate":0.0,"timestamp":1608169046,"path_taken":["M","?","M","M","$","R","?","M","T","E","R","E","R","?","R","BOSS","M","M","$","?","?","R","?","M","T","R","M","$","?","M","R","BOSS","M","M","?","?","?","R","?","$","T","M","M","M","?","?","R","BOSS"],"items_purchased_type":["Relic","Card","Relic","Card","Relic","Relic","Relic","Relic","Potion"],"build_version":"2020-12-13","purchased_purges":0,"victory":true,"max_hp_per_floor":[70,70,70,70,70,70,70,70,70,70,70,70,70,70,70,70,70,70,70,70,70,70,70,70,70,70,70,70,70,70,70,70,70,70,70,70,70,70,70,70,70,70,70,70,70,70,70,70,70,70],"card_choices":[{"not_picked":["Runesmith:Repurpose","Runesmith:MakeshiftArmor"],"picked":"Runesmith:Grindstone","floor":1},{"not_picked":["Runesmith:Overpower","Runesmith:Attraction"],"picked":"Runesmith:HeatExchange","floor":3},{"not_picked":["Runesmith:Overpower","Runesmith:MakeshiftArmor"],"picked":"Runesmith:Terraform","floor":4},{"not_picked":["Runesmith:FieryHammer","Runesmith:Grindstone"],"picked":"Runesmith:HammerThrow","floor":8},{"not_picked":["Runesmith:PoweredAnvil","Runesmith:CraftObretio"],"picked":"Runesmith:ReplicatingBarrier","floor":10},{"not_picked":["Runesmith:EnergizedChisel","Runesmith:PoweredAnvil"],"picked":"Runesmith:FrozenChisel","floor":12},{"not_picked":["Runesmith:DuctTape","Runesmith:CraftPrismatica","Runesmith:CraftMedicinae"],"picked":"Runesmith:CreatorForm","floor":16},{"not_picked":["Runesmith:Terraform+1","Runesmith:Repurpose","Runesmith:EnergizedChisel"],"picked":"Runesmith:ChiselStab","floor":18},{"not_picked":["Runesmith:Overpower","Runesmith:Grindstone","Runesmith:UnstableHammer"],"picked":"Runesmith:BackupBattery+1","floor":19},{"not_picked":["Runesmith:HeatedChisel","Runesmith:Superposition","Runesmith:BackupBattery+1"],"picked":"Runesmith:ChaoticBlast","floor":21},{"not_picked":["Runesmith:ElementalConversion","Runesmith:CraftVitae","Runesmith:CraftProtectio"],"picked":"Runesmith:Accelerate+1","floor":25},{"not_picked":["Runesmith:Empowerment+1","Runesmith:HeatExchange+1","Runesmith:UnstableHammer","Runesmith:Malloc+1"],"picked":"SKIP","floor":28},{"not_picked":["Runesmith:Overpower+1","Runesmith:HammerTime+1","Runesmith:BackupBattery+1"],"picked":"Runesmith:RunicBlueprint","floor":30},{"not_picked":["Runesmith:FrozenChisel","Runesmith:Repurpose+1","Runesmith:MakeshiftArmor"],"picked":"Runesmith:GoWithTheFlow","floor":31},{"not_picked":["Runesmith:DuctTape","Runesmith:Supernova","Runesmith:CraftPrismatica"],"picked":"Runesmith:ArcReactor","floor":33},{"not_picked":["Runesmith:EarthShield","Runesmith:ShiftingStrike+1"],"picked":"SKIP","floor":35},{"not_picked":["Runesmith:ShiftingStrike+1"],"picked":"Runesmith:CraftIncendium+1","floor":36},{"not_picked":["Runesmith:Augment","Runesmith:Retool"],"picked":"SKIP","floor":44},{"not_picked":["Runesmith:StaticCage+1"],"picked":"Runesmith:CraftObretio","floor":45},{"not_picked":["Runesmith:Reinforce+1","Runesmith:ShiftingStrike+1"],"picked":"SKIP","floor":46},{"not_picked":["Runesmith:Prism+1","Runesmith:ShiftingStrike"],"picked":"SKIP","floor":47}],"player_experience":231764,"relics_obtained":[{"floor":9,"key":"Blood Vial"},{"floor":10,"key":"Pen Nib"},{"floor":12,"key":"Question Card"},{"floor":14,"key":"Simple Rune"},{"floor":21,"key":"ReplayTheSpireMod:TigerMarble"},{"floor":22,"key":"Ring of Greed"},{"floor":22,"key":"Golden Egg"},{"floor":22,"key":"Membership Card"},{"floor":26,"key":"Bronze Scales"},{"floor":41,"key":"Whetstone"},{"floor":43,"key":"Replay:Bottled Flurry"}],"event_choices":[{"damage_healed":0,"gold_gain":0,"player_choice":"Success","damage_taken":18,"relics_obtained":["Nunchaku"],"max_hp_gain":0,"max_hp_loss":0,"event_name":"Scrap Ooze","floor":2,"gold_loss":0},{"damage_healed":0,"gold_gain":0,"player_choice":"Ignored","damage_taken":0,"max_hp_gain":0,"max_hp_loss":0,"event_name":"Ghosts","floor":24,"gold_loss":0},{"damage_healed":0,"gold_gain":0,"player_choice":"Ignored","damage_taken":0,"max_hp_gain":0,"max_hp_loss":0,"event_name":"Tomb of Lord Red Mask","floor":37,"gold_loss":0},{"cards_removed":["Runesmith:Defend_RS"],"damage_healed":0,"gold_gain":0,"player_choice":"Removed Skill","damage_taken":0,"max_hp_gain":0,"max_hp_loss":0,"event_name":"Falling","floor":38,"gold_loss":0},{"damage_healed":0,"gold_gain":0,"player_choice":"Embrace Madness","damage_taken":9,"max_hp_gain":0,"max_hp_loss":0,"event_name":"Winding Halls","floor":39,"gold_loss":0,"cards_obtained":["Madness","Madness"]}],"is_beta":false,"boss_relics":[{"not_picked":["Runic Dome","Replay:Drink Me"],"picked":"Runesmith:UraniumAnvil"},{"not_picked":["Runesmith:PocketReactor","Runic Pyramid"],"picked":"Busted Crown"}],"items_purged_floors":[],"is_endless":false,"potions_floor_spawned":[3,8,12,19,31,35,44,46,47],"ascension_level":1}}