{"host":"yecadp3kwkksam5a","time":1608210217,"event":{"mods":["BaseMod","Minty Spire (QoL Compilation)","StSLib","The Gatherer"],"gold_per_floor":[114,189,204,223,241,269,269,302,302,302,318,350,55,69,69,167,167,177,276,78,97,109,109,122,150,176,203,203,216,234,264,264,366,366,382,382,394,411,428,455,474,216,216,229,229,229,229,329,329,329,329,329,125,156,156],"floor_reached":56,"playtime":3413,"items_purged":["Strike_R","Twin Strike","Limit Break","Metallicize"],"score":1603,"play_id":"e0ce3e70-8f09-4893-9a9b-d3aaf6315edb","local_time":"20201217220337","is_ascension_mode":true,"campfire_choices":[{"data":"Fire Breathing","floor":7.0,"key":"SMITH"},{"floor":10.0,"key":"REST"},{"data":"Double Tap","floor":15.0,"key":"SMITH"},{"data":"Offering","floor":23.0,"key":"SMITH"},{"data":"Dual Wield","floor":32.0,"key":"SMITH"},{"floor":46.0,"key":"REST"},{"floor":49.0,"key":"RECALL"},{"data":"Rage","floor":52.0,"key":"SMITH"}],"circlet_count":0,"master_deck":["Bash+1","Fire Breathing+1","Dual Wield+1","Dropkick+1","Thunderclap+1","Double Tap+1","Dropkick+1","Dropkick+1","Fiend Fire+1","Metallicize","Impervious","Body Slam+1","Headbutt+1","Impervious","Offering+1","Warcry+1","Offering+1","Rage+1","Metallicize","Warcry+1","Shockwave+1","Second Wind","Violence","Secret Technique"],"relics":["Burning Blood","PreservedInsect","Lantern","The Courier","Molten Egg 2","DollysMirror","Pandora\u0027s Box","ClockworkSouvenir","Sundial","Regal Pillow","White Beast Statue","Runic Pyramid","Whetstone","Vajra","CaptainsWheel","Smiling Mask","Happy Flower"],"acts_visited":["Exordium","TheCity","TheBeyond","TheEnding"],"potions_floor_usage":[],"damage_taken":[{"damage":8.0,"enemies":"2 Louse","floor":1.0,"turns":4.0},{"damage":4.0,"enemies":"Small Slimes","floor":3.0,"turns":2.0},{"damage":1.0,"enemies":"Cultist","floor":4.0,"turns":3.0},{"damage":5.0,"enemies":"2 Fungi Beasts","floor":5.0,"turns":4.0},{"damage":25.0,"enemies":"Lagavulin","floor":6.0,"turns":5.0},{"damage":25.0,"enemies":"3 Sentries","floor":8.0,"turns":4.0},{"damage":10.0,"enemies":"Gremlin Gang","floor":11.0,"turns":4.0},{"damage":0.0,"enemies":"Gremlin Nob","floor":12.0,"turns":2.0},{"damage":3.0,"enemies":"Blue Slaver","floor":14.0,"turns":2.0},{"damage":44.0,"enemies":"Hexaghost","floor":16.0,"turns":5.0},{"damage":17.0,"enemies":"2 Thieves","floor":18.0,"turns":3.0},{"damage":6.0,"enemies":"Spheric Guardian","floor":21.0,"turns":1.0},{"damage":6.0,"enemies":"Snecko","floor":22.0,"turns":3.0},{"damage":6.0,"enemies":"Snake Plant","floor":24.0,"turns":3.0},{"damage":6.0,"enemies":"Gremlin Leader","floor":25.0,"turns":1.0},{"damage":6.0,"enemies":"Book of Stabbing","floor":27.0,"turns":2.0},{"damage":12.0,"enemies":"Centurion and Healer","floor":29.0,"turns":2.0},{"damage":12.0,"enemies":"Cultist and Chosen","floor":30.0,"turns":1.0},{"damage":12.0,"enemies":"Gremlin Leader","floor":31.0,"turns":1.0},{"damage":36.0,"enemies":"Automaton","floor":33.0,"turns":6.0},{"damage":6.0,"enemies":"Orb Walker","floor":35.0,"turns":1.0},{"damage":46.0,"enemies":"3 Shapes","floor":37.0,"turns":3.0},{"damage":12.0,"enemies":"Transient","floor":38.0,"turns":4.0},{"damage":6.0,"enemies":"3 Darklings","floor":39.0,"turns":4.0},{"damage":18.0,"enemies":"Reptomancer","floor":40.0,"turns":2.0},{"damage":0.0,"enemies":"Spire Growth","floor":41.0,"turns":3.0},{"damage":6.0,"enemies":"Writhing Mass","floor":44.0,"turns":2.0},{"damage":28.0,"enemies":"Donu and Deca","floor":50.0,"turns":5.0},{"damage":24.0,"enemies":"Shield and Spear","floor":54.0,"turns":2.0},{"damage":22,"enemies":"The Heart","floor":55,"turns":5}],"seed_played":"-8709676971158541365","potions_obtained":[{"floor":3.0,"key":"Strength Potion"},{"floor":5.0,"key":"BloodPotion"},{"floor":8.0,"key":"DistilledChaos"},{"floor":12.0,"key":"Block Potion"},{"floor":35.0,"key":"Regen Potion"},{"floor":40.0,"key":"BlessingOfTheForge"}],"is_trial":false,"path_per_floor":["M","?","M","M","M","E","R","E","T","R","M","E","$","M","R","B",null,"M","?","$","M","M","R","M","E","T","E","?","M","M","E","R","B",null,"M","?","M","M","M","E","M","$","T","M","?","R","T","?","R","B",null,"R","$","E","B",null],"character_chosen":"IRONCLAD","items_purchased":["Double Tap","DollysMirror","ClockworkSouvenir","Vajra","BloodPotion","Secret Technique"],"campfire_rested":2,"item_purchase_floors":[13,13,20,42,42,53],"current_hp_per_floor":[78,67,69,74,75,56,56,37,37,61,57,63,63,66,66,28,80,69,69,69,69,69,69,69,69,69,69,69,63,57,51,51,21,80,80,80,40,34,34,22,28,28,28,28,28,67,67,67,67,45,80,80,80,62,46],"gold":156,"neow_bonus":"UPGRADE_CARD","is_daily":false,"chose_seed":false,"campfire_upgraded":5,"win_rate":0.0,"timestamp":1608210217,"path_taken":["M","?","M","M","M","E","R","E","T","R","M","E","$","M","R","BOSS","M","?","$","M","M","R","M","E","T","E","?","?","M","E","R","BOSS","M","?","M","?","M","E","M","$","T","M","?","R","?","?","R","BOSS","R","$","E","BOSS"],"items_purchased_type":["Card","Relic","Relic","Relic","Potion","Card"],"build_version":"2020-12-13","purchased_purges":4,"victory":true,"max_hp_per_floor":[80,80,80,80,80,80,80,80,80,80,80,80,80,80,80,80,80,80,80,80,80,80,80,80,80,80,80,80,80,80,80,80,80,80,80,80,80,80,80,80,80,80,80,80,80,80,80,80,80,80,80,80,80,80,80],"card_choices":[{"not_picked":["Seeing Red","Clothesline"],"picked":"Wild Strike","floor":1.0},{"not_picked":["Burning Pact","Shrug It Off"],"picked":"Fire Breathing","floor":3.0},{"not_picked":["Warcry","Searing Blow","Heavy Blade"],"picked":"SKIP","floor":4.0},{"not_picked":["Clothesline","Body Slam"],"picked":"Twin Strike","floor":5.0},{"not_picked":["Sentinel","Intimidate"],"picked":"Dual Wield","floor":6.0},{"not_picked":["Reaper","Pommel Strike","Sword Boomerang"],"picked":"SKIP","floor":8.0},{"not_picked":["Sever Soul","Reckless Charge"],"picked":"Dropkick","floor":11.0},{"not_picked":["Blood for Blood+1","Sentinel"],"picked":"Thunderclap+1","floor":12.0},{"not_picked":["Thunderclap+1","Flex"],"picked":"Dropkick+1","floor":14.0},{"not_picked":["Double Tap","Reaper+1"],"picked":"Fiend Fire+1","floor":16.0},{"not_picked":["Armaments+1","Iron Wave+1"],"picked":"Warcry+1","floor":18.0},{"not_picked":["Twin Strike+1","Clash+1","Body Slam+1"],"picked":"SKIP","floor":21.0},{"not_picked":["Iron Wave+1","Warcry","Cleave+1"],"picked":"SKIP","floor":22.0},{"not_picked":["Iron Wave+1","Warcry","Cleave+1"],"picked":"SKIP","floor":22.0},{"not_picked":["Reckless Charge+1","Cleave+1","Perfected Strike+1"],"picked":"SKIP","floor":24.0},{"not_picked":["Immolate+1","Anger+1","Whirlwind+1"],"picked":"SKIP","floor":25.0},{"not_picked":["Pommel Strike+1","Thunderclap+1","Infernal Blade+1"],"picked":"SKIP","floor":27.0},{"not_picked":["Whirlwind+1","Pummel+1","Twin Strike+1"],"picked":"SKIP","floor":29.0},{"not_picked":["Whirlwind+1","Pummel+1","Twin Strike+1"],"picked":"SKIP","floor":29.0},{"not_picked":["Shrug It Off","Headbutt+1","Thunderclap+1"],"picked":"SKIP","floor":30.0},{"not_picked":["Fiend Fire+1","Clash+1"],"picked":"Rage","floor":31.0},{"not_picked":["Shrug It Off+1","Sentinel","Body Slam+1"],"picked":"SKIP","floor":35.0},{"not_picked":["Dark Embrace+1","Reckless Charge+1"],"picked":"Warcry+1","floor":37.0},{"not_picked":["Pommel Strike+1","Intimidate+1"],"picked":"Shockwave+1","floor":38.0},{"not_picked":["Havoc+1","Clash+1","Blood for Blood+1"],"picked":"SKIP","floor":39.0},{"not_picked":["Immolate+1","Twin Strike+1"],"picked":"Second Wind","floor":40.0},{"not_picked":["Rupture+1","Shrug It Off","True Grit+1"],"picked":"SKIP","floor":41.0},{"not_picked":["Clothesline+1","Cleave+1","Perfected Strike+1"],"picked":"SKIP","floor":44.0},{"not_picked":["Swift Strike+1","The Bomb"],"picked":"Violence","floor":45.0},{"not_picked":["Dark Embrace","Spot Weakness","Sword Boomerang+1"],"picked":"SKIP","floor":54.0}],"player_experience":218481,"relics_obtained":[{"floor":6.0,"key":"PreservedInsect"},{"floor":8.0,"key":"Lantern"},{"floor":9.0,"key":"The Courier"},{"floor":12.0,"key":"Molten Egg 2"},{"floor":25.0,"key":"Sundial"},{"floor":27.0,"key":"Regal Pillow"},{"floor":31.0,"key":"White Beast Statue"},{"floor":40.0,"key":"Whetstone"},{"floor":43.0,"key":"CaptainsWheel"},{"floor":47.0,"key":"Smiling Mask"},{"floor":54.0,"key":"Happy Flower"}],"event_choices":[{"damage_healed":0.0,"max_hp_gain":0.0,"max_hp_loss":0.0,"gold_gain":75.0,"event_name":"World of Goop","player_choice":"Gather Gold","floor":2.0,"gold_loss":0.0,"damage_taken":11.0},{"damage_healed":0.0,"max_hp_gain":0.0,"max_hp_loss":0.0,"gold_gain":99.0,"event_name":"Nest","player_choice":"Stole From Cult","floor":19.0,"gold_loss":0.0,"damage_taken":0.0},{"damage_healed":0.0,"max_hp_gain":0.0,"max_hp_loss":0.0,"gold_gain":0.0,"event_name":"Duplicator","player_choice":"Copied","floor":28.0,"gold_loss":0.0,"damage_taken":0.0,"cards_obtained":["Offering"]},{"damage_healed":0.0,"max_hp_gain":0.0,"max_hp_loss":0.0,"gold_gain":0.0,"cards_transformed":["Wild Strike"],"event_name":"Transmorgrifier","player_choice":"Transformed","floor":36.0,"gold_loss":0.0,"damage_taken":0.0,"cards_obtained":["Metallicize"]},{"damage_healed":0.0,"max_hp_gain":0.0,"max_hp_loss":0.0,"gold_gain":0.0,"event_name":"SensoryStone","player_choice":"Memory 1","floor":45.0,"gold_loss":0.0,"damage_taken":0.0},{"damage_healed":0.0,"max_hp_gain":0.0,"max_hp_loss":0.0,"gold_gain":100.0,"event_name":"Golden Shrine","player_choice":"Pray","floor":48.0,"gold_loss":0.0,"damage_taken":0.0}],"is_beta":false,"boss_relics":[{"not_picked":["Astrolabe","Black Star"],"picked":"Pandora\u0027s Box"},{"not_picked":["Black Blood","Empty Cage"],"picked":"Runic Pyramid"}],"items_purged_floors":[13,20,42,53],"is_endless":false,"potions_floor_spawned":[3,5,8,12,21,22,29,33,35,37,38,39,40,41,44,54],"ascension_level":4}}