{"host":"jpol0bbzretdyr3c","time":1608176092,"event":{"mods":["Act Like it!","BaseMod","Colored Map","Downfall","Gensokyo","Googly Eyes","Hallownest","Koishi","Marisa????????","Minty Spire (QoL Compilation)","Replay The Spire","StSLib","The Jungle","The Servant 0.9.4"],"gold_per_floor":[99,99,199,212,212,242,295,295,306,332,172,188,64,76,88,193,193,193,205,205,205,216,216,216,236,336,336,336,347,363,379,399,495,495,495,510,521,521,571,626,626,626,646,646,665,685,746,704,716,716],"floor_reached":51,"playtime":3440,"items_purged":[],"score":711,"play_id":"fc334300-f002-4bfa-ae22-ce79f1757576","local_time":"20201216193452","is_ascension_mode":false,"campfire_choices":[{"data":"Slimebound:Split","floor":1.0,"key":"SMITH"},{"data":"Slimebound:CorrosiveSpit","floor":8.0,"key":"SMITH"},{"data":"Slimebound:DouseInSlime","floor":18.0,"key":"SMITH"},{"data":"Slimebound:LeadByExample","floor":20.0,"key":"SMITH"},{"data":"Slimebound:SplitBruiser","floor":27.0,"key":"SMITH"},{"data":"Slimebound:OneTwoCombo","floor":35,"key":"SMITH"},{"data":"Slimebound:OneTwoCombo","floor":38,"key":"SMITH"},{"data":"Slimebound:OneTwoCombo","floor":42,"key":"SMITH"}],"circlet_count":0,"master_deck":["Slimebound:Strike_Slimebound","Slimebound:Strike_Slimebound","Slimebound:Tackle","Slimebound:Defend_Slimebound","Slimebound:Defend_Slimebound","Slimebound:Defend_Slimebound","Slimebound:Defend_Slimebound","Slimebound:Split+1","Slimebound:CorrosiveSpit+1","Slimebound:RollThrough","Slimebound:OneTwoCombo+1","Slimebound:ComboTackle","Slimebound:DouseInSlime+1","Slimebound:SplitBruiser","Slimebound:SplitBruiser+1","Slimebound:LeadByExample+1","Slimebound:SlimeBrawl+1","Slimebound:Schlurp","Slimebound:SplitBruiser","Slimebound:OneTwoCombo+1","Slimebound:SplitMire+1","Slimebound:SplitMire+1","Slimebound:PressTheAttack","Necronomicurse","Slimebound:SlimeBarrage","Slimebound:LeechEnergy","Slimebound:RollThrough+1","Slimebound:OneTwoCombo+1","Slimebound:DuplicatedForm","Slimebound:LeechEnergy","Slimebound:LivingWall+1","Slimebound:RejuvenatingLick","Slimebound:Replication+1","ReplayTheSpireMod:Restless Dread","Parasite","Slimebound:LevelUp+1","Hallownest:curseDreamersLament","Slimebound:Nibble","Slimebound:SplitLeeching","Slimebound:MegaLick+1"],"relics":["Slimebound:AbsorbEndCombat","Replay:Mystery Machine","Gensokyo:NagashiBinaDoll","Lizard Tail","PreservedInsect","Singing Bowl","Gensokyo:Bombinomicon","SlaversCollar","Bag of Marbles","Necronomicon","Cursed Key","Replay:Towering Pillar of Hats","CatCart","Meat on the Bone","Onion Ring","Bronze Scales","Lee\u0027s Waffle"],"acts_visited":["Gensokyo:Gensokyo","TheCity","TheBeyond"],"potions_floor_usage":[50,50],"damage_taken":[{"damage":12.0,"enemies":"Gensokyo:2_Kodama","floor":4.0,"turns":4.0},{"damage":20.0,"enemies":"Gensokyo:Aya","floor":6.0,"turns":6.0},{"damage":9.0,"enemies":"Gensokyo:Gryphon","floor":9.0,"turns":4.0},{"damage":18.0,"enemies":"Gensokyo:Mamizou","floor":10.0,"turns":5.0},{"damage":8.0,"enemies":"Gensokyo:3_Fairies","floor":12.0,"turns":4.0},{"damage":12.0,"enemies":"downfall:FleeingMerchant","floor":13.0,"turns":4.0},{"damage":16.0,"enemies":"Gensokyo:2_Rabbits","floor":14.0,"turns":3.0},{"damage":19.0,"enemies":"Gensokyo:Gryphon_and_Rabbit","floor":15.0,"turns":2.0},{"damage":42.0,"enemies":"downfall:Defect","floor":16.0,"turns":4.0},{"damage":21.0,"enemies":"Spheric Guardian","floor":19.0,"turns":3.0},{"damage":34.0,"enemies":"Centurion and Healer","floor":22.0,"turns":3.0},{"damage":31.0,"enemies":"Shelled Parasite and Fungi","floor":25.0,"turns":2.0},{"damage":18.0,"enemies":"3 Cultists","floor":29.0,"turns":3.0},{"damage":12.0,"enemies":"Snake Plant","floor":30.0,"turns":1.0},{"damage":24.0,"enemies":"Centurion and Healer","floor":31.0,"turns":2.0},{"damage":22.0,"enemies":"Chosen and Byrds","floor":32.0,"turns":2.0},{"damage":34.0,"enemies":"downfall:Watcher","floor":33.0,"turns":4.0},{"damage":43,"enemies":"3 Shapes","floor":36,"turns":2},{"damage":54,"enemies":"3 Darklings","floor":37,"turns":3},{"damage":19,"enemies":"Mind Bloom Boss Battle","floor":39,"turns":2},{"damage":26,"enemies":"Orin","floor":40,"turns":7},{"damage":35,"enemies":"Transient","floor":43,"turns":5},{"damage":42,"enemies":"Sphere and 2 Shapes","floor":45,"turns":3},{"damage":52,"enemies":"Writhing Mass","floor":46,"turns":5},{"damage":12,"enemies":"downfall:FleeingMerchant","floor":48,"turns":2},{"damage":31,"enemies":"4 Shapes","floor":49,"turns":3},{"damage":51,"enemies":"downfall:Ironclad","floor":50,"turns":5}],"seed_played":"3585419524330300999","potions_obtained":[{"floor":10.0,"key":"Weak Potion"},{"floor":12.0,"key":"Guardian:BlockOnCardUsePotion"},{"floor":14.0,"key":"Energy Potion"},{"floor":16.0,"key":"Dexterity Potion"},{"floor":19.0,"key":"Slimebound:SlimyTonguePotion"}],"is_trial":false,"path_per_floor":["R","?","?","M","?","E","T","R","M","E","?","M","$","M","M","B",null,"R","M","R","?","M","?","T","M","?","R","?","M","M","M","M","B",null,"R","M","M","R","?","?","T","R","M","?","M","M","?","$","M","B",null],"character_chosen":"SLIMEBOUND","items_purchased":["Slimebound:LeadByExample","Slimebound:SlimeBrawl","Bronze Scales","Lee\u0027s Waffle","Slimebound:SplitLeeching"],"campfire_rested":0,"item_purchase_floors":[13,13,48,48,48],"current_hp_per_floor":[60,60,60,60,60,53,53,53,60,58,58,60,60,56,60,45,60,60,59,59,59,60,60,60,49,49,49,33,51,60,60,58,60,60,60,38,54,54,60,60,60,60,62,62,54,64,64,73,46,69],"gold":716,"neow_bonus":"RANDOM_COMMON_RELIC","is_daily":false,"chose_seed":false,"campfire_upgraded":8,"win_rate":0.0,"timestamp":1608176092,"path_taken":["R","?","?","M","?","E","T","R","?","E","?","M","?","M","M","BOSS","R","M","R","?","?","?","T","M","?","R","?","?","M","M","M","BOSS","R","M","M","R","?","?","T","R","M","?","M","?","?","?","M","BOSS"],"items_purchased_type":["Card","Card","Relic","Relic","Card"],"build_version":"2020-12-13","purchased_purges":0,"victory":true,"max_hp_per_floor":[60,60,60,60,60,60,60,60,60,60,60,60,60,60,60,60,60,60,60,60,60,60,60,60,60,60,60,60,60,60,60,60,60,60,60,60,60,60,60,60,60,60,62,62,64,64,64,73,73,73],"card_choices":[{"not_picked":["Slimebound:Schlurp","Slimebound:ComboTackle"],"picked":"Slimebound:RollThrough","floor":4.0},{"not_picked":["Slimebound:AcidTongue","Slimebound:MassFeed"],"picked":"Slimebound:OneTwoCombo","floor":6.0},{"not_picked":["Slimebound:ViciousTackle","Slimebound:SamplingLick"],"picked":"Slimebound:ComboTackle","floor":9.0},{"not_picked":["Slimebound:AcidTongue","Slimebound:WasteNot"],"picked":"Slimebound:DouseInSlime","floor":10.0},{"not_picked":["Slimebound:LeechingTouch","Slimebound:HauntingLick"],"picked":"Slimebound:SplitBruiser","floor":12.0},{"not_picked":["Slimebound:PrepareCrush","Slimebound:LeechingTouch"],"picked":"Slimebound:SplitBruiser","floor":13.0},{"not_picked":["Slimebound:SlimeSpikes","Slimebound:GoopSpray"],"picked":"Slimebound:Schlurp","floor":14.0},{"not_picked":["Slimebound:Gluttony","Slimebound:ProtectTheBoss"],"picked":"Slimebound:SplitBruiser","floor":15.0},{"not_picked":["Slimebound:PrepareCrush","Slimebound:Overexert"],"picked":"Slimebound:OneTwoCombo","floor":16.0},{"not_picked":["Slimebound:BestDefense","Slimebound:SplitLeeching"],"picked":"Slimebound:SplitMire+1","floor":19.0},{"not_picked":["Slimebound:ViciousTackle","Slimebound:LeechingTouch"],"picked":"Slimebound:SplitMire+1","floor":22.0},{"not_picked":["Slimebound:LeechingTouch+1","Slimebound:SplitLeeching"],"picked":"Slimebound:PressTheAttack","floor":25.0},{"not_picked":["Slimebound:FinishingTackle","Slimebound:SplitMire"],"picked":"Slimebound:SlimeBarrage","floor":29.0},{"not_picked":["Slimebound:SplitMire+1","Slimebound:FinishingTackle"],"picked":"Slimebound:LeechEnergy","floor":30.0},{"not_picked":["Slimebound:BestDefense","Slimebound:GoopSpray"],"picked":"Slimebound:RollThrough+1","floor":31.0},{"not_picked":["Slimebound:RainOfGoop","Slimebound:SplitMire"],"picked":"Slimebound:OneTwoCombo","floor":32.0},{"not_picked":["Slimebound:RallyTheTroops","Slimebound:MassRepurpose"],"picked":"Slimebound:DuplicatedForm","floor":33.0},{"not_picked":["Slimebound:SlimeTap","Slimebound:Chomp+1"],"picked":"Slimebound:LeechEnergy","floor":36},{"not_picked":["Slimebound:FlameTackle","Slimebound:LeechEnergy+1"],"picked":"Slimebound:LivingWall+1","floor":37},{"not_picked":["Slimebound:SlimeSpikes","Slimebound:SplitAcid"],"picked":"Slimebound:RejuvenatingLick","floor":39},{"not_picked":["Slimebound:FinishingTackle","Slimebound:RollThrough"],"picked":"Slimebound:Replication+1","floor":40},{"not_picked":["Slimebound:FinishingTackle+1","Slimebound:BestDefense","Slimebound:LeechingTouch"],"picked":"Singing Bowl","floor":43},{"not_picked":["Slimebound:GrowthPunch","Slimebound:RollThrough+1","Slimebound:Grow"],"picked":"Singing Bowl","floor":45},{"not_picked":["Slimebound:GoopTackle+1","Slimebound:RallyTheTroops"],"picked":"Slimebound:LevelUp+1","floor":46},{"not_picked":["Slimebound:Grow","Slimebound:FlameTackle"],"picked":"Slimebound:Nibble","floor":47},{"not_picked":["Slimebound:LeadByExample","Slimebound:Dissolve+1","Slimebound:RollThrough"],"picked":"Singing Bowl","floor":48},{"not_picked":["Slimebound:DisruptingSlam","Slimebound:ViciousTackle+1"],"picked":"Slimebound:MegaLick+1","floor":49}],"player_experience":415795,"relics_obtained":[{"floor":6.0,"key":"Lizard Tail"},{"floor":7.0,"key":"PreservedInsect"},{"floor":10.0,"key":"Singing Bowl"},{"floor":24.0,"key":"Bag of Marbles"},{"floor":28.0,"key":"Necronomicon"},{"floor":39,"key":"Replay:Towering Pillar of Hats"},{"floor":40,"key":"CatCart"},{"floor":41,"key":"Meat on the Bone"},{"floor":47,"key":"Onion Ring"}],"event_choices":[{"damage_healed":0.0,"max_hp_gain":0.0,"max_hp_loss":0.0,"gold_gain":0.0,"event_name":"Upgrade Shrine","player_choice":"Upgraded","floor":21.0,"gold_loss":0.0,"damage_taken":0.0,"cards_upgraded":["Slimebound:SlimeBrawl"]},{"damage_healed":0.0,"max_hp_gain":0.0,"max_hp_loss":0.0,"gold_gain":0.0,"event_name":"Vampires","player_choice":"Ignored","floor":23.0,"gold_loss":0.0,"damage_taken":0.0},{"damage_healed":0,"gold_gain":0,"player_choice":"Fight","damage_taken":0,"max_hp_gain":0,"max_hp_loss":0,"event_name":"OrinTheCat","floor":40,"gold_loss":0},{"damage_healed":0,"gold_gain":0,"player_choice":"Ignored","damage_taken":0,"max_hp_gain":0,"max_hp_loss":0,"event_name":"Purifier","floor":44,"gold_loss":0}],"is_beta":false,"boss_relics":[{"not_picked":["Runic Dome","ReplayTheSpireMod:DimensionalGlitch"],"picked":"SlaversCollar"},{"not_picked":["Slimebound:TarBlob","Pandora\u0027s Box"],"picked":"Cursed Key"}],"items_purged_floors":[],"is_endless":false,"potions_floor_spawned":[10,12,14,16,19,25,33,37,40,45],"ascension_level":0}}