{"host":"i41n6wh529970c2c","time":1608246535,"event":{"mods":["Act Like it!","BaseMod","BetterRewards","Friendly Minions","Gold Saver","Hermit","Minty Spire (QoL Compilation)","Replay The Spire","Shop Mod","StSLib"],"gold_per_floor":[1041,1077,595,595,595,630,105,152,167,167,217,265,280,280,365,398,398,471,471,506,656,668,752,835,835,835],"floor_reached":25,"playtime":1098,"items_purged":["Bash","Strike_R","Strike_R"],"score":523,"play_id":"9afc96a6-c20b-4160-a6df-7084ce6fd950","local_time":"20201217180855","is_ascension_mode":true,"campfire_choices":[{"data":"Whirlwind","floor":10.0,"key":"SMITH"},{"floor":17.0,"key":"DIG"}],"circlet_count":0,"master_deck":["AscendersBane","Strike_R","Strike_R","Strike_R","Defend_R","Defend_R","Defend_R","Defend_R","Whirlwind+1","HandOfGreed","Spot Weakness","Inflame","Heavy Blade","Demonic Infusion","Battle Trance","Fire Breathing","Seeing Red","Inflame","Battle Trance","Immolate","ReplayTheSpireMod:Muscle Training+1","Flex"],"relics":["Burning Blood","Dead Branch","Charon\u0027s Ashes","Red Skull","Orrery","Pen Nib","Gremlin Food","Frozen Eye","Replay:Bottled Snecko","Gremlin Horn","Vajra","ReplayFunnel","SsserpentHead","MealTicket","Black Star"],"acts_visited":["Exordium","TheCity"],"potions_floor_usage":[],"damage_taken":[{"damage":2.0,"enemies":"Jaw Worm","floor":1.0,"turns":3.0},{"damage":0.0,"enemies":"Cultist","floor":2.0,"turns":2.0},{"damage":2.0,"enemies":"2 Louse","floor":6.0,"turns":2.0},{"damage":1.0,"enemies":"Replay:BlueRogue","floor":8.0,"turns":4.0},{"damage":3.0,"enemies":"Blue Slaver","floor":9.0,"turns":4.0},{"damage":6.0,"enemies":"Gremlin Nob","floor":12.0,"turns":3.0},{"damage":11.0,"enemies":"Looter","floor":13.0,"turns":3.0},{"damage":0.0,"enemies":"3 Louse","floor":15.0,"turns":1.0},{"damage":0.0,"enemies":"Exordium Wildlife","floor":16.0,"turns":2.0},{"damage":16.0,"enemies":"Fading Forest","floor":18.0,"turns":11.0},{"damage":26.0,"enemies":"3 Byrds","floor":20.0,"turns":4.0},{"damage":31.0,"enemies":"2 Thieves","floor":22.0,"turns":3.0},{"damage":14.0,"enemies":"Centurion and Healer","floor":23.0,"turns":6.0},{"damage":1.0,"enemies":"3 Cultists","floor":24.0,"turns":2.0},{"damage":0,"enemies":"Book of Stabbing","floor":25,"turns":2}],"seed_played":"-1106808585366153462","potions_obtained":[{"floor":1.0,"key":"Explosive Potion"},{"floor":6.0,"key":"Elixir"},{"floor":8.0,"key":"BloodPotion"},{"floor":18.0,"key":"Weak Potion"},{"floor":20.0,"key":"Venom Potion"}],"is_trial":false,"path_per_floor":["M","M","$","PTL","PTL","M","$","E","M","R","T","E","M","?","M","M","R","B",null,"M","?","M","M","M","E"],"character_chosen":"IRONCLAD","items_purchased":["Charon\u0027s Ashes","Red Skull","HandOfGreed","Orrery","Pen Nib","Gremlin Food","Battle Trance","Frozen Eye","Replay:Bottled Snecko"],"campfire_rested":0,"item_purchase_floors":[0,0,0,0,3,3,3,7,7],"current_hp_per_floor":[28,34,34,34,34,38,38,43,46,46,46,46,41,41,47,53,53,51,73,53,53,28,36,41,41,41],"gold":835,"neow_bonus":"","is_daily":false,"chose_seed":false,"campfire_upgraded":1,"win_rate":0.0,"timestamp":1608246535,"path_taken":["M","M","$","PTL","PTL","M","$","E","M","R","T","E","M","?","?","M","R","BOSS","M","?","M","?","?","E"],"items_purchased_type":["Relic","Relic","Card","Relic","Relic","Relic","Card","Relic","Relic"],"build_version":"2020-12-13","purchased_purges":3,"victory":false,"max_hp_per_floor":[80,80,80,80,80,80,80,80,80,80,80,80,80,80,80,80,80,80,80,80,80,80,80,80,80,80],"card_choices":[{"not_picked":["Bludgeon","Replay:Undeath\u0027s Touch"],"picked":"Spot Weakness","floor":0.0},{"not_picked":["Massacre","Cleave"],"picked":"Inflame","floor":0.0},{"not_picked":["Whirlwind","Replay:Undeath\u0027s Touch"],"picked":"Heavy Blade","floor":0.0},{"not_picked":["ReplayTheSpireMod:Corrosion Curse","Flex"],"picked":"Demonic Infusion","floor":1.0},{"not_picked":["Rage","Dropkick","True Grit"],"picked":"SKIP","floor":2.0},{"not_picked":["Sever Soul","Carnage","Hemokinesis"],"picked":"SKIP","floor":6.0},{"not_picked":["True Grit","Body Slam"],"picked":"Fire Breathing","floor":8.0},{"not_picked":["Iron Wave","Warcry","Disarm"],"picked":"SKIP","floor":9.0},{"not_picked":["Flex","Massacre"],"picked":"Seeing Red","floor":12.0},{"not_picked":["Thunderclap","Twin Strike","Life Link"],"picked":"SKIP","floor":13.0},{"not_picked":["Blood for Blood","Intimidate"],"picked":"Inflame","floor":15.0},{"not_picked":["Juggernaut","Armaments"],"picked":"Battle Trance","floor":16.0},{"not_picked":["Feed","Bludgeon"],"picked":"Immolate","floor":18.0},{"not_picked":["Headbutt","Spot Weakness"],"picked":"ReplayTheSpireMod:Muscle Training+1","floor":20.0},{"not_picked":["Fire Breathing","Inflame"],"picked":"Flex","floor":22.0},{"not_picked":["Combust+1","Clash","ReplayTheSpireMod:Stacked+1"],"picked":"SKIP","floor":23.0},{"not_picked":["Searing Blow","Pommel Strike","Warcry"],"picked":"SKIP","floor":24.0}],"player_experience":844354,"relics_obtained":[{"floor":8.0,"key":"Gremlin Horn"},{"floor":11.0,"key":"Vajra"},{"floor":12.0,"key":"ReplayFunnel"},{"floor":17.0,"key":"MealTicket"}],"event_choices":[{"damage_healed":0.0,"max_hp_gain":0.0,"max_hp_loss":0.0,"gold_gain":0.0,"event_name":"FaceTrader","player_choice":"Trade","floor":14.0,"gold_loss":0.0,"damage_taken":0.0,"relics_obtained":["SsserpentHead"]},{"damage_healed":0.0,"max_hp_gain":0.0,"max_hp_loss":0.0,"gold_gain":100.0,"event_name":"Golden Shrine","player_choice":"Pray","floor":21.0,"gold_loss":0.0,"damage_taken":0.0}],"is_beta":false,"boss_relics":[{"not_picked":["Replay:Wanted Poster","Calling Bell"],"picked":"Black Star"}],"items_purged_floors":[0,3,7],"is_endless":false,"potions_floor_spawned":[1,6,8,13,18,20,22],"killed_by":"Book of Stabbing","ascension_level":13}}