{"host":"1hzg86ju9fvxh562","time":1608166238,"event":{"mods":["AchievementEnabler","Act Like it!","AlwaysNeverKeys","BaseMod","Bestiary","Better Altar","Better Match","Better Note","Better Sensory Stone","Better Skull","Better Third Choice","Colored Map","Colored Powertips","Curses Come First","Displayed Cursed Tome","Downfall","Filter the Spire","Highlight Path","Keyboard Shortcuts","Minty Spire (QoL Compilation)","Rare Cards Sparkle","Relic Sorter","Relic Stats","Spicy Shops","StSLib","everything is the same but u backflip on backflip","slay the spire mod where everything is the same but ironclad has a cowboy hat"],"gold_per_floor":[117,132,132,147,165,196,196,196,224,149,169,181,195,205,205,205,205],"floor_reached":16,"playtime":2195,"items_purged":[],"score":116,"play_id":"4128de0e-a114-4f23-a23e-cfe82480ad5f","local_time":"20201216225038","is_ascension_mode":false,"campfire_choices":[{"data":"champ:BerserkersShout","floor":10.0,"key":"SMITH"},{"data":"champ:ViciousMockery","floor":15,"key":"SMITH"}],"circlet_count":0,"master_deck":["champ:Strike","champ:Strike","champ:Defend","champ:Defend","champ:Defend","champ:Defend","champ:Execute","champ:Taunt","champ:BerserkersShout+1","champ:BerserkersShout","champ:Backstep","champ:TornadoPunch","champ:CrookedStrike+1","champ:ShieldWall","champ:ArenaPreparation","champ:StanceDance","champ:ViciousMockery+1","champ:FanOfKnives+1"],"relics":["champ:ChampionCrown","Molten Egg 2","Eternal Feather","Mummified Hand","downfall:HeartBlessingGreen"],"acts_visited":["Exordium"],"potions_floor_usage":[13,14],"damage_taken":[{"damage":0.0,"enemies":"2 Louse","floor":1.0,"turns":2.0},{"damage":12.0,"enemies":"Cultist","floor":2.0,"turns":4.0},{"damage":29.0,"enemies":"Small Slimes","floor":4.0,"turns":6.0},{"damage":17.0,"enemies":"Exordium Wildlife","floor":5.0,"turns":4.0},{"damage":60.0,"enemies":"Lagavulin","floor":6.0,"turns":8.0},{"damage":41.0,"enemies":"Gremlin Nob","floor":9.0,"turns":5.0},{"damage":47.0,"enemies":"Exordium Thugs","floor":11.0,"turns":7.0},{"damage":46,"enemies":"Large Slime","floor":12,"turns":5},{"damage":34,"enemies":"2 Fungi Beasts","floor":13,"turns":5},{"damage":26,"enemies":"Large Slime","floor":14,"turns":5},{"damage":51,"enemies":"downfall:Silent","floor":16,"turns":6}],"seed_played":"-1189987978096283826","potions_obtained":[{"floor":4.0,"key":"Explosive Potion"},{"floor":5.0,"key":"AttackPotion"},{"floor":6.0,"key":"DuplicationPotion"},{"floor":11.0,"key":"champ:TechniquePotion"},{"floor":12,"key":"PowerPotion"}],"is_trial":false,"path_per_floor":["M","M","?","M","M","E","T","?","E","R","M","M","M","M","R","B"],"character_chosen":"THE_CHAMP","items_purchased":[],"campfire_rested":0,"item_purchase_floors":[],"current_hp_per_floor":[99,98,98,85,76,55,55,55,41,50,49,41,41,41,50,0,0],"gold":205,"neow_bonus":"TEN_PERCENT_HP_BONUS","is_daily":false,"chose_seed":false,"campfire_upgraded":2,"win_rate":0.0,"timestamp":1608166238,"path_taken":["M","M","?","M","M","E","T","?","E","R","M","M","M","M","R","BOSS"],"items_purchased_type":[],"build_version":"2020-12-13","purchased_purges":0,"victory":false,"max_hp_per_floor":[99,99,99,99,99,99,99,99,99,99,104,104,104,104,104,104,104],"relic_stats":{"counters":[11,57],"Mummified Hand":[7],"Eternal Feather":18,"obtain_stats":[{"Mummified Hand":9,"champ:ChampionCrown":0,"Molten Egg 2":6,"Eternal Feather":7,"downfall:HeartBlessingGreen":10},{"Mummified Hand":6,"champ:ChampionCrown":0,"Molten Egg 2":5,"Eternal Feather":5,"downfall:HeartBlessingGreen":6},{"Mummified Hand":29,"champ:ChampionCrown":0,"Molten Egg 2":24,"Eternal Feather":24,"downfall:HeartBlessingGreen":29}]},"card_choices":[{"not_picked":["champ:AdrenalArmor","champ:IronFortress"],"picked":"champ:BerserkersShout","floor":1.0},{"not_picked":["champ:PerfectedStrike","champ:IronFortress"],"picked":"champ:BerserkersShout","floor":2.0},{"not_picked":["champ:PerfectedStrike","champ:DefensiveStyle"],"picked":"champ:Backstep","floor":4.0},{"not_picked":["champ:EndlessRage","champ:GladiatorStyle"],"picked":"champ:TornadoPunch","floor":5.0},{"not_picked":["champ:DefensiveStyle","champ:BladeFlurry+1"],"picked":"champ:CrookedStrike+1","floor":6.0},{"not_picked":["champ:DefensiveShout","champ:Lariat"],"picked":"champ:FightOn","floor":9.0},{"not_picked":["champ:FocusedDefense","champ:TornadoPunch+1"],"picked":"champ:ArenaPreparation","floor":11.0},{"not_picked":["champ:FanOfKnives+1","champ:ViciousMockery"],"picked":"champ:StanceDance","floor":12},{"not_picked":["champ:HeavySlash+1","champ:SkillfulDodge"],"picked":"champ:ViciousMockery","floor":13},{"not_picked":["champ:BerserkersShout","champ:GladiatorsShout"],"picked":"champ:FanOfKnives+1","floor":14}],"player_experience":437323,"relics_obtained":[{"floor":6.0,"key":"Molten Egg 2"},{"floor":7.0,"key":"Eternal Feather"},{"floor":9.0,"key":"Mummified Hand"}],"event_choices":[{"cards_removed":["champ:Strike"],"damage_healed":0.0,"max_hp_gain":0.0,"max_hp_loss":0.0,"gold_gain":0.0,"event_name":"The Cleric","player_choice":"Card Removal","floor":3.0,"gold_loss":0.0,"damage_taken":0.0},{"damage_healed":0.0,"max_hp_gain":0.0,"max_hp_loss":0.0,"gold_gain":0.0,"cards_transformed":["champ:Strike"],"event_name":"Transmorgrifier","player_choice":"Transformed","floor":8.0,"gold_loss":0.0,"damage_taken":0.0,"cards_obtained":["champ:ShieldWall"]}],"is_beta":false,"boss_relics":[],"items_purged_floors":[],"is_endless":false,"potions_floor_spawned":[4,5,6,11,12],"killed_by":"downfall:Silent","ascension_level":0}}