{"host":"vtakxgab1vu2j1nx","time":1608214973,"event":{"mods":["AchievementEnabler","BaseMod","Colored Map","Minty Spire (QoL Compilation)","Quick Restart","SuperFastMode"],"gold_per_floor":[116,134,134,134,152,152,152,179,233,259,211,231,261,272,272,374,374,392,412,425,425,197,197,197],"floor_reached":23,"playtime":536,"items_purged":[],"score":338,"play_id":"ed31472b-af21-4ae2-8067-f61679da59fb","local_time":"20201217092253","is_ascension_mode":true,"campfire_choices":[{"data":"Uppercut","floor":6.0,"key":"SMITH"},{"floor":15.0,"key":"REST"}],"circlet_count":0,"master_deck":["AscendersBane","Strike_R","Strike_R","Strike_R+1","Strike_R","Strike_R","Defend_R+1","Defend_R","Defend_R+1","Defend_R","Bash","Armaments+1","Bloodletting+1","Iron Wave","Spot Weakness","Cleave","Perfected Strike","Bludgeon","Shrug It Off","Barricade","Armaments","Heavy Blade","Thunderclap","Body Slam","Inflame","Flame Barrier","Reaper"],"relics":["Burning Blood","NeowsBlessing","Mango","War Paint","HornCleat","MealTicket","Cursed Key"],"acts_visited":["Exordium","TheCity"],"potions_floor_usage":[16,18,20],"damage_taken":[{"damage":0.0,"enemies":"Cultist","floor":1.0,"turns":1.0},{"damage":0.0,"enemies":"Jaw Worm","floor":2.0,"turns":1.0},{"damage":0.0,"enemies":"Small Slimes","floor":5.0,"turns":1.0},{"damage":28.0,"enemies":"Lagavulin","floor":8.0,"turns":6.0},{"damage":42.0,"enemies":"3 Sentries","floor":10.0,"turns":10.0},{"damage":0.0,"enemies":"2 Fungi Beasts","floor":12.0,"turns":3.0},{"damage":14.0,"enemies":"Lagavulin","floor":13.0,"turns":5.0},{"damage":12.0,"enemies":"Red Slaver","floor":14.0,"turns":2.0},{"damage":47,"enemies":"Slime Boss","floor":16,"turns":10},{"damage":29,"enemies":"3 Byrds","floor":18,"turns":6},{"damage":14,"enemies":"Shell Parasite","floor":19,"turns":4},{"damage":8,"enemies":"Centurion and Healer","floor":20,"turns":5},{"damage":33,"enemies":"Book of Stabbing","floor":23,"turns":5}],"seed_played":"-8860659205108115705","potions_obtained":[{"floor":5.0,"key":"Regen Potion"},{"floor":12.0,"key":"EssenceOfSteel"},{"floor":14.0,"key":"Fire Potion"},{"floor":16,"key":"EssenceOfSteel"},{"floor":20,"key":"EntropicBrew"}],"is_trial":false,"path_per_floor":["M","M","T","?","M","R","?","E","T","E","$","M","E","M","R","B",null,"M","M","M","?","$","E"],"character_chosen":"IRONCLAD","items_purchased":["Cleave","Inflame","Flame Barrier","Reaper"],"campfire_rested":1,"item_purchase_floors":[11,22,22,22],"current_hp_per_floor":[78,80,80,64,70,70,70,76,76,40,40,46,38,32,60,19,75,52,44,42,42,57,24,24],"gold":197,"neow_bonus":"THREE_ENEMY_KILL","is_daily":false,"chose_seed":false,"campfire_upgraded":1,"win_rate":0.0,"timestamp":1608214973,"path_taken":["M","M","?","?","M","R","?","E","T","E","$","M","E","M","R","BOSS","M","M","M","?","$","E"],"items_purchased_type":["Card","Card","Card","Card"],"build_version":"2020-12-13","purchased_purges":0,"victory":false,"max_hp_per_floor":[80,80,80,80,80,80,80,94,94,94,94,94,94,94,94,94,94,94,94,94,94,94,94,94],"card_choices":[{"not_picked":["Thunderclap","Clash"],"picked":"Armaments","floor":1.0},{"not_picked":["Sword Boomerang","Dark Embrace"],"picked":"Uppercut","floor":2.0},{"not_picked":["Clothesline","Pommel Strike"],"picked":"Bloodletting","floor":5.0},{"not_picked":["Shrug It Off","Heavy Blade"],"picked":"Iron Wave","floor":8.0},{"not_picked":["Reckless Charge","Clash"],"picked":"Spot Weakness","floor":10.0},{"not_picked":["Dark Embrace","Rupture"],"picked":"Perfected Strike","floor":12.0},{"not_picked":["Intimidate","Sentinel"],"picked":"Bludgeon","floor":13.0},{"not_picked":["Warcry","Pommel Strike"],"picked":"Shrug It Off","floor":14.0},{"not_picked":["Fiend Fire","Brutality"],"picked":"Barricade","floor":16},{"not_picked":["Warcry","Body Slam"],"picked":"Armaments","floor":18},{"not_picked":["Warcry","Havoc+1"],"picked":"Heavy Blade","floor":19},{"not_picked":["Ghostly Armor","Wild Strike"],"picked":"Thunderclap","floor":20}],"player_experience":182535,"relics_obtained":[{"floor":8.0,"key":"Mango"},{"floor":9.0,"key":"War Paint"},{"floor":10.0,"key":"HornCleat"},{"floor":13.0,"key":"MealTicket"}],"event_choices":[{"damage_healed":0.0,"max_hp_gain":0.0,"max_hp_loss":0.0,"gold_gain":0.0,"event_name":"Shining Light","player_choice":"Entered Light","floor":4.0,"gold_loss":0.0,"damage_taken":16.0,"cards_upgraded":["Strike_R","Armaments"]},{"damage_healed":0.0,"max_hp_gain":0.0,"max_hp_loss":0.0,"gold_gain":0.0,"event_name":"Living Wall","player_choice":"Grow","floor":7.0,"gold_loss":0.0,"damage_taken":0.0,"cards_upgraded":["Bloodletting"]},{"damage_healed":0,"gold_gain":0,"cards_transformed":["Uppercut"],"player_choice":"Transformed","damage_taken":0,"max_hp_gain":0,"max_hp_loss":0,"event_name":"Transmorgrifier","floor":21,"gold_loss":0,"cards_obtained":["Body Slam"]}],"is_beta":false,"boss_relics":[{"not_picked":["Astrolabe","Philosopher\u0027s Stone"],"picked":"Cursed Key"}],"items_purged_floors":[],"is_endless":false,"potions_floor_spawned":[5,12,14,16,20],"killed_by":"Book of Stabbing","ascension_level":12}}