{"host":"qgwlv9366poilr0p","time":1608194212,"event":{"mods":["BaseMod","Colored Powertips","Dota2Spire","Friendly Minions","Halation","Hubris","Infinite Spire","Minty Spire (QoL Compilation)","Relic Stats","Replay The Spire","Shop Mod","StSLib","The Blue Laboratory","vexMod"],"gold_per_floor":[111,111,127,141,141,173,28,28,28,28,28,28,28,59,59,59,59],"floor_reached":16,"playtime":548,"items_purged":["Strike_B"],"score":186,"play_id":"78b7ffd5-2e2a-4dad-b09d-14259119d6f5","local_time":"20201217093652","is_ascension_mode":true,"campfire_choices":[{"data":"Static Discharge","floor":8,"key":"SMITH"},{"data":"Capacitor","floor":10,"key":"SMITH"},{"data":"Dualcast","floor":13,"key":"SMITH"},{"floor":15,"key":"DIG"}],"circlet_count":0,"master_deck":["AscendersBane","Strike_B","Strike_B","Strike_B","Defend_B","Defend_B","Defend_B","Defend_B","Zap+1","Dualcast+1","Capacitor+1","Cold Snap","Compile Driver","Leap","Static Discharge+1","Decay","Glacier"],"relics":["Cracked Core","NeowsBlessing","hubris:Metronome","Nunchaku","Dota2Spire:LinkenSphere","infinitespire:Bottled Soul"],"acts_visited":["Exordium"],"potions_floor_usage":[6,16],"damage_taken":[{"damage":0,"enemies":"Small Slimes","floor":1,"turns":1},{"damage":0,"enemies":"Cultist","floor":3,"turns":1},{"damage":0,"enemies":"2 Louse","floor":4,"turns":1},{"damage":22,"enemies":"Gremlin Nob","floor":6,"turns":4},{"damage":16,"enemies":"3 Sentries","floor":14,"turns":5},{"damage":26,"enemies":"Hexaghost","floor":16,"turns":13}],"seed_played":"-8536180808312959250","potions_obtained":[{"floor":1,"key":"blueLaboratory:ConsumingVoid"},{"floor":2,"key":"FocusPotion"},{"floor":14,"key":"SkillPotion"}],"is_trial":false,"path_per_floor":["M","?","M","M","?","E","$","R","T","R","$","?","R","E","R","B"],"character_chosen":"DEFECT","items_purchased":["Static Discharge"],"campfire_rested":0,"item_purchase_floors":[7],"current_hp_per_floor":[64,64,64,64,64,42,42,42,42,42,42,42,42,26,26,0,0],"gold":59,"neow_bonus":"THREE_ENEMY_KILL","is_daily":false,"chose_seed":false,"campfire_upgraded":3,"win_rate":0.0,"timestamp":1608194212,"path_taken":["M","?","?","M","?","E","?","R","T","R","$","?","R","E","R","BOSS"],"items_purchased_type":["Card"],"build_version":"2020-12-13","purchased_purges":1,"victory":false,"max_hp_per_floor":[71,71,71,71,71,71,71,71,71,71,71,71,71,71,71,71,71],"relic_stats":{"Nunchaku":[2],"counters":[6,25],"obtain_stats":[{"hubris:Metronome":6,"Nunchaku":9,"NeowsBlessing":0,"infinitespire:Bottled Soul":15,"Dota2Spire:LinkenSphere":14,"Cracked Core":0},{"hubris:Metronome":4,"Nunchaku":4,"NeowsBlessing":0,"infinitespire:Bottled Soul":5,"Dota2Spire:LinkenSphere":5,"Cracked Core":0},{"hubris:Metronome":7,"Nunchaku":7,"NeowsBlessing":0,"infinitespire:Bottled Soul":12,"Dota2Spire:LinkenSphere":12,"Cracked Core":0}]},"card_choices":[{"not_picked":["Rebound","Sweeping Beam"],"picked":"Capacitor","floor":1},{"not_picked":["Streamline","Blizzard"],"picked":"Cold Snap","floor":3},{"not_picked":["Go for the Eyes","Stack"],"picked":"Compile Driver","floor":4},{"not_picked":["Reinforced Body","Streamline"],"picked":"Leap","floor":6},{"not_picked":["hubris:PowerSurge","Conserve Battery"],"picked":"Glacier","floor":14}],"player_experience":1054019,"relics_obtained":[{"floor":6,"key":"hubris:Metronome"},{"floor":9,"key":"Nunchaku"},{"floor":14,"key":"Dota2Spire:LinkenSphere"},{"floor":15,"key":"infinitespire:Bottled Soul"}],"event_choices":[{"damage_healed":0,"gold_gain":0,"player_choice":"Got Potions","damage_taken":0,"max_hp_gain":0,"max_hp_loss":0,"event_name":"Lab","floor":2,"gold_loss":0},{"damage_healed":0,"gold_gain":0,"player_choice":"Cursed","damage_taken":0,"max_hp_gain":0,"max_hp_loss":0,"event_name":"Wheel of Change","floor":12,"gold_loss":0,"cards_obtained":["Decay"]}],"is_beta":false,"boss_relics":[],"items_purged_floors":[7],"is_endless":false,"potions_floor_spawned":[1,14],"killed_by":"Hexaghost","ascension_level":15}}