{"host":"dvpvhz1t6etneyb3","time":1608231096,"event":{"mods":["AchievementEnabler","BaseMod","Colored Map","Highlight Path","Minty Spire (QoL Compilation)","Permanent Neow","Quick Restart"],"gold_per_floor":[110,110,125,137,153,178,178,178,178,203,128,128,146,164,164,243,243,260,280,280,13,63,88,9,9,9,9,9,42,42,75,75,75,75],"floor_reached":33,"playtime":1597,"items_purged":["Decay"],"score":622,"play_id":"fcbdba92-68c9-4d56-aa0c-d59cde02b7df","local_time":"20201217135136","is_ascension_mode":true,"campfire_choices":[{"data":"Well Laid Plans","floor":7.0,"key":"SMITH"},{"data":"Noxious Fumes","floor":12.0,"key":"SMITH"},{"data":"Skewer","floor":15.0,"key":"SMITH"},{"floor":25.0,"key":"REST"},{"data":"Finisher","floor":27.0,"key":"SMITH"},{"floor":32,"key":"REST"}],"circlet_count":0,"master_deck":["AscendersBane","Strike_G+1","Strike_G","Strike_G+1","Defend_G","Defend_G","Defend_G+1","Defend_G","Defend_G+1","Survivor","Neutralize","Dash","Well Laid Plans+1","All Out Attack","Noxious Fumes+1","Skewer+1","Dagger Throw","After Image","Endless Agony","Bouncing Flask","Deadly Poison","Flechettes","Finisher+1","Shame","PiercingWail"],"relics":["Cursed Key","HornCleat","Bottled Tornado","War Paint","Runic Dome","Strawberry","Whetstone","Orichalcum","Lantern","WingedGreaves","Vajra"],"acts_visited":["Exordium","TheCity"],"potions_floor_usage":[31,33],"damage_taken":[{"damage":0.0,"enemies":"2 Louse","floor":1.0,"turns":3.0},{"damage":1.0,"enemies":"Cultist","floor":3.0,"turns":5.0},{"damage":0.0,"enemies":"Jaw Worm","floor":4.0,"turns":5.0},{"damage":2.0,"enemies":"3 Louse","floor":5.0,"turns":4.0},{"damage":19.0,"enemies":"Gremlin Nob","floor":6.0,"turns":4.0},{"damage":14.0,"enemies":"3 Sentries","floor":10.0,"turns":8.0},{"damage":6.0,"enemies":"Exordium Thugs","floor":13.0,"turns":5.0},{"damage":3.0,"enemies":"Lots of Slimes","floor":14.0,"turns":4.0},{"damage":10.0,"enemies":"Slime Boss","floor":16.0,"turns":8.0},{"damage":0.0,"enemies":"3 Byrds","floor":18.0,"turns":6.0},{"damage":1.0,"enemies":"Chosen","floor":19.0,"turns":5.0},{"damage":27.0,"enemies":"Book of Stabbing","floor":23.0,"turns":6.0},{"damage":14.0,"enemies":"Slavers","floor":29.0,"turns":6.0},{"damage":17,"enemies":"Gremlin Leader","floor":31,"turns":5},{"damage":69,"enemies":"Collector","floor":33,"turns":10}],"seed_played":"-5073100117903220838","potions_obtained":[{"floor":1.0,"key":"SkillPotion"},{"floor":4.0,"key":"BlessingOfTheForge"},{"floor":6.0,"key":"FairyPotion"},{"floor":14.0,"key":"PowerPotion"},{"floor":18.0,"key":"Ancient Potion"},{"floor":23.0,"key":"CunningPotion"},{"floor":31,"key":"CunningPotion"}],"is_trial":false,"path_per_floor":["M","?","M","M","M","E","R","?","T","E","?","R","M","M","R","B",null,"M","M","?","$","?","E","$","R","T","R","?","E","?","E","R","B"],"character_chosen":"THE_SILENT","items_purchased":["Strawberry","Deadly Poison","Finisher"],"campfire_rested":2,"item_purchase_floors":[21,21,24],"current_hp_per_floor":[59,59,58,58,56,37,37,42,42,28,28,28,22,19,19,9,56,56,55,35,42,42,15,15,39,39,39,39,25,25,8,32,0,0],"gold":75,"neow_bonus":"BOSS_RELIC","is_daily":false,"chose_seed":false,"campfire_upgraded":4,"win_rate":0.0,"timestamp":1608231096,"path_taken":["M","?","M","?","M","E","R","?","T","E","?","R","?","M","R","BOSS","M","?","?","$","?","E","$","R","T","R","?","E","?","E","R","BOSS"],"items_purchased_type":["Relic","Card","Card"],"build_version":"2020-12-13","purchased_purges":1,"victory":false,"max_hp_per_floor":[66,66,66,66,66,66,66,71,71,71,71,71,71,71,71,71,71,71,71,76,83,83,83,83,83,83,83,83,83,83,83,83,83,83],"card_choices":[{"not_picked":["Outmaneuver","Bane","Distraction"],"picked":"SKIP","floor":1.0},{"not_picked":["Cloak And Dagger","Setup"],"picked":"Dash","floor":3.0},{"not_picked":["Calculated Gamble","Dodge and Roll"],"picked":"Well Laid Plans","floor":4.0},{"not_picked":["Riddle With Holes","Slice"],"picked":"All Out Attack","floor":5.0},{"not_picked":["Calculated Gamble","Adrenaline"],"picked":"Noxious Fumes","floor":6.0},{"not_picked":["Flying Knee","Expertise","Blade Dance"],"picked":"SKIP","floor":10.0},{"not_picked":["Leg Sweep","Quick Slash"],"picked":"Skewer","floor":13.0},{"not_picked":["Prepared","Caltrops"],"picked":"Dagger Throw","floor":14.0},{"not_picked":["Grand Finale","Envenom"],"picked":"After Image","floor":16.0},{"not_picked":["Dodge and Roll","Outmaneuver"],"picked":"Endless Agony","floor":18.0},{"not_picked":["Blur","Underhanded Strike"],"picked":"Bouncing Flask","floor":19.0},{"not_picked":["Quick Slash","Tactician"],"picked":"Flechettes","floor":23.0},{"not_picked":["Dagger Spray","Slice","Dash"],"picked":"SKIP","floor":29.0},{"not_picked":["Poisoned Stab","Eviscerate"],"picked":"PiercingWail","floor":31}],"player_experience":1870640,"relics_obtained":[{"floor":6.0,"key":"HornCleat"},{"floor":9.0,"key":"Bottled Tornado"},{"floor":10.0,"key":"War Paint"},{"floor":23.0,"key":"Whetstone"},{"floor":26.0,"key":"Orichalcum"},{"floor":29.0,"key":"WingedGreaves"},{"floor":31,"key":"Vajra"}],"event_choices":[{"cards_removed":["Strike_G"],"damage_healed":0.0,"max_hp_gain":0.0,"max_hp_loss":0.0,"gold_gain":0.0,"event_name":"Bonfire Elementals","player_choice":"Offered Basic","floor":2.0,"gold_loss":0.0,"damage_taken":0.0},{"damage_healed":0.0,"max_hp_gain":5.0,"max_hp_loss":0.0,"gold_gain":0.0,"event_name":"Big Fish","player_choice":"Donut","floor":8.0,"gold_loss":0.0,"damage_taken":0.0},{"cards_removed":["Strike_G"],"damage_healed":0.0,"max_hp_gain":0.0,"max_hp_loss":0.0,"gold_gain":0.0,"event_name":"The Cleric","player_choice":"Card Removal","floor":11.0,"gold_loss":75.0,"damage_taken":0.0},{"damage_healed":0.0,"max_hp_gain":5.0,"max_hp_loss":0.0,"gold_gain":0.0,"event_name":"Forgotten Altar","player_choice":"Shed Blood","floor":20.0,"gold_loss":0.0,"damage_taken":25.0},{"damage_healed":0.0,"max_hp_gain":0.0,"max_hp_loss":0.0,"gold_gain":50.0,"event_name":"Nest","player_choice":"Stole From Cult","floor":22.0,"gold_loss":0.0,"damage_taken":0.0},{"damage_healed":0.0,"max_hp_gain":0.0,"max_hp_loss":0.0,"gold_gain":0.0,"event_name":"Addict","player_choice":"Stole Relic","floor":28.0,"gold_loss":0.0,"damage_taken":0.0,"relics_obtained":["Lantern"],"cards_obtained":["Shame"]},{"cards_removed":["Shame"],"damage_healed":0.0,"max_hp_gain":0.0,"max_hp_loss":0.0,"gold_gain":0.0,"event_name":"Back to Basics","player_choice":"Elegance","floor":30.0,"gold_loss":0.0,"damage_taken":0.0}],"is_beta":false,"boss_relics":[{"not_picked":["Black Star","Runic Pyramid"],"picked":"Runic Dome"}],"items_purged_floors":[21],"is_endless":false,"potions_floor_spawned":[1,4,6,14,18,23,31],"killed_by":"Collector","ascension_level":20}}