{"host":"yuhibl5o0ay6idau","time":1608244453,"event":{"mods":["Aspiration","BaseMod","Better Altar","Better Match","Better Note","Better Sensory Stone","Better Skull","Better Third Choice","Colored Map","Colored Powertips","Conspire","Highlight Path","Minty Spire (QoL Compilation)","Quick Restart","Replay The Spire","StSLib","SuperFastMode"],"gold_per_floor":[112,125,144,24,24,24,24,52,77,109,121,137,137,152,152,152,152],"floor_reached":16,"playtime":1101,"items_purged":["Bash"],"score":203,"play_id":"64fb9f26-68f0-4bb4-b526-d42bf16f04e2","local_time":"20201217143413","is_ascension_mode":true,"campfire_choices":[{"data":"Dark Embrace","floor":6,"key":"SMITH"},{"floor":13,"key":"REST"}],"circlet_count":0,"master_deck":["Entrench","Sever Soul","Rampage","Body Slam","ReplayTheSpireMod:Strike From Hell","Cleave","ReplayTheSpireMod:Strike From Hell","Pommel Strike+1","Dark Embrace+1","Armaments","Life Link","Flame Barrier","True Grit","Shrug It Off","Demonic Infusion","Warcry","Armaments","Warcry"],"relics":["Pandora\u0027s Box","conspire:Dentures","MealTicket","Ancient Tea Set"],"acts_visited":["Exordium"],"potions_floor_usage":[10,12,16,16],"damage_taken":[{"damage":0,"enemies":"Cultist","floor":1,"turns":2},{"damage":3,"enemies":"2 Louse","floor":2,"turns":2},{"damage":6,"enemies":"conspire:RoseBush","floor":3,"turns":2},{"damage":28,"enemies":"Lagavulin","floor":8,"turns":7},{"damage":36,"enemies":"Gremlin Nob","floor":10,"turns":4},{"damage":6,"enemies":"Blue Slaver","floor":11,"turns":3},{"damage":0,"enemies":"Exordium Thugs","floor":12,"turns":3},{"damage":0,"enemies":"Looter","floor":14,"turns":2},{"damage":51,"enemies":"Slime Boss","floor":16,"turns":9}],"seed_played":"3133844519303521159","potions_obtained":[{"floor":3,"key":"Energy Potion"},{"floor":10,"key":"FearPotion"},{"floor":11,"key":"Venom Potion"},{"floor":14,"key":"PowerPotion"}],"is_trial":false,"path_per_floor":["M","M","M","$","?","R","$","E","T","E","M","M","R","M","R_BF","B"],"character_chosen":"IRONCLAD","items_purchased":["True Grit"],"campfire_rested":1,"item_purchase_floors":[4],"current_hp_per_floor":[80,77,71,71,71,71,71,43,43,7,1,1,25,25,49,0,0],"gold":152,"neow_bonus":"BOSS_RELIC","is_daily":false,"chose_seed":false,"campfire_upgraded":1,"win_rate":0.0,"timestamp":1608244453,"path_taken":["M","M","M","$","?","R","$","E","T","E","M","M","R","M","R_BF","BOSS"],"items_purchased_type":["Card"],"build_version":"2020-12-13","purchased_purges":1,"victory":false,"max_hp_per_floor":[80,80,80,80,80,80,80,80,80,80,80,80,80,80,80,80,80],"card_choices":[{"not_picked":["Flex","ReplayTheSpireMod:Limb From Limb"],"picked":"Armaments","floor":1},{"not_picked":["Body Slam","Headbutt"],"picked":"Life Link","floor":2},{"not_picked":["Dropkick","Flex"],"picked":"Flame Barrier","floor":3},{"not_picked":["Flex","Life Link"],"picked":"Shrug It Off","floor":8},{"not_picked":["Battle Trance","Perfected Strike"],"picked":"Demonic Infusion","floor":10},{"not_picked":["Perfected Strike","Havoc"],"picked":"Warcry","floor":11},{"not_picked":["ReplayReversal","Bloodletting"],"picked":"Armaments","floor":12},{"not_picked":["ReplayTheSpireMod:Strike From Hell","Wild Strike"],"picked":"Warcry","floor":14}],"player_experience":384883,"relics_obtained":[{"floor":8,"key":"conspire:Dentures"},{"floor":9,"key":"MealTicket"},{"floor":10,"key":"Ancient Tea Set"}],"event_choices":[{"damage_healed":0,"gold_gain":0,"player_choice":"Leave","damage_taken":0,"max_hp_gain":0,"max_hp_loss":0,"event_name":"conspire:Investor","floor":5,"gold_loss":0}],"is_beta":false,"boss_relics":[],"items_purged_floors":[4],"is_endless":false,"potions_floor_spawned":[3,10,11,14],"killed_by":"Slime Boss","ascension_level":5}}