{"host":"hfxp6ue4pvwo3fit","time":1608228316,"event":{"mods":["AchievementEnabler","BaseMod","Colored Map","Colored Powertips","Highlight Path","Minty Spire (QoL Compilation)","StSLib","SuperFastMode"],"gold_per_floor":[113,163,69,83,37,48,80,80,80,80,105,105,135,150,150,221,221,210,221,146,146,160,160,11,30,103,28,28,59,59,94,94,167,167,179,197,197,20,20,20,52,64,64,64,76,76,91,104,104,104],"floor_reached":51,"playtime":2018,"items_purged":["Strike_B"],"score":1402,"play_id":"c7d14f5b-3878-46c9-badd-e3c87d995b03","local_time":"20201217120516","is_ascension_mode":true,"campfire_choices":[{"data":"Defragment","floor":8,"key":"SMITH"},{"data":"Fission","floor":10,"key":"SMITH"},{"data":"Loop","floor":12,"key":"SMITH"},{"data":"Coolheaded","floor":15,"key":"SMITH"},{"floor":23,"key":"REST"},{"data":"Defragment","floor":28,"key":"SMITH"},{"data":"Seek","floor":30,"key":"SMITH"},{"data":"Chaos","floor":32,"key":"SMITH"},{"data":"Defragment","floor":40,"key":"SMITH"},{"data":"Rainbow","floor":44,"key":"SMITH"},{"floor":46,"key":"REST"},{"floor":49,"key":"REST"}],"circlet_count":0,"master_deck":["AscendersBane","Defend_B","Defend_B","Defend_B","Zap","Dualcast","Cold Snap","Defragment+1","Leap","Fission+1","Ball Lightning","Compile Driver","Loop+1","Coolheaded+1","Cold Snap","Barrage","Steam","Hologram","Chill","Defragment+1","Defragment+1","Seek+1","Chaos+1","Rainbow+1","Blizzard","Conserve Battery","Defragment+1","Barrage+1","Darkness+1"],"relics":["Cracked Core","Lizard Tail","Prayer Wheel","Centennial Puzzle","Nunchaku","Inserter","Omamori","DollysMirror","Meat on the Bone","Art of War","Akabeko","SlaversCollar","MealTicket","Letter Opener"],"acts_visited":["Exordium","TheCity","TheBeyond"],"potions_floor_usage":[7,14,16,41,48,50],"damage_taken":[{"damage":4,"enemies":"Jaw Worm","floor":1,"turns":3},{"damage":0,"enemies":"Cultist","floor":4,"turns":3},{"damage":0,"enemies":"2 Louse","floor":6,"turns":3},{"damage":25,"enemies":"Gremlin Nob","floor":7,"turns":4},{"damage":3,"enemies":"Lagavulin","floor":11,"turns":6},{"damage":8,"enemies":"3 Sentries","floor":13,"turns":5},{"damage":0,"enemies":"Gremlin Gang","floor":14,"turns":4},{"damage":47,"enemies":"The Guardian","floor":16,"turns":10},{"damage":15,"enemies":"2 Thieves","floor":18,"turns":4},{"damage":10,"enemies":"Shell Parasite","floor":19,"turns":6},{"damage":5,"enemies":"3 Cultists","floor":22,"turns":5},{"damage":1,"enemies":"Cultist and Chosen","floor":25,"turns":5},{"damage":0,"enemies":"Gremlin Leader","floor":29,"turns":7},{"damage":0,"enemies":"Book of Stabbing","floor":31,"turns":5},{"damage":12,"enemies":"Automaton","floor":33,"turns":11},{"damage":0,"enemies":"3 Shapes","floor":35,"turns":4},{"damage":0,"enemies":"3 Darklings","floor":36,"turns":6},{"damage":2,"enemies":"Giant Head","floor":41,"turns":8},{"damage":0,"enemies":"4 Shapes","floor":42,"turns":4},{"damage":23,"enemies":"Jaw Worm Horde","floor":45,"turns":4},{"damage":12,"enemies":"Writhing Mass","floor":47,"turns":4},{"damage":11,"enemies":"Maw","floor":48,"turns":6},{"damage":3,"enemies":"Donu and Deca","floor":50,"turns":7}],"seed_played":"-2115763030529803174","potions_obtained":[{"floor":4,"key":"Dexterity Potion"},{"floor":11,"key":"Block Potion"},{"floor":13,"key":"Strength Potion"},{"floor":19,"key":"Block Potion"},{"floor":22,"key":"SteroidPotion"},{"floor":29,"key":"FearPotion"},{"floor":41,"key":"FocusPotion"},{"floor":45,"key":"SkillPotion"}],"is_trial":false,"path_per_floor":["M","?","$","M","$","M","E","R","T","R","E","R","E","M","R","B",null,"M","M","?","?","M","R","$","M","T","$","R","E","R","E","R","B",null,"M","M","?","$","$","R","E","M","T","R","M","R","M","M","R","B",null],"character_chosen":"DEFECT","items_purchased":["Defragment","Leap","Ball Lightning","DollysMirror","Defragment","Fruit Juice"],"campfire_rested":3,"item_purchase_floors":[3,3,5,24,38,38],"current_hp_per_floor":[60,54,54,54,54,54,29,29,29,29,26,26,18,18,18,19,53,38,28,28,28,23,42,42,41,41,41,41,41,41,41,41,41,58,58,58,58,58,58,58,61,61,61,61,38,58,46,35,55,52],"gold":104,"neow_bonus":"REMOVE_TWO","is_daily":false,"chose_seed":false,"campfire_upgraded":9,"win_rate":0.0,"timestamp":1608228316,"path_taken":["M","?","$","M","$","M","E","R","T","R","E","R","E","M","R","BOSS","M","?","?","?","M","R","$","M","T","$","R","E","R","E","R","BOSS","M","?","?","?","$","R","E","M","T","R","M","R","M","M","R","BOSS"],"items_purchased_type":["Card","Card","Card","Relic","Card","Potion"],"build_version":"2020-12-13","purchased_purges":1,"victory":true,"max_hp_per_floor":[64,64,64,64,64,64,64,64,64,64,64,64,64,64,64,64,64,64,64,64,64,64,64,64,64,64,64,64,64,64,64,64,64,64,64,64,64,64,64,64,69,69,69,69,69,69,69,69,69,69],"card_choices":[{"not_picked":["Ball Lightning","Beam Cell"],"picked":"Cold Snap","floor":1},{"not_picked":["Beam Cell","Go for the Eyes"],"picked":"Fission","floor":4},{"not_picked":["Reprogram","Steam"],"picked":"Compile Driver","floor":6},{"not_picked":["Redo","Sweeping Beam"],"picked":"Loop","floor":7},{"not_picked":["Hologram","Beam Cell"],"picked":"Coolheaded","floor":11},{"not_picked":["Stack","Consume"],"picked":"Cold Snap","floor":13},{"not_picked":["Redo","Scrape"],"picked":"Barrage","floor":14},{"not_picked":["All For One","Stack","Hello World"],"picked":"SKIP","floor":14},{"not_picked":["Conserve Battery","Coolheaded"],"picked":"Steam","floor":18},{"not_picked":["Streamline","Skim","Redo"],"picked":"SKIP","floor":18},{"not_picked":["Beam Cell","Compile Driver"],"picked":"Hologram","floor":19},{"not_picked":["BootSequence","Streamline","Stack"],"picked":"SKIP","floor":19},{"not_picked":["Auto Shields","Cold Snap"],"picked":"Chill","floor":22},{"not_picked":["Redo","Coolheaded","Steam"],"picked":"SKIP","floor":22},{"not_picked":["Barrage","Beam Cell+1"],"picked":"Defragment","floor":25},{"not_picked":["Compile Driver+1","Conserve Battery"],"picked":"Seek","floor":25},{"not_picked":["Sweeping Beam","Recycle","Barrage"],"picked":"SKIP","floor":29},{"not_picked":["Gash","Multi-Cast"],"picked":"Chaos","floor":31},{"not_picked":["Multi-Cast","Reboot"],"picked":"Rainbow","floor":33},{"not_picked":["Cold Snap+1","Rebound"],"picked":"Blizzard","floor":35},{"not_picked":["BootSequence","Hologram"],"picked":"Conserve Battery","floor":35},{"not_picked":["Cold Snap+1","Steam Power+1","Coolheaded+1"],"picked":"SKIP","floor":36},{"not_picked":["Steam","Melter","Static Discharge"],"picked":"SKIP","floor":36},{"not_picked":["Reinforced Body","Sweeping Beam","Rip and Tear"],"picked":"SKIP","floor":41},{"not_picked":["Coolheaded","Beam Cell+1","Doom and Gloom"],"picked":"SKIP","floor":42},{"not_picked":["Core Surge","Force Field","Rebound+1"],"picked":"SKIP","floor":42},{"not_picked":["Coolheaded","Beam Cell+1","Doom and Gloom"],"picked":"SKIP","floor":42},{"not_picked":["Core Surge","Force Field","Rebound+1"],"picked":"SKIP","floor":42},{"not_picked":["Coolheaded","Fusion"],"picked":"Barrage+1","floor":45},{"not_picked":["Barrage","Sweeping Beam","Ball Lightning"],"picked":"SKIP","floor":45},{"not_picked":["Steam+1","Streamline+1","Cold Snap"],"picked":"SKIP","floor":47},{"not_picked":["Recycle","Rainbow","Rebound"],"picked":"SKIP","floor":47},{"not_picked":["Cold Snap","Conserve Battery+1"],"picked":"Darkness+1","floor":48},{"not_picked":["Steam Power","Gash+1","Reprogram+1"],"picked":"SKIP","floor":48}],"player_experience":384314,"relics_obtained":[{"floor":7,"key":"Lizard Tail"},{"floor":9,"key":"Prayer Wheel"},{"floor":11,"key":"Centennial Puzzle"},{"floor":13,"key":"Nunchaku"},{"floor":26,"key":"Meat on the Bone"},{"floor":29,"key":"Art of War"},{"floor":31,"key":"Akabeko"},{"floor":41,"key":"MealTicket"},{"floor":43,"key":"Letter Opener"}],"event_choices":[{"damage_healed":0,"gold_gain":50,"player_choice":"Touch","damage_taken":6,"max_hp_gain":0,"max_hp_loss":0,"event_name":"FaceTrader","floor":2,"gold_loss":0},{"cards_removed":["Strike_B"],"damage_healed":0,"gold_gain":0,"player_choice":"Gave Gold","damage_taken":0,"max_hp_gain":0,"max_hp_loss":0,"event_name":"Beggar","floor":20,"gold_loss":75},{"damage_healed":0,"gold_gain":0,"player_choice":"Gave Potion","damage_taken":0,"relics_obtained":["Omamori"],"max_hp_gain":0,"max_hp_loss":0,"event_name":"WeMeetAgain","floor":21,"gold_loss":0},{"cards_removed":["Strike_B"],"damage_healed":0,"gold_gain":0,"player_choice":"Purged","damage_taken":0,"max_hp_gain":0,"max_hp_loss":0,"event_name":"Purifier","floor":37,"gold_loss":0}],"is_beta":false,"boss_relics":[{"not_picked":["Cursed Key","Nuclear Battery"],"picked":"Inserter"},{"not_picked":["Empty Cage","FrozenCore"],"picked":"SlaversCollar"}],"items_purged_floors":[27],"is_endless":false,"potions_floor_spawned":[4,11,13,19,22,29,31,41,45,47],"ascension_level":15}}