{"host":"92108ef2q9tm8rod","time":1608163904,"event":{"mods":["BaseMod","Defuse TimeMaze Blight","Minty Spire (QoL Compilation)","StSLib","The Jungle"],"gold_per_floor":[113,113,124,124,139,139,139,139,139,139,163,184,184,204,204,329,329,343,343,368,368,387,387,420,420,444,444,460,501,526,541,541,665,665,684,702,408,422,442,486,486,526,526,526,526,544,558,181,181,181],"floor_reached":51,"playtime":2035,"items_purged":["Steam"],"score":991,"play_id":"d808c91c-4d29-447f-ab5c-cdb6b58f7ef6","local_time":"20201217001144","daily_mods":["SealedDeck","Colorless Cards","Heirloom","Flight"],"is_ascension_mode":false,"campfire_choices":[{"data":"White Noise","floor":6.0,"key":"SMITH"},{"data":"Recycle","floor":7.0,"key":"SMITH"},{"data":"Defragment","floor":8.0,"key":"SMITH"},{"data":"Redo","floor":10.0,"key":"SMITH"},{"data":"Go for the Eyes","floor":15.0,"key":"SMITH"},{"data":"Beam Cell","floor":23.0,"key":"SMITH"},{"floor":25.0,"key":"REST"},{"data":"Coolheaded","floor":27.0,"key":"SMITH"},{"floor":32.0,"key":"REST"},{"data":"Streamline","floor":41.0,"key":"SMITH"},{"floor":44.0,"key":"REST"},{"data":"Leap","floor":49.0,"key":"SMITH"}],"circlet_count":0,"master_deck":["Dramatic Entrance+1","Beam Cell+1","Streamline+1","Redo+1","Ball Lightning+1","Coolheaded+1","Recycle+1","Go for the Eyes+1","White Noise+1","Defragment+1","Leap+1","Finesse+1"],"relics":["Cracked Core","StoneCalendar","Golden Idol","Blue Candle","SacredBark","Bag of Preparation","Lantern","Akabeko","Black Star","Thread and Needle","White Beast Statue","The Courier","Whetstone","Omamori","Mercury Hourglass","Cables","Lee\u0027s Waffle"],"acts_visited":["Exordium","Exordium","TheBeyond"],"potions_floor_usage":[50,50,50],"damage_taken":[{"damage":0.0,"enemies":"2 Louse","floor":1.0,"turns":1.0},{"damage":0.0,"enemies":"Small Slimes","floor":3.0,"turns":2.0},{"damage":0.0,"enemies":"Jaw Worm","floor":5.0,"turns":1.0},{"damage":7.0,"enemies":"Looter","floor":11.0,"turns":2.0},{"damage":0.0,"enemies":"2 Fungi Beasts","floor":12.0,"turns":2.0},{"damage":3.0,"enemies":"Gremlin Gang","floor":14.0,"turns":2.0},{"damage":11.0,"enemies":"Hexaghost","floor":16.0,"turns":6.0},{"damage":10.0,"enemies":"theJungle:GiantWrat","floor":18.0,"turns":4.0},{"damage":0.0,"enemies":"theJungle:Flameango_and_Byrd","floor":20.0,"turns":4.0},{"damage":21.0,"enemies":"theJungle:JungleHuntersEncounter","floor":22.0,"turns":5.0},{"damage":16.0,"enemies":"theJungle:Cassacara","floor":24.0,"turns":5.0},{"damage":0.0,"enemies":"theJungle:Lyon","floor":28.0,"turns":3.0},{"damage":4.0,"enemies":"theJungle:2_Phrogs","floor":29.0,"turns":5.0},{"damage":0.0,"enemies":"theJungle:SlimyTreeVines","floor":30.0,"turns":6.0},{"damage":8.0,"enemies":"Snake Plant","floor":31.0,"turns":2.0},{"damage":0.0,"enemies":"theJungle:TotemBoss","floor":33.0,"turns":8.0},{"damage":9.0,"enemies":"3 Darklings","floor":35.0,"turns":4.0},{"damage":12.0,"enemies":"3 Shapes","floor":36.0,"turns":3.0},{"damage":13.0,"enemies":"Maw","floor":38.0,"turns":7.0},{"damage":0.0,"enemies":"Jaw Worm Horde","floor":39.0,"turns":3.0},{"damage":0.0,"enemies":"Nemesis","floor":40.0,"turns":7.0},{"damage":32.0,"enemies":"Reptomancer","floor":42.0,"turns":6.0},{"damage":5.0,"enemies":"Spire Growth","floor":46.0,"turns":3.0},{"damage":0.0,"enemies":"Sphere and 2 Shapes","floor":47.0,"turns":3.0},{"damage":3,"enemies":"Time Eater","floor":50,"turns":8}],"seed_played":"-6550692966400644225","potions_obtained":[{"floor":5.0,"key":"Dexterity Potion"},{"floor":11.0,"key":"SteroidPotion"},{"floor":29.0,"key":"Fruit Juice"},{"floor":30.0,"key":"GamblersBrew"},{"floor":31.0,"key":"SkillPotion"},{"floor":35.0,"key":"Regen Potion"},{"floor":39.0,"key":"Swift Potion"},{"floor":42.0,"key":"GamblersBrew"},{"floor":46.0,"key":"Explosive Potion"},{"floor":47.0,"key":"PotionOfCapacity"}],"is_trial":true,"path_per_floor":["M","?","M","?","M","R","R","R","T","R","M","M","?","M","R","B",null,"M","$","M","?","M","R","E","R","T","R","M","E","M","M","R","B",null,"M","M","$","M","M","E","R","E","T","R","?","M","M","$","R","B",null],"character_chosen":"DEFECT","items_purchased":["Thread and Needle","Cables","Lee\u0027s Waffle"],"campfire_rested":3,"item_purchase_floors":[37,48,48],"current_hp_per_floor":[75,75,75,57,57,57,57,57,57,57,50,50,55,52,52,41,80,70,70,70,70,49,49,33,57,57,57,57,53,69,61,88,88,90,81,69,69,90,90,90,90,58,58,85,85,80,80,97,97,94],"gold":181,"neow_bonus":"","is_daily":false,"chose_seed":false,"campfire_upgraded":9,"win_rate":0.0,"timestamp":1608163904,"path_taken":["M","?","M","?","M","R","R","R","T","R","M","?","?","M","R","BOSS","M","$","M","?","M","R","E","R","T","R","M","E","M","M","R","BOSS","M","M","$","M","M","E","R","E","T","R","?","M","M","$","R","BOSS"],"items_purchased_type":["Relic","Relic","Relic"],"build_version":"2020-12-13","purchased_purges":1,"victory":true,"max_hp_per_floor":[75,75,75,75,75,75,75,75,75,75,75,75,80,80,80,80,80,80,80,80,80,80,80,80,80,80,80,80,80,90,90,90,90,90,90,90,90,90,90,90,90,90,90,90,90,90,90,97,97,97],"card_choices":[{"not_picked":["Turbo","Stack","Self Repair"],"picked":"SKIP","floor":1.0},{"not_picked":["Turbo","Force Field","Deep Breath"],"picked":"SKIP","floor":3.0},{"not_picked":["Coolheaded","Finesse"],"picked":"Defragment","floor":5.0},{"not_picked":["Steam","Stack","Rebound"],"picked":"SKIP","floor":11.0},{"not_picked":["Multi-Cast","Turbo","Steam Power"],"picked":"SKIP","floor":12.0},{"not_picked":["Go for the Eyes","Discovery"],"picked":"Leap","floor":14.0},{"not_picked":["Leap","Glacier"],"picked":"Finesse+1","floor":18.0},{"not_picked":["Hologram","Barrage","Steam"],"picked":"SKIP","floor":20.0},{"not_picked":["Flash of Steel","Barrage","Cold Snap"],"picked":"SKIP","floor":22.0},{"not_picked":["Glacier","Undo","Conserve Battery"],"picked":"SKIP","floor":24.0},{"not_picked":["Melter+1","Finesse","Rebound"],"picked":"SKIP","floor":28.0},{"not_picked":["Discovery","Dark Shackles","Coolheaded"],"picked":"SKIP","floor":29.0},{"not_picked":["Stack","Beam Cell","Rebound"],"picked":"SKIP","floor":30.0},{"not_picked":["Streamline+1","Hologram","White Noise"],"picked":"SKIP","floor":31.0},{"not_picked":["Conserve Battery+1","Hologram+1","Beam Cell+1"],"picked":"SKIP","floor":35.0},{"not_picked":["Flash of Steel+1","Stack+1","Beam Cell+1"],"picked":"SKIP","floor":36.0},{"not_picked":["Compile Driver+1","Gash+1","Streamline+1"],"picked":"SKIP","floor":38.0},{"not_picked":["Barrage+1","Darkness+1","Deep Breath"],"picked":"SKIP","floor":39.0},{"not_picked":["Heatsinks","Coolheaded","Leap"],"picked":"SKIP","floor":40.0},{"not_picked":["Turbo","Beam Cell+1","Lockon"],"picked":"SKIP","floor":42.0},{"not_picked":["Coolheaded+1","Self Repair+1","Redo"],"picked":"SKIP","floor":46.0},{"not_picked":["Coolheaded+1","Steam+1","Barrage+1"],"picked":"SKIP","floor":47.0}],"player_experience":3158989,"relics_obtained":[{"floor":9.0,"key":"Blue Candle"},{"floor":24.0,"key":"Bag of Preparation"},{"floor":26.0,"key":"Lantern"},{"floor":29.0,"key":"Akabeko"},{"floor":40.0,"key":"White Beast Statue"},{"floor":40.0,"key":"The Courier"},{"floor":42.0,"key":"Whetstone"},{"floor":42.0,"key":"Omamori"},{"floor":43.0,"key":"Mercury Hourglass"}],"event_choices":[{"damage_healed":0.0,"max_hp_gain":0.0,"max_hp_loss":0.0,"gold_gain":0.0,"event_name":"The Cleric","player_choice":"Leave","floor":2.0,"gold_loss":0.0,"damage_taken":0.0},{"damage_healed":0.0,"max_hp_gain":0.0,"max_hp_loss":0.0,"gold_gain":0.0,"event_name":"Golden Idol","player_choice":"Take Damage","floor":4.0,"gold_loss":0.0,"damage_taken":18.0,"relics_obtained":["Golden Idol"]},{"damage_healed":0.0,"max_hp_gain":5.0,"max_hp_loss":0.0,"gold_gain":0.0,"event_name":"Big Fish","player_choice":"Donut","floor":13.0,"gold_loss":0.0,"damage_taken":0.0},{"damage_healed":0.0,"max_hp_gain":0.0,"max_hp_loss":0.0,"gold_gain":0.0,"event_name":"Mysterious Sphere","player_choice":"Ignored","floor":45.0,"gold_loss":0.0,"damage_taken":0.0}],"is_beta":false,"boss_relics":[{"not_picked":["Ectoplasm","Runic Dome"],"picked":"SacredBark"},{"not_picked":["Coffee Dripper","Astrolabe"],"picked":"Black Star"}],"items_purged_floors":[48],"is_endless":false,"potions_floor_spawned":[5,11,29,30,31,35,39,42,46,47],"ascension_level":0}}