{"host":"i9wanet4r0ff4t9y","time":1608224409,"event":{"mods":["2.2 Compatiblity","Act Like it!","BaseMod","Bestiary","Better Altar","Better Match","Better Note","Better Sensory Stone","Better Skull","Better Third Choice","Better Vampires","BetterRewards","CapriCore","Curses Come First","Downfall","Minty Spire (QoL Compilation)","Quick Restart","READ ME - Guardian Mod","READ ME - Snecko Mod","Relic Stats","Replay The Spire","Say the Spire","Spicy Shops","StSLib","The Disciple","Waifu the Spire"],"gold_per_floor":[117,210,244,244,254,254,286,286,286,40,65,30,30,72,72,176,176,189,189,189,189,206,206,224,252,279,329,329,344,355,54,54,153,153,164,177,227,78,353,353,379,422,461,490,36,36,49,94,94,94],"floor_reached":51,"playtime":2850,"items_purged":["Shame"],"score":1463,"play_id":"c0cb75d0-5e32-4ea7-b3c4-748ae858332b","local_time":"20201217180009","is_ascension_mode":true,"campfire_choices":[{"floor":8.0,"key":"REST"},{"data":"Armaments","floor":13.0,"key":"SMITH"},{"data":"Exhume","floor":15.0,"key":"SMITH"},{"floor":23.0,"key":"REST"},{"floor":28.0,"key":"REST"},{"floor":32.0,"key":"REST"},{"data":"Limit Break","floor":40.0,"key":"SMITH"},{"floor":46.0,"key":"REST"},{"floor":49.0,"key":"REST"}],"circlet_count":0,"master_deck":["Strike_R","Strike_R","Strike_R+1","Strike_R","Strike_R","Defend_R","Defend_R","Defend_R","Defend_R+1","Bash","HandOfGreed","expansioncontent:TimeRipple","Heavy Blade","ReplayTheSpireMod:Splinters","Exhume+1","Rampage","ReplayReversal","Apotheosis+1","Burning Pact","Armaments+1","Pot Of Greed","Pot Of Greed","Berserk","Thunderclap","Hemogenesis","Shockwave+1","Pot Of Greed","Slimebound:CheckThePlaybook","Slimebound:Icky","Rage","Combust","Rupture+1","Blood for Blood","Flex+1","Anger+1","Disarm","Feel No Pain","Flex","Sword Boomerang","Run Through","Pot Of Greed","ReplayTheSpireMod:Private Reserves","expansioncontent:DashGenerateEvil","Limit Break+1","Clothesline+1","Rupture","Rupture","Regret","Cleave+1","ReplayTheSpireMod:Stacked+1","Warcry+1","Shrug It Off+1","Pot Of Greed","Bludgeon","Replay:Undeath\u0027s Touch+1"],"relics":["Burning Blood","Simple Rune","Regal Pillow","HandDrill","Gremlin Horn","Chemical X","Red Skull","Self Forming Clay","Chameleon Ring","Kunai","Grinning Jar","Honey Jar","Nilry\u0027s Codex","Blood Vial","Calipers","ReplayTheSpireMod:Spearhead","Smiling Mask","BargainBundle","Ooze Armor","WingedGreaves","ClockworkSouvenir","MawBank","Mirror","Replay:Mystery Machine","Oddly Smooth Stone","Meat on the Bone"],"acts_visited":["Exordium","TheCity","TheBeyond"],"potions_floor_usage":[50],"damage_taken":[{"damage":0.0,"enemies":"2 Louse","floor":1.0,"turns":1.0},{"damage":3.0,"enemies":"Small Slimes","floor":3.0,"turns":3.0},{"damage":7.0,"enemies":"Jaw Worm","floor":5.0,"turns":3.0},{"damage":10.0,"enemies":"Looter","floor":7.0,"turns":2.0},{"damage":27.0,"enemies":"Gremlin Nob","floor":11.0,"turns":5.0},{"damage":0.0,"enemies":"Large Slime","floor":14.0,"turns":6.0},{"damage":19.0,"enemies":"Hexaghost","floor":16.0,"turns":7.0},{"damage":27.0,"enemies":"Chosen","floor":18.0,"turns":6.0},{"damage":10.0,"enemies":"Shell Parasite","floor":22.0,"turns":5.0},{"damage":10.0,"enemies":"Snake Plant","floor":24.0,"turns":1.0},{"damage":39.0,"enemies":"Gremlin Leader","floor":25.0,"turns":6.0},{"damage":70.0,"enemies":"Slavers","floor":27.0,"turns":5.0},{"damage":31.0,"enemies":"Centurion and Healer","floor":29.0,"turns":5.0},{"damage":42.0,"enemies":"Sentry and Sphere","floor":30.0,"turns":6.0},{"damage":13.0,"enemies":"Champ","floor":33.0,"turns":9.0},{"damage":19.0,"enemies":"Orb Walker","floor":35.0,"turns":4.0},{"damage":16.0,"enemies":"3 Darklings","floor":36.0,"turns":4.0},{"damage":2.0,"enemies":"Mind Bloom Boss Battle","floor":37.0,"turns":5.0},{"damage":69.0,"enemies":"Nemesis","floor":41.0,"turns":7.0},{"damage":33.0,"enemies":"Reptomancer","floor":42.0,"turns":3.0},{"damage":25.0,"enemies":"Maw","floor":44.0,"turns":7.0},{"damage":27.0,"enemies":"Spire Growth","floor":47.0,"turns":7.0},{"damage":16.0,"enemies":"Sphere and 2 Shapes","floor":48.0,"turns":3.0},{"damage":57,"enemies":"Donu and Deca","floor":50,"turns":7}],"seed_played":"673647664460274869","potions_obtained":[{"floor":1.0,"key":"PowerPotion"},{"floor":7.0,"key":"BlessingOfTheForge"},{"floor":11.0,"key":"SneckoOil"},{"floor":16.0,"key":"SteroidPotion"},{"floor":18.0,"key":"Death Potion"},{"floor":29.0,"key":"AttackPotion"},{"floor":30.0,"key":"SteroidPotion"},{"floor":33.0,"key":"champ:CounterPotion"},{"floor":35.0,"key":"BloodPotion"},{"floor":36.0,"key":"champ:CounterPotion"},{"floor":41.0,"key":"Adrenaline Potion"},{"floor":47.0,"key":"Fruit Juice"}],"is_trial":false,"path_per_floor":["M","?","M","?","M","?","M","R","T","$","E","?","R","M","R","B",null,"M","?","?","?","M","R","M","E","T","E","R","M","M","$","R","B",null,"M","M","?","$","?","R","E","E","T","M","$","R","M","M","R","B",null],"character_chosen":"IRONCLAD","items_purchased":["Simple Rune","Regal Pillow","HandDrill","Gremlin Horn","Chemical X","Red Skull","HandOfGreed","expansioncontent:TimeRipple","Kunai","BargainBundle","Disarm","Feel No Pain","Flex","Sword Boomerang","Run Through","ReplayTheSpireMod:Private Reserves","expansioncontent:DashGenerateEvil","Adrenaline Potion","Languid Potion","ClockworkSouvenir","Oddly Smooth Stone","Meat on the Bone","Shrug It Off+1"],"campfire_rested":6,"item_purchase_floors":[0,0,0,0,0,0,0,0,10,31,31,31,31,31,31,31,31,31,31,38,45,45,45],"current_hp_per_floor":[37,37,40,40,39,32,28,67,67,67,46,66,66,72,72,59,75,69,53,32,32,43,80,76,66,66,27,66,43,43,43,80,73,78,76,68,80,80,80,80,56,31,31,29,29,68,67,59,87,48],"gold":94,"neow_bonus":"","is_daily":false,"chose_seed":false,"campfire_upgraded":3,"win_rate":0.0,"timestamp":1608224409,"path_taken":["M","?","M","?","M","?","M","R","T","$","E","?","R","M","R","BOSS","M","?","?","?","M","R","M","E","T","E","R","M","M","?","R","BOSS","M","M","?","$","?","R","E","E","T","?","?","R","M","M","R","BOSS"],"items_purchased_type":["Relic","Relic","Relic","Relic","Relic","Relic","Card","Card","Relic","Relic","Card","Card","Card","Card","Card","Card","Card","Potion","Potion","Relic","Relic","Relic","Card"],"build_version":"2020-12-13","purchased_purges":1,"victory":true,"max_hp_per_floor":[80,80,80,80,80,80,80,80,80,80,80,80,80,80,80,80,80,80,80,80,80,80,80,80,80,80,80,80,80,80,80,80,80,80,80,80,80,80,80,80,80,80,80,80,80,80,87,87,87,87],"relic_stats":{"Regal Pillow":73,"Gremlin Horn":[39,41],"counters":[293,1364],"Self Forming Clay":[285],"Smiling Mask":0,"MawBank":48,"Burning Blood":1595,"Blood Vial":50,"HandDrill":[42],"Chemical X":[1],"Kunai":[17],"obtain_stats":[{"Golden Egg":34,"Replay:Accelerometer":0,"Ginger":17,"Bottled Tornado":10,"Sling":47,"Old Coin":24,"Blood Vial":22,"Replay:Ringing Soul":47,"Sundial":17,"MealTicket":26,"Replay:Bottled Flurry":49,"HandDrill":31,"Kunai":10,"Replay:Wax Seal":0,"Electric Blood":17,"betterAltar:BloodRelic":27,"ReplayTheSpireMod:Ring of Addiction":36,"Blue Candle":7,"Replay:Ancient Bell":34,"Akabeko":31,"Ooze Armor":34,"Bird Faced Urn":9,"ReplayTheSpireMod:Ring of Collecting":5,"Mark of Pain":17,"Regal Pillow":24,"Lantern":34,"Torii":47,"Singing Bowl":0,"Magic Flower":0,"StoneCalendar":0,"Blue Doll":43,"King of Hearts":47,"Replay:Multitool":25,"Bag of Preparation":54,"Cursed Key":34,"Smiling Mask":27,"Burning Blood":0,"Pet Ghost":44,"Replay:Rubber Ducky":34,"Shovel":34,"Ring of Peace":5,"Toolbox":0,"WingedGreaves":37,"Chemical X":21,"InkBottle":34,"Paper Frog":23,"Potion Belt":36,"Lee\u0027s Waffle":44,"Golden Idol":3,"Self Forming Clay":6,"Thread and Needle":20,"PreservedInsect":22,"Omamori":42,"Ring of Greed":10,"Frozen Egg 2":0,"MawBank":27,"Replay:Arrowhead":48,"Busted Crown":17,"Ornamental Fan":37,"Bloody Idol":22,"Ring of Misfortune":36,"betterThird:SlimedRelic":3,"Turnip":23,"Art of War":40,"Garlic":12,"Durian":0,"ReplayTheSpireMod:Lightbulb":27,"Toy Ornithopter":28,"Ice Cream":6,"Divine Protection":0,"Calipers":6,"Gremlin Horn":10,"Nilry\u0027s Codex":22,"CeramicFish":24,"Vajra":8,"Lizard Tail":42,"Centennial Puzzle":2,"HornCleat":52,"FaceOfCleric":13,"DollysMirror":44,"Strawberry":10,"Honey Jar":17,"Prayer Wheel":40,"Philosopher\u0027s Stone":17,"Iron Hammer":9,"Toxic Egg 2":36,"Girya":23,"Happy Flower":14,"ReplayTheSpireMod:CursedCoin":19,"Dead Branch":17,"Replay:Grab Bag":34,"Oddly Smooth Stone":41,"Charon\u0027s Ashes":0,"Letter Opener":9,"Replay:Kaleidoscope":37,"War Paint":6,"WarpedTongs":29,"Bottled Flame":26,"Replay:Baseball":38,"ReplayTheSpireMod:Spearhead":31,"ReplayTheSpireMod:Shallot":27,"Shuriken":34,"Bronze Scales":45,"Molten Egg 2":43,"Onion Ring":54,"Simple Rune":27,"ReplayTheSpireMod:TigerMarble":23,"Grinning Jar":6,"Mirror":45,"Pocketwatch":10,"Meat on the Bone":45,"ReplayFunnel":14,"ReplayTheSpireMod:Ring of Exchange":26,"Replay:PocketPolymizer":34,"Black Blood":34,"Mango":40,"Juzu Bracelet":19,"Incense Burner":0,"Replay:Mystery Machine":26,"Empty Cage":34,"ClockworkSouvenir":44,"Frozen Eye":0,"Nunchaku":45,"Dream Catcher":9,"Replay:Bandana":20,"Chameleon Ring":49,"Mummified Hand":9,"Pantograph":0,"Red Mask":41,"Red Skull":17,"Runic Pyramid":34,"Gremlin Food":37,"BargainBundle":19,"ReplayTheSpireMod:Ninjato":48,"Quantum Egg":42,"Replay:WaspNest":3,"Odd Mushroom":12,"Orichalcum":43,"White Beast Statue":36,"Mercury Hourglass":43,"Calling Bell":17,"Peace Pipe":0,"Strange Spoon":44,"CaptainsWheel":0,"Anchor":38,"Pondfish Scales":0,"ChewingGum":17,"Another Sword":47,"Snack Pack":28,"Bag of Marbles":0,"Coffee Dripper":0,"Membership Card":24,"FossilizedHelix":12,"TungstenRod":7,"ReplayTheSpireMod:ShopPack":20},{"Golden Egg":146,"Replay:Accelerometer":210,"Ginger":226,"Bottled Tornado":235,"Sling":102,"Old Coin":92,"Blood Vial":39,"Replay:Ringing Soul":102,"Sundial":11,"MealTicket":14,"Replay:Bottled Flurry":153,"HandDrill":200,"Kunai":33,"Replay:Wax Seal":28,"Electric Blood":62,"betterAltar:BloodRelic":171,"ReplayTheSpireMod:Ring of Addiction":47,"Blue Candle":234,"Replay:Ancient Bell":46,"Akabeko":94,"Ooze Armor":175,"Bird Faced Urn":7,"ReplayTheSpireMod:Ring of Collecting":186,"Mark of Pain":37,"Regal Pillow":14,"Lantern":46,"Torii":77,"Singing Bowl":104,"Magic Flower":28,"StoneCalendar":55,"Blue Doll":180,"King of Hearts":102,"Replay:Multitool":117,"Bag of Preparation":155,"Cursed Key":19,"Smiling Mask":281,"Burning Blood":0,"Pet Ghost":75,"Replay:Rubber Ducky":122,"Shovel":46,"Ring of Peace":186,"Toolbox":28,"WingedGreaves":287,"Chemical X":13,"InkBottle":122,"Paper Frog":40,"Potion Belt":47,"Lee\u0027s Waffle":75,"Golden Idol":186,"Self Forming Clay":272,"Thread and Needle":167,"PreservedInsect":140,"Omamori":100,"Ring of Greed":134,"Frozen Egg 2":156,"MawBank":92,"Replay:Arrowhead":183,"Busted Crown":112,"Ornamental Fan":177,"Bloody Idol":39,"Ring of Misfortune":47,"betterThird:SlimedRelic":105,"Turnip":141,"Art of War":49,"Garlic":136,"Durian":156,"ReplayTheSpireMod:Lightbulb":92,"Toy Ornithopter":92,"Ice Cream":83,"Divine Protection":243,"Calipers":32,"Gremlin Horn":250,"Nilry\u0027s Codex":13,"CeramicFish":66,"Vajra":7,"Lizard Tail":24,"Centennial Puzzle":105,"HornCleat":54,"FaceOfCleric":9,"DollysMirror":151,"Strawberry":85,"Honey Jar":276,"Prayer Wheel":23,"Philosopher\u0027s Stone":253,"Iron Hammer":33,"Toxic Egg 2":20,"Girya":115,"Happy Flower":36,"ReplayTheSpireMod:CursedCoin":113,"Dead Branch":11,"Replay:Grab Bag":261,"Oddly Smooth Stone":75,"Charon\u0027s Ashes":184,"Letter Opener":60,"Replay:Kaleidoscope":73,"War Paint":160,"WarpedTongs":67,"Bottled Flame":41,"Replay:Baseball":97,"ReplayTheSpireMod:Spearhead":200,"ReplayTheSpireMod:Shallot":67,"Shuriken":46,"Bronze Scales":127,"Molten Egg 2":24,"Onion Ring":55,"Simple Rune":118,"ReplayTheSpireMod:TigerMarble":66,"Grinning Jar":106,"Mirror":265,"Pocketwatch":217,"Meat on the Bone":290,"ReplayFunnel":137,"ReplayTheSpireMod:Ring of Exchange":197,"Replay:PocketPolymizer":122,"Black Blood":261,"Mango":99,"Juzu Bracelet":113,"Incense Burner":156,"Replay:Mystery Machine":66,"Empty Cage":201,"ClockworkSouvenir":75,"Frozen Eye":184,"Nunchaku":51,"Dream Catcher":249,"Replay:Bandana":254,"Chameleon Ring":53,"Mummified Hand":216,"Pantograph":55,"Red Mask":23,"Red Skull":11,"Runic Pyramid":261,"Gremlin Food":47,"BargainBundle":89,"ReplayTheSpireMod:Ninjato":129,"Quantum Egg":50,"Replay:WaspNest":29,"Odd Mushroom":9,"Orichalcum":100,"White Beast Statue":47,"Mercury Hourglass":75,"Calling Bell":11,"Peace Pipe":156,"Strange Spoon":151,"CaptainsWheel":0,"Anchor":123,"Pondfish Scales":130,"ChewingGum":138,"Another Sword":102,"Snack Pack":92,"Bag of Marbles":104,"Coffee Dripper":130,"Membership Card":66,"FossilizedHelix":34,"TungstenRod":59,"ReplayTheSpireMod:ShopPack":194},{"Golden Egg":696,"Replay:Accelerometer":982,"Ginger":1054,"Bottled Tornado":1090,"Sling":464,"Old Coin":431,"Blood Vial":183,"Replay:Ringing Soul":464,"Sundial":38,"MealTicket":52,"Replay:Bottled Flurry":727,"HandDrill":928,"Kunai":146,"Replay:Wax Seal":125,"Electric Blood":319,"betterAltar:BloodRelic":802,"ReplayTheSpireMod:Ring of Addiction":228,"Blue Candle":1086,"Replay:Ancient Bell":224,"Akabeko":436,"Ooze Armor":825,"Bird Faced Urn":28,"ReplayTheSpireMod:Ring of Collecting":865,"Mark of Pain":174,"Regal Pillow":52,"Lantern":224,"Torii":381,"Singing Bowl":473,"Magic Flower":125,"StoneCalendar":286,"Blue Doll":845,"King of Hearts":464,"Replay:Multitool":528,"Bag of Preparation":741,"Cursed Key":81,"Smiling Mask":1297,"Burning Blood":0,"Pet Ghost":375,"Replay:Rubber Ducky":565,"Shovel":224,"Ring of Peace":865,"Toolbox":125,"WingedGreaves":1330,"Chemical X":46,"InkBottle":565,"Paper Frog":188,"Potion Belt":228,"Lee\u0027s Waffle":375,"Golden Idol":865,"Self Forming Clay":1254,"Thread and Needle":782,"PreservedInsect":668,"Omamori":460,"Ring of Greed":637,"Frozen Egg 2":749,"MawBank":431,"Replay:Arrowhead":853,"Busted Crown":501,"Ornamental Fan":833,"Bloody Idol":183,"Ring of Misfortune":228,"betterThird:SlimedRelic":475,"Turnip":671,"Art of War":239,"Garlic":644,"Durian":749,"ReplayTheSpireMod:Lightbulb":431,"Toy Ornithopter":431,"Ice Cream":404,"Divine Protection":1125,"Calipers":142,"Gremlin Horn":1157,"Nilry\u0027s Codex":46,"CeramicFish":335,"Vajra":28,"Lizard Tail":102,"Centennial Puzzle":475,"HornCleat":280,"FaceOfCleric":32,"DollysMirror":718,"Strawberry":409,"Honey Jar":1274,"Prayer Wheel":101,"Philosopher\u0027s Stone":1174,"Iron Hammer":146,"Toxic Egg 2":85,"Girya":519,"Happy Flower":161,"ReplayTheSpireMod:CursedCoin":506,"Dead Branch":38,"Replay:Grab Bag":1209,"Oddly Smooth Stone":375,"Charon\u0027s Ashes":860,"Letter Opener":306,"Replay:Kaleidoscope":363,"War Paint":759,"WarpedTongs":338,"Bottled Flame":193,"Replay:Baseball":448,"ReplayTheSpireMod:Spearhead":928,"ReplayTheSpireMod:Shallot":338,"Shuriken":224,"Bronze Scales":593,"Molten Egg 2":102,"Onion Ring":286,"Simple Rune":534,"ReplayTheSpireMod:TigerMarble":335,"Grinning Jar":479,"Mirror":1228,"Pocketwatch":1017,"Meat on the Bone":1347,"ReplayFunnel":648,"ReplayTheSpireMod:Ring of Exchange":916,"Replay:PocketPolymizer":565,"Black Blood":1209,"Mango":458,"Juzu Bracelet":506,"Incense Burner":749,"Replay:Mystery Machine":335,"Empty Cage":935,"ClockworkSouvenir":375,"Frozen Eye":860,"Nunchaku":256,"Dream Catcher":1150,"Replay:Bandana":1178,"Chameleon Ring":267,"Mummified Hand":1010,"Pantograph":286,"Red Mask":101,"Red Skull":38,"Runic Pyramid":1209,"Gremlin Food":228,"BargainBundle":422,"ReplayTheSpireMod:Ninjato":608,"Quantum Egg":245,"Replay:WaspNest":129,"Odd Mushroom":32,"Orichalcum":460,"White Beast Statue":228,"Mercury Hourglass":375,"Calling Bell":38,"Peace Pipe":749,"Strange Spoon":718,"CaptainsWheel":0,"Anchor":570,"Pondfish Scales":625,"ChewingGum":659,"Another Sword":464,"Snack Pack":431,"Bag of Marbles":473,"Coffee Dripper":625,"Membership Card":335,"FossilizedHelix":150,"TungstenRod":303,"ReplayTheSpireMod:ShopPack":898}],"Meat on the Bone":12},"card_choices":[{"not_picked":["Twin Strike","Replay:Undeath\u0027s Touch"],"picked":"Heavy Blade","floor":1.0},{"not_picked":["Bloodletting","Searing Blow"],"picked":"Exhume","floor":2.0},{"not_picked":["Clothesline","Body Slam"],"picked":"Rampage","floor":2.0},{"not_picked":["Run Through","Seeing Red"],"picked":"ReplayReversal","floor":3.0},{"not_picked":["Battle Trance","True Grit"],"picked":"Burning Pact","floor":5.0},{"not_picked":["Body Slam","Hemokinesis"],"picked":"Armaments","floor":7.0},{"not_picked":["Cleave","Disarm"],"picked":"Berserk","floor":11.0},{"not_picked":["ReplayTheSpireMod:Strike From Hell","Run Through"],"picked":"Thunderclap","floor":14.0},{"not_picked":["Immolate","Brutality"],"picked":"Hemogenesis","floor":16.0},{"not_picked":["Burning Pact","Anger","Iron Wave"],"picked":"Shockwave+1","floor":18.0},{"not_picked":["Clash+1","Havoc","Shrug It Off+1"],"picked":"Rage","floor":22.0},{"not_picked":["Havoc","Thunderclap","Armaments"],"picked":"Combust","floor":24.0},{"not_picked":["Armaments","ReplayTheSpireMod:Stacked","Offering"],"picked":"Rupture+1","floor":25.0},{"not_picked":["Iron Wave","Clothesline+1","Replay:Undeath\u0027s Touch"],"picked":"Blood for Blood","floor":27.0},{"not_picked":["Armaments","Battle Trance","True Grit"],"picked":"Flex+1","floor":29.0},{"not_picked":["Body Slam","Evolve","Wild Strike"],"picked":"Anger+1","floor":30.0},{"not_picked":["Barricade","Feed","Exhume"],"picked":"Limit Break","floor":33.0},{"not_picked":["Reckless Charge+1","Armaments","Warcry+1"],"picked":"Clothesline+1","floor":35.0},{"not_picked":["Searing Blow","Iron Wave+1","True Grit+1"],"picked":"Rupture","floor":36.0},{"not_picked":["Heavy Blade","Thunderclap","Replay:Undeath\u0027s Touch+1"],"picked":"Rupture","floor":37.0},{"not_picked":["Anger","Power Through","Bloodletting"],"picked":"Cleave+1","floor":41.0},{"not_picked":["Run Through","Warcry+1","True Grit"],"picked":"ReplayTheSpireMod:Stacked+1","floor":42.0},{"not_picked":["Rupture","Cleave","Sword Boomerang"],"picked":"Warcry+1","floor":44.0},{"not_picked":["Thunderclap","Replay:Undeath\u0027s Touch+1","Searing Blow+1"],"picked":"Bludgeon","floor":47.0},{"not_picked":["Abandon+1","Pommel Strike+1","Headbutt"],"picked":"Replay:Undeath\u0027s Touch+1","floor":48.0}],"player_experience":365999,"relics_obtained":[{"floor":2.0,"key":"Dream Catcher"},{"floor":9.0,"key":"Chameleon Ring"},{"floor":11.0,"key":"Grinning Jar"},{"floor":19.0,"key":"Nilry\u0027s Codex"},{"floor":25.0,"key":"Calipers"},{"floor":26.0,"key":"ReplayTheSpireMod:Spearhead"},{"floor":27.0,"key":"Smiling Mask"},{"floor":37.0,"key":"WingedGreaves"},{"floor":41.0,"key":"MawBank"},{"floor":42.0,"key":"Mirror"},{"floor":43.0,"key":"Replay:Mystery Machine"}],"event_choices":[{"damage_healed":40.0,"max_hp_gain":0.0,"max_hp_loss":80.0,"gold_gain":0.0,"event_name":"betterThird:BetterShining","player_choice":"Protect","floor":4.0,"gold_loss":1.0,"damage_taken":0.0},{"damage_healed":0.0,"max_hp_gain":0.0,"max_hp_loss":0.0,"gold_gain":0.0,"event_name":"betterThird:BetterScrap","player_choice":"Relic ","floor":6.0,"gold_loss":0.0,"damage_taken":7.0,"cards_obtained":["Heatsinks"]},{"damage_healed":20.0,"max_hp_gain":0.0,"max_hp_loss":0.0,"gold_gain":0.0,"event_name":"The Cleric","player_choice":"Healed","floor":12.0,"gold_loss":35.0,"damage_taken":0.0},{"damage_healed":0.0,"max_hp_gain":0.0,"max_hp_loss":0.0,"gold_gain":0.0,"event_name":"Cursed Tome","player_choice":"Obtained Book","floor":19.0,"gold_loss":0.0,"damage_taken":16.0},{"damage_healed":0.0,"max_hp_gain":53.0,"max_hp_loss":32.0,"gold_gain":0.0,"event_name":"betterAltar:BetterAltar","player_choice":" Vial ","floor":20.0,"potions_obtained":[],"relics_lost":[],"gold_loss":0.0,"damage_taken":21.0,"relics_obtained":["Blood Vial"]},{"damage_healed":0.0,"max_hp_gain":0.0,"max_hp_loss":0.0,"gold_gain":0.0,"event_name":"MindBloom","player_choice":"Fight","floor":37.0,"gold_loss":0.0,"damage_taken":0.0},{"damage_healed":0.0,"max_hp_gain":0.0,"max_hp_loss":0.0,"gold_gain":275.0,"event_name":"Golden Shrine","player_choice":"Desecrate","floor":39.0,"gold_loss":0.0,"damage_taken":0.0,"cards_obtained":["Regret"]}],"is_beta":false,"boss_relics":[{"not_picked":["Empty Cage","Runic Cube"],"picked":"Honey Jar"},{"not_picked":["SacredBark","Fusion Hammer"],"picked":"Ooze Armor"}],"items_purged_floors":[0],"is_endless":false,"potions_floor_spawned":[1,7,11,16,18,29,30,33,35,36,41,47],"ascension_level":8}}