{"host":"msfr2axb1w9025n0","time":1608177171,"event":{"mods":["BaseMod","Colored Map","DeckTracker","Minty Spire (QoL Compilation)"],"gold_per_floor":[119,119,119,138,138,171,224,252,278,278,278,67,85,102,102,173,173,186,111,111,111,129,154,154,184,207,218,218,218],"floor_reached":28,"playtime":684,"items_purged":["Strike_G"],"score":518,"play_id":"f320e74e-48c2-4f6a-8507-e0598afa1b0a","local_time":"20201217105251","is_ascension_mode":true,"campfire_choices":[{"floor":11.0,"key":"REST"},{"data":"Footwork","floor":15.0,"key":"SMITH"},{"data":"Catalyst","floor":24,"key":"SMITH"}],"circlet_count":0,"master_deck":["AscendersBane","Strike_G","Strike_G+1","Defend_G","Defend_G","Defend_G","Defend_G","Defend_G+1","Survivor+1","Neutralize+1","Escape Plan","Poisoned Stab","Bane","Leg Sweep","Footwork+1","Corpse Explosion+1","Poisoned Stab","Flying Knee","Tools of the Trade","Catalyst+1","Noxious Fumes","Deadly Poison","Catalyst","Catalyst","Shame"],"relics":["Ring of the Snake","NeowsBlessing","White Beast Statue","Bronze Scales","Bag of Marbles","Dream Catcher","Cursed Key","War Paint","Art of War","MealTicket"],"acts_visited":["Exordium","TheCity"],"potions_floor_usage":[23,23,28],"damage_taken":[{"damage":0.0,"enemies":"2 Louse","floor":1.0,"turns":1.0},{"damage":0.0,"enemies":"Cultist","floor":4.0,"turns":1.0},{"damage":0.0,"enemies":"Gremlin Nob","floor":6.0,"turns":1.0},{"damage":16.0,"enemies":"Lagavulin","floor":8.0,"turns":9.0},{"damage":13.0,"enemies":"Small Slimes","floor":13.0,"turns":3.0},{"damage":2.0,"enemies":"Exordium Wildlife","floor":14.0,"turns":3.0},{"damage":14.0,"enemies":"Hexaghost","floor":16.0,"turns":9.0},{"damage":6,"enemies":"Spheric Guardian","floor":18,"turns":5},{"damage":0,"enemies":"Chosen","floor":22,"turns":5},{"damage":0,"enemies":"Slavers","floor":23,"turns":2},{"damage":29,"enemies":"Gremlin Leader","floor":25,"turns":5},{"damage":8,"enemies":"Snake Plant","floor":27,"turns":2},{"damage":18,"enemies":"Masked Bandits","floor":28,"turns":2}],"seed_played":"-6015658482729767301","potions_obtained":[{"floor":4.0,"key":"Energy Potion"},{"floor":6.0,"key":"Block Potion"},{"floor":8.0,"key":"FearPotion"},{"floor":13.0,"key":"SkillPotion"},{"floor":18,"key":"Block Potion"},{"floor":23,"key":"FearPotion"},{"floor":25,"key":"Poison Potion"}],"is_trial":false,"path_per_floor":["M","?","?","M","?","E","T","E","T","?","R","$","M","M","R","B",null,"M","?","?","$","M","E","R","E","T","M","?"],"character_chosen":"THE_SILENT","items_purchased":["Corpse Explosion"],"campfire_rested":1,"item_purchase_floors":[12],"current_hp_per_floor":[63,63,63,63,49,49,49,33,33,26,47,47,34,32,32,18,57,51,51,51,51,51,51,51,22,22,14,0,0],"gold":218,"neow_bonus":"THREE_ENEMY_KILL","is_daily":false,"chose_seed":false,"campfire_upgraded":2,"win_rate":0.0,"timestamp":1608177171,"path_taken":["M","?","?","?","?","E","?","E","T","?","R","$","M","?","R","BOSS","M","?","?","$","M","E","R","E","T","M","?"],"items_purchased_type":["Card"],"build_version":"2020-12-13","purchased_purges":1,"victory":false,"max_hp_per_floor":[70,70,70,70,70,70,70,70,70,70,70,70,70,70,70,70,70,70,70,70,70,70,70,70,70,70,70,70,70],"card_choices":[{"not_picked":["Dodge and Roll","Choke","Expertise"],"picked":"SKIP","floor":1.0},{"not_picked":["Dagger Spray","Cloak And Dagger"],"picked":"Poisoned Stab","floor":4.0},{"not_picked":["Blade Dance","Leg Sweep"],"picked":"Bane","floor":6.0},{"not_picked":["Accuracy","Bouncing Flask"],"picked":"Leg Sweep","floor":8.0},{"not_picked":["Poisoned Stab","Flying Knee"],"picked":"Footwork","floor":11.0},{"not_picked":["Reflex","Setup"],"picked":"Poisoned Stab","floor":13.0},{"not_picked":["Infinite Blades","Terror"],"picked":"Flying Knee","floor":14.0},{"not_picked":["Glass Knife","Grand Finale"],"picked":"Tools of the Trade","floor":16.0},{"not_picked":["Bane","Crippling Poison"],"picked":"Catalyst","floor":18},{"not_picked":["Well Laid Plans","Dagger Throw"],"picked":"Deadly Poison","floor":22},{"not_picked":["Bane+1","Acrobatics"],"picked":"Catalyst","floor":23},{"not_picked":["Corpse Explosion","Blade Dance"],"picked":"Catalyst","floor":25},{"not_picked":["Sucker Punch","Flying Knee","Slice"],"picked":"SKIP","floor":27}],"player_experience":249544,"relics_obtained":[{"floor":6.0,"key":"White Beast Statue"},{"floor":7.0,"key":"Bronze Scales"},{"floor":8.0,"key":"Bag of Marbles"},{"floor":9.0,"key":"Dream Catcher"},{"floor":23,"key":"War Paint"},{"floor":25,"key":"Art of War"},{"floor":26,"key":"MealTicket"}],"event_choices":[{"damage_healed":0.0,"max_hp_gain":0.0,"max_hp_loss":0.0,"gold_gain":0.0,"event_name":"Living Wall","player_choice":"Grow","floor":2.0,"gold_loss":0.0,"damage_taken":0.0,"cards_upgraded":["Neutralize"]},{"damage_healed":0.0,"max_hp_gain":0.0,"max_hp_loss":0.0,"gold_gain":0.0,"cards_transformed":["Strike_G"],"event_name":"Transmorgrifier","player_choice":"Transformed","floor":3.0,"gold_loss":0.0,"damage_taken":0.0,"cards_obtained":["Escape Plan"]},{"damage_healed":0.0,"max_hp_gain":0.0,"max_hp_loss":0.0,"gold_gain":0.0,"event_name":"Shining Light","player_choice":"Entered Light","floor":5.0,"gold_loss":0.0,"damage_taken":14.0,"cards_upgraded":["Strike_G","Defend_G"]},{"damage_healed":0.0,"max_hp_gain":0.0,"max_hp_loss":0.0,"gold_gain":0.0,"event_name":"Wheel of Change","player_choice":"Damaged","floor":10.0,"gold_loss":0.0,"damage_taken":7.0},{"cards_removed":["Strike_G"],"damage_healed":0,"gold_gain":0,"player_choice":"Gave Gold","damage_taken":0,"max_hp_gain":0,"max_hp_loss":0,"event_name":"Beggar","floor":19,"gold_loss":75},{"damage_healed":0,"gold_gain":0,"player_choice":"Read","damage_taken":0,"max_hp_gain":0,"max_hp_loss":0,"event_name":"The Library","floor":20,"gold_loss":0,"cards_obtained":["Noxious Fumes"]},{"damage_healed":0,"gold_gain":0,"player_choice":"Fought Bandits","damage_taken":0,"max_hp_gain":0,"max_hp_loss":0,"event_name":"Masked Bandits","floor":28,"gold_loss":0}],"is_beta":false,"boss_relics":[{"not_picked":["WristBlade","Runic Dome"],"picked":"Cursed Key"}],"items_purged_floors":[12],"is_endless":false,"potions_floor_spawned":[4,6,8,13,14,16,18,22,23,25,27],"killed_by":"Masked Bandits","ascension_level":13}}