{"host":"nukjzc0ca34w6eem","time":1608194586,"event":{"mods":["2.2 Compatiblity","AchievementEnabler","BaseMod","Colored Powertips","Downfall","Minty Spire (QoL Compilation)","StSLib"],"gold_per_floor":[99,99,99,99,99,99,99,125,37,37,54,71,90,25,44,148,148,148,167,186,12,12,12],"floor_reached":22,"playtime":1368,"items_purged":["Guardian:Defend_Guardian","Guardian:Defend_Guardian"],"score":269,"play_id":"ca252051-f76d-4fae-83a3-4594700c7541","local_time":"20201217004306","is_ascension_mode":true,"campfire_choices":[{"data":"Guardian:CurlUp","floor":1,"key":"SMITH"},{"data":"Guardian:TwinSlam","floor":4,"key":"SMITH"},{"data":"Guardian:SpikerProtocol","floor":10,"key":"SMITH"},{"data":"Guardian:StasisField","floor":18,"key":"SMITH"}],"circlet_count":0,"master_deck":["Guardian:Strike_Guardian","Guardian:Strike_Guardian","Guardian:Strike_Guardian","Guardian:Defend_Guardian","Guardian:Defend_Guardian","Guardian:CurlUp+1","Guardian:TwinSlam+1","Guardian:Planning","Guardian:SpikerProtocol+1","Guardian:CrystalBeam","Guardian:FuturePlans","Guardian:EvasiveProtocol","Guardian:StasisField+1","Guardian:PrismaticBarrier","Guardian:Gem_Lightblue","Guardian:Gem_Green","Guardian:PrismaticBeam","Guardian:Gem_White"],"relics":["Guardian:ModeShifter","downfall:HeartsMalice","CaptainsWheel","Smiling Mask","MealTicket","Runic Dome"],"acts_visited":["Exordium","TheCity"],"potions_floor_usage":[16,22,22],"damage_taken":[{"damage":0,"enemies":"2 Louse","floor":2,"turns":1},{"damage":0,"enemies":"Jaw Worm","floor":6,"turns":1},{"damage":0,"enemies":"3 Sentries","floor":8,"turns":1},{"damage":0,"enemies":"downfall:FleeingMerchant","floor":9,"turns":4},{"damage":0,"enemies":"Cultist","floor":11,"turns":3},{"damage":0,"enemies":"Blue Slaver","floor":12,"turns":3},{"damage":0,"enemies":"2 Fungi Beasts","floor":13,"turns":3},{"damage":4,"enemies":"downfall:FleeingMerchant","floor":14,"turns":4},{"damage":8,"enemies":"Large Slime","floor":15,"turns":4},{"damage":14,"enemies":"downfall:Ironclad","floor":16,"turns":8},{"damage":8,"enemies":"Chosen","floor":19,"turns":4},{"damage":0,"enemies":"Spheric Guardian","floor":20,"turns":4},{"damage":1,"enemies":"downfall:FleeingMerchant","floor":21,"turns":4},{"damage":20,"enemies":"Centurion and Healer","floor":22,"turns":9}],"seed_played":"6568598758054858348","potions_obtained":[{"floor":8,"key":"Energy Potion"},{"floor":11,"key":"GamblersBrew"},{"floor":13,"key":"CultistPotion"},{"floor":15,"key":"Block Potion"},{"floor":19,"key":"DistilledChaos"}],"is_trial":false,"path_per_floor":["R","M","?","R","?","M","T","E","$","R","M","M","M","$","M","B",null,"R","M","M","$","M"],"character_chosen":"GUARDIAN","items_purchased":["Guardian:Gem_Cyan","Guardian:PrismaticBeam","Guardian:Gem_White"],"campfire_rested":0,"item_purchase_floors":[9,21,21],"current_hp_per_floor":[72,72,72,72,69,69,69,69,80,80,80,80,80,76,68,54,74,74,66,66,79,59,59],"gold":12,"neow_bonus":"THREE_ENEMY_KILL","is_daily":false,"chose_seed":false,"campfire_upgraded":4,"win_rate":0.0,"timestamp":1608194586,"path_taken":["R","M","?","R","?","M","T","E","$","R","M","M","M","$","M","BOSS","R","M","M","$","M"],"items_purchased_type":["Card","Card","Card"],"build_version":"2020-12-13","purchased_purges":2,"victory":false,"max_hp_per_floor":[80,80,80,80,80,80,80,80,80,80,80,80,80,80,80,80,80,80,80,80,80,80,80],"card_choices":[{"not_picked":["Guardian:Reroute","Guardian:WalkerClaw"],"picked":"Guardian:Gem_Green","floor":2},{"not_picked":["Guardian:Gem_Green","Guardian:Suspension"],"picked":"Guardian:Planning","floor":6},{"not_picked":["Guardian:Recover","Guardian:GuardianWhirl"],"picked":"Guardian:Gem_Red","floor":8},{"not_picked":["Guardian:RollAttack","Guardian:ChargeCore"],"picked":"Guardian:SpikerProtocol","floor":9},{"not_picked":["Guardian:BronzeOrb","Guardian:Suspension"],"picked":"Guardian:Gem_Cyan","floor":11},{"not_picked":["Guardian:ChargeCore","Guardian:RefractedBeam"],"picked":"Guardian:CrystalBeam","floor":12},{"not_picked":["Guardian:Emergency","Guardian:BronzeArmor","Guardian:CrystalBeam"],"picked":"SKIP","floor":13},{"not_picked":["Guardian:AncientConstruct","Guardian:PrimingBeam"],"picked":"Guardian:FuturePlans","floor":14},{"not_picked":["Guardian:TemporalStrike","Guardian:TimeCapacitor"],"picked":"Guardian:EvasiveProtocol","floor":15},{"not_picked":["Guardian:FastForward","Guardian:HyperBeam_Guardian"],"picked":"Guardian:StasisField","floor":16},{"not_picked":["Guardian:Clone","Guardian:Gem_Green"],"picked":"Guardian:PrismaticBarrier","floor":19},{"not_picked":["Guardian:Recover+1","Guardian:TemporalShield"],"picked":"Guardian:Gem_Lightblue","floor":20},{"not_picked":["Guardian:TemporalShield","Guardian:BronzeOrb+1"],"picked":"Guardian:Gem_Green","floor":21}],"player_experience":428163,"relics_obtained":[{"floor":7,"key":"Smiling Mask"},{"floor":8,"key":"MealTicket"}],"event_choices":[{"cards_removed":["Guardian:Strike_Guardian"],"damage_healed":0,"gold_gain":0,"player_choice":"Card Removal","damage_taken":0,"max_hp_gain":0,"max_hp_loss":0,"event_name":"The Cleric","floor":3,"gold_loss":0},{"damage_healed":0,"gold_gain":0,"player_choice":"Success","damage_taken":3,"relics_obtained":["CaptainsWheel"],"max_hp_gain":0,"max_hp_loss":0,"event_name":"Scrap Ooze","floor":5,"gold_loss":0}],"is_beta":false,"boss_relics":[{"not_picked":["Guardian:StasisSlotReductionRelic","Sozu"],"picked":"Runic Dome"}],"items_purged_floors":[9,14],"is_endless":false,"potions_floor_spawned":[8,11,13,15,19],"killed_by":"Centurion and Healer","ascension_level":6}}