{"host":"8rwnpls8n88jrgbg","time":1608219569,"event":{"mods":["AchievementEnabler","BaseMod","Colored Map","Colored Powertips","DeckTracker","Keyboard Shortcuts","Minty Spire (QoL Compilation)","Relic Stats","StSLib","SuperFastMode"],"gold_per_floor":[11,11,35,49,64,64,78,128,155,174,6,6,29,60,60,60,60],"floor_reached":16,"playtime":770,"items_purged":[],"score":208,"play_id":"8d9baa14-551c-4e73-bc93-b21874dbe17a","local_time":"20201218003929","is_ascension_mode":true,"campfire_choices":[{"data":"Strike_G","floor":6.0,"key":"PURGE"},{"data":"Glass Knife","floor":12.0,"key":"SMITH"},{"data":"Wraith Form v2","floor":15.0,"key":"SMITH"}],"circlet_count":0,"master_deck":["AscendersBane","Strike_G","Strike_G","Strike_G","Strike_G","Defend_G","Defend_G","Defend_G","Defend_G","Defend_G","Survivor","Neutralize","All Out Attack","Dash","Wraith Form v2+1","Footwork","Glass Knife+1","PiercingWail"],"relics":["Ring of the Snake","Peace Pipe","Golden Idol","Blood Vial","Dream Catcher"],"acts_visited":["Exordium"],"potions_floor_usage":[16,16],"damage_taken":[{"damage":1.0,"enemies":"Small Slimes","floor":1.0,"turns":5.0},{"damage":1.0,"enemies":"2 Louse","floor":3.0,"turns":2.0},{"damage":0.0,"enemies":"Cultist","floor":4.0,"turns":4.0},{"damage":1.0,"enemies":"Blue Slaver","floor":5.0,"turns":4.0},{"damage":0.0,"enemies":"3 Louse","floor":7.0,"turns":4.0},{"damage":7.0,"enemies":"Exordium Wildlife","floor":10.0,"turns":4.0},{"damage":3.0,"enemies":"Looter","floor":13.0,"turns":2.0},{"damage":9.0,"enemies":"3 Sentries","floor":14.0,"turns":4.0},{"damage":40,"enemies":"Slime Boss","floor":16,"turns":10}],"seed_played":"1301077443249227025","potions_obtained":[{"floor":1.0,"key":"AttackPotion"},{"floor":5.0,"key":"SteroidPotion"},{"floor":10.0,"key":"DuplicationPotion"},{"floor":14.0,"key":"Fire Potion"}],"is_trial":false,"path_per_floor":["M","?","M","M","M","R","M","?","T","M","$","R","M","E","R","B"],"character_chosen":"THE_SILENT","items_purchased":["Glass Knife"],"campfire_rested":0,"item_purchase_floors":[11],"current_hp_per_floor":[58,58,57,57,56,56,56,50,50,45,45,45,44,37,37,0,0],"gold":60,"neow_bonus":"ONE_RARE_RELIC","is_daily":false,"chose_seed":false,"campfire_upgraded":2,"win_rate":0.0,"timestamp":1608219569,"path_taken":["M","?","M","M","M","R","M","?","T","M","$","R","?","E","R","BOSS"],"items_purchased_type":["Card"],"build_version":"2020-12-13","purchased_purges":0,"victory":false,"max_hp_per_floor":[66,60,60,60,60,60,60,60,60,60,60,60,60,60,60,60,60],"relic_stats":{"Peace Pipe":1,"Blood Vial":8,"Dream Catcher":0,"counters":[9,39],"Golden Idol":29,"obtain_stats":[{"Peace Pipe":0,"Blood Vial":9,"Dream Catcher":14,"Golden Idol":2,"Ring of the Snake":0},{"Peace Pipe":0,"Blood Vial":5,"Dream Catcher":8,"Golden Idol":1,"Ring of the Snake":0},{"Peace Pipe":0,"Blood Vial":19,"Dream Catcher":29,"Golden Idol":5,"Ring of the Snake":0}],"Ring of the Snake":[18]},"card_choices":[{"not_picked":["Catalyst","Backflip"],"picked":"All Out Attack","floor":1.0},{"not_picked":["Flying Knee","Acrobatics"],"picked":"Dash","floor":3.0},{"not_picked":["Deflect","Quick Slash","Prepared"],"picked":"SKIP","floor":4.0},{"not_picked":["Caltrops","Quick Slash","Deadly Poison"],"picked":"SKIP","floor":5.0},{"not_picked":["Poisoned Stab","Deflect"],"picked":"Wraith Form v2","floor":7.0},{"not_picked":["Acrobatics","Prepared"],"picked":"Footwork","floor":10.0},{"not_picked":["Dagger Spray","Backflip","Sucker Punch"],"picked":"SKIP","floor":13.0},{"not_picked":["Cloak And Dagger","Expertise"],"picked":"PiercingWail","floor":14.0}],"player_experience":1458459,"relics_obtained":[{"floor":9.0,"key":"Blood Vial"},{"floor":14.0,"key":"Dream Catcher"}],"event_choices":[{"damage_healed":0.0,"max_hp_gain":0.0,"max_hp_loss":6.0,"gold_gain":0.0,"event_name":"Golden Idol","player_choice":"Lose Max HP","floor":2.0,"gold_loss":0.0,"damage_taken":0.0,"relics_obtained":["Golden Idol"]},{"damage_healed":0.0,"max_hp_gain":0.0,"max_hp_loss":0.0,"gold_gain":50.0,"event_name":"FaceTrader","player_choice":"Touch","floor":8.0,"gold_loss":0.0,"damage_taken":6.0}],"is_beta":false,"boss_relics":[],"items_purged_floors":[],"is_endless":false,"potions_floor_spawned":[1,5,7,10,14],"killed_by":"Slime Boss","ascension_level":20}}