{"host":"urcd10ipogtopotm","time":1608236434,"event":{"mods":["2.2 Compatiblity","AchievementEnabler","Act Like it!","Bard","BaseMod","Beaked The Cultist","Better Third Choice","Block Reminder","Colored Map","Colored Powertips","Downfall","Hallownest","Hermit","Highlight Path","Infinite Spire","Minty Spire (QoL Compilation)","Permanent Neow","Quick Restart","Random Character Button","Relic Stats","Replay The Spire","Shade Mod","Shop Mod","StSLib","The Blackbeard","The Bug Knight","The Construct","The Cursed","The Disciple","The Forsaken","The Hierophant","The Necromancer","The Runesmith","The Senshi","The Servant 0.9.4"],"gold_per_floor":[109,58,58,71,87,87,110,127,180,214,214,214,241,253,253,355,355,385,385,399,79,79,112,112,124,124,64,64,97,22,22,22,119,119,134,145,145,66,86,86,86,86,86,86,120,132,151,162,162,263,263,263],"floor_reached":51,"playtime":9171,"items_purged":["hermit:TakeCover+1"],"score":523,"play_id":"a1e96ec0-a3e9-4821-9d9b-5961a48b9f7a","local_time":"20201217152034","is_ascension_mode":false,"campfire_choices":[{"data":"hermit:EternalForm","floor":6.0,"key":"SMITH"},{"floor":11.0,"key":"REST"},{"data":"hermit:Vantage","floor":15.0,"key":"SMITH"},{"floor":24.0,"key":"RECALL"},{"floor":28.0,"key":"REST"},{"floor":32.0,"key":"REST"},{"data":"infinitespire:UltimateForm","floor":40.0,"key":"SMITH"},{"data":"hermit:Quickdraw","floor":42.0,"key":"SMITH"},{"floor":49,"key":"REST"}],"circlet_count":0,"master_deck":["hermit:Strike_Hermit","hermit:Strike_Hermit","hermit:Defend_Hermit+1","hermit:Defend_Hermit+1","hermit:Defend_Hermit","hermit:Snapshot","hermit:Covet+1","hermit:EternalForm+1","hermit:Vantage","hermit:Quickdraw+1","hermit:Deadeye","hermit:ItchyTrigger+1","hermit:DeadMansHand","hermit:Vantage+1","hermit:FinalCanter+1","hermit:Combo","hermit:LuckOfTheDraw+1","hermit:Magnum","CurseOfTheBell","sneckomod:Bewildered","ReplayTheSpireMod:Restless Dread","infinitespire:UltimateForm+1","hermit:OverwhelmingPower","hermit:TakeAim"],"relics":["hermit:ClaspedLocket","Gremlin Food","PreservedInsect","construct:BoolHorns","Mirror","Blood Vial","Astrolabe","infinitespire:EmpoweringShard","infinitespire:WardingShard","HornCleat","MealTicket","Replay:Rubber Ducky","Bag of Preparation","Replay:Grab Bag","Painkiller Herb","infinitespire:Cupcake","Calling Bell","Runesmith:AutoHammer","Darkstone Periapt","Ginger","ReplayTheSpireMod:Ring of Exchange","Torii","infinitespire:Satchel"],"acts_visited":["Exordium","TheCity","TheBeyond"],"potions_floor_usage":[],"damage_taken":[{"damage":1.0,"enemies":"Jaw Worm","floor":1.0,"turns":3.0},{"damage":0.0,"enemies":"Small Slimes","floor":4.0,"turns":3.0},{"damage":0.0,"enemies":"Cultist","floor":5.0,"turns":4.0},{"damage":3.0,"enemies":"Exordium Thugs","floor":8.0,"turns":4.0},{"damage":11.0,"enemies":"Gremlin Nob","floor":10.0,"turns":4.0},{"damage":4.0,"enemies":"Lagavulin","floor":13.0,"turns":4.0},{"damage":0.0,"enemies":"Red Slaver","floor":14.0,"turns":3.0},{"damage":36.0,"enemies":"The Guardian","floor":16.0,"turns":11.0},{"damage":0.0,"enemies":"Spheric Guardian","floor":18.0,"turns":3.0},{"damage":10.0,"enemies":"Chosen","floor":20.0,"turns":6.0},{"damage":10.0,"enemies":"Book of Stabbing","floor":23.0,"turns":4.0},{"damage":7.0,"enemies":"Snecko","floor":25.0,"turns":5.0},{"damage":37.0,"enemies":"Nightmare","floor":29.0,"turns":8.0},{"damage":11.0,"enemies":"Champ","floor":33.0,"turns":11.0},{"damage":0.0,"enemies":"Orb Walker","floor":35.0,"turns":4.0},{"damage":6.0,"enemies":"3 Darklings","floor":36.0,"turns":7.0},{"damage":14.0,"enemies":"Maw","floor":39.0,"turns":6.0},{"damage":12.0,"enemies":"beaked:SuperParasite","floor":45.0,"turns":5.0},{"damage":1,"enemies":"Sphere and 2 Shapes","floor":46,"turns":4},{"damage":0,"enemies":"4 Shapes","floor":47,"turns":7},{"damage":11,"enemies":"Transient","floor":48,"turns":5},{"damage":16,"enemies":"Replay:Hell Engine","floor":50,"turns":7}],"seed_played":"6227099438089630527","potions_obtained":[{"floor":1.0,"key":"Block Potion"},{"floor":10.0,"key":"hermit:Tonic"},{"floor":13.0,"key":"hermit:Tonic"},{"floor":23.0,"key":"SmokeBomb"},{"floor":25.0,"key":"Dexterity Potion"},{"floor":33.0,"key":"SkillPotion"},{"floor":45.0,"key":"SpeedPotion"},{"floor":46,"key":"Cursed Concoction"}],"is_trial":false,"path_per_floor":["M","$","?","M","M","R","T","M","T","E","R","?","E","M","R","B",null,"M","T","M","$","?","E","R","M","T","?","R","NM","?","$","R","B",null,"?","?","?","T","?","T","?","T","T","T","E","?","?","?","T","B",null],"character_chosen":"HERMIT","items_purchased":["hermit:Vantage","infinitespire:WardingShard","hermit:OverwhelmingPower"],"campfire_rested":4,"item_purchase_floors":[2,21,38],"current_hp_per_floor":[74,74,49,49,49,49,49,46,46,35,57,57,53,55,55,21,75,75,75,65,65,58,50,50,45,45,45,67,32,32,47,69,60,75,75,69,81,87,74,74,74,74,74,87,75,76,78,69,87,71,71,71],"gold":263,"neow_bonus":"ONE_RANDOM_RARE_CARD","is_daily":false,"chose_seed":false,"campfire_upgraded":4,"win_rate":0.0,"timestamp":1608236434,"path_taken":["M","$","?","M","M","R","?","M","T","E","R","?","E","M","R","BOSS","M","?","?","$","?","E","R","M","T","?","R","NM","?","$","R","BOSS","?","?","?","T","?","T","?","T","T","T","E","?","?","?","T","BOSS"],"items_purchased_type":["Card","Relic","Card"],"build_version":"2020-12-13","purchased_purges":1,"victory":false,"max_hp_per_floor":[75,75,75,75,75,75,75,75,75,75,75,75,75,75,75,75,75,75,75,75,75,75,75,75,75,75,75,75,75,75,75,75,75,75,75,75,87,87,87,87,87,87,87,87,87,87,87,87,87,87,87,87],"relic_stats":{"Blood Vial":18,"Darkstone Periapt":12,"Torii":0,"counters":[22,118],"Astrolabe":["hermit:FinalCanter","hermit:DeadOrAlive","hermit:TakeCover"],"MealTicket":34,"PreservedInsect":216,"Bag of Preparation":[18],"Ginger":[8],"obtain_stats":[{"Gremlin Food":3,"construct:BoolHorns":10,"Darkstone Periapt":34,"ReplayTheSpireMod:Ring of Exchange":41,"hermit:ClaspedLocket":34,"Torii":43,"Astrolabe":17,"Replay:Grab Bag":34,"Painkiller Herb":34,"PreservedInsect":9,"Bag of Preparation":29,"Ginger":34,"Replay:Rubber Ducky":26,"Blood Vial":13,"Calling Bell":34,"HornCleat":22,"infinitespire:WardingShard":21,"infinitespire:Satchel":45,"MealTicket":23,"infinitespire:EmpoweringShard":19,"Runesmith:AutoHammer":34,"Mirror":12,"hermit:Momento":0,"infinitespire:Cupcake":34},{"Gremlin Food":1,"construct:BoolHorns":5,"Darkstone Periapt":14,"ReplayTheSpireMod:Ring of Exchange":17,"hermit:ClaspedLocket":14,"Torii":17,"Astrolabe":8,"Replay:Grab Bag":14,"Painkiller Herb":14,"PreservedInsect":4,"Bag of Preparation":13,"Ginger":14,"Replay:Rubber Ducky":12,"Blood Vial":6,"Calling Bell":14,"HornCleat":10,"infinitespire:WardingShard":10,"infinitespire:Satchel":18,"MealTicket":11,"infinitespire:EmpoweringShard":9,"Runesmith:AutoHammer":14,"Mirror":5,"hermit:Momento":0,"infinitespire:Cupcake":14},{"Gremlin Food":3,"construct:BoolHorns":18,"Darkstone Periapt":73,"ReplayTheSpireMod:Ring of Exchange":90,"hermit:ClaspedLocket":73,"Torii":90,"Astrolabe":36,"Replay:Grab Bag":73,"Painkiller Herb":73,"PreservedInsect":14,"Bag of Preparation":62,"Ginger":73,"Replay:Rubber Ducky":54,"Blood Vial":22,"Calling Bell":73,"HornCleat":45,"infinitespire:WardingShard":45,"infinitespire:Satchel":95,"MealTicket":49,"infinitespire:EmpoweringShard":39,"Runesmith:AutoHammer":73,"Mirror":18,"hermit:Momento":0,"infinitespire:Cupcake":73}]},"card_choices":[{"not_picked":["hermit:FullyLoaded","hermit:TakeAim","hermit:HighCaliber"],"picked":"SKIP","floor":1.0},{"not_picked":["hermit:Cheat","hermit:FullyLoaded"],"picked":"hermit:Quickdraw","floor":4.0},{"not_picked":["hermit:Manifest","hermit:Midnight"],"picked":"hermit:Deadeye","floor":5.0},{"not_picked":["hermit:SprayPray","hermit:TakeCover","hermit:WideOpen"],"picked":"SKIP","floor":8.0},{"not_picked":["hermit:HighCaliber","hermit:LoneWolf"],"picked":"hermit:ItchyTrigger","floor":10.0},{"not_picked":["hermit:ItchyTrigger","hermit:Determination"],"picked":"hermit:DeadMansHand","floor":13.0},{"not_picked":["hermit:Showdown","hermit:Snipe"],"picked":"hermit:Vantage","floor":14.0},{"not_picked":["hermit:Dive","hermit:Feint"],"picked":"hermit:Combo","floor":18.0},{"not_picked":["hermit:Glare","hermit:Enervate"],"picked":"hermit:LuckOfTheDraw+1","floor":20.0},{"not_picked":["hermit:SprayPray","hermit:Feint","hermit:Vantage"],"picked":"SKIP","floor":23.0},{"not_picked":["hermit:BodyArmor","hermit:SprayPray","hermit:Coalescence+1"],"picked":"SKIP","floor":25.0},{"not_picked":["hermit:Purgatory","hermit:Ricochet+1","hermit:Quickdraw"],"picked":"SKIP","floor":29.0},{"not_picked":["hermit:Adapt","hermit:RoundhouseKick"],"picked":"hermit:Magnum","floor":33.0},{"not_picked":["hermit:WideOpen","hermit:BodyArmor+1","hermit:Manifest+1"],"picked":"SKIP","floor":35.0},{"not_picked":["hermit:Dive","hermit:CursedWeapon","hermit:TrackingShot+1"],"picked":"SKIP","floor":36.0},{"not_picked":["infinitespire:Punishment","ReplayTheSpireMod:Chaos Vortex"],"picked":"infinitespire:UltimateForm","floor":37.0},{"not_picked":["hermit:TrackingShot+1","hermit:WideOpen","hermit:BodyArmor"],"picked":"SKIP","floor":39.0},{"not_picked":["hermit:Maintenance","hermit:TakeCover+1"],"picked":"hermit:TakeAim","floor":45.0},{"not_picked":["hermit:Grudge","hermit:Scavenge","hermit:Shortfuse+1"],"picked":"SKIP","floor":46},{"not_picked":["hermit:Roulette","hermit:TakeCover+1","hermit:CalledShot+1"],"picked":"SKIP","floor":47},{"not_picked":["hermit:EyeOfTheStorm","hermit:Snipe+1","hermit:HighNoon"],"picked":"SKIP","floor":48}],"player_experience":67852,"relics_obtained":[{"floor":9.0,"key":"PreservedInsect"},{"floor":10.0,"key":"construct:BoolHorns"},{"floor":12.0,"key":"Mirror"},{"floor":13.0,"key":"Blood Vial"},{"floor":19.0,"key":"infinitespire:EmpoweringShard"},{"floor":23.0,"key":"MealTicket"},{"floor":26.0,"key":"Replay:Rubber Ducky"},{"floor":29.0,"key":"Bag of Preparation"},{"floor":34.0,"key":"Runesmith:AutoHammer"},{"floor":34.0,"key":"Darkstone Periapt"},{"floor":34.0,"key":"Ginger"},{"floor":41.0,"key":"ReplayTheSpireMod:Ring of Exchange"},{"floor":43.0,"key":"Torii"},{"floor":45.0,"key":"infinitespire:Satchel"}],"event_choices":[{"damage_healed":0.0,"max_hp_gain":0.0,"max_hp_loss":0.0,"gold_gain":0.0,"event_name":"betterThird:BetterScrap","player_choice":"Relic ","floor":3.0,"gold_loss":0.0,"damage_taken":25.0,"cards_obtained":["Predator"]},{"damage_healed":0.0,"max_hp_gain":0.0,"max_hp_loss":0.0,"gold_gain":0.0,"event_name":"Wheel of Change","player_choice":"Relic","floor":12.0,"gold_loss":0.0,"damage_taken":0.0},{"damage_healed":0.0,"max_hp_gain":0.0,"max_hp_loss":0.0,"gold_gain":0.0,"event_name":"blackbeard:ShipwreckEvent","player_choice":"HornCleat","floor":22.0,"gold_loss":0.0,"damage_taken":0.0,"relics_obtained":["HornCleat"]},{"cards_removed":["hermit:DeadOrAlive"],"damage_healed":0.0,"max_hp_gain":0.0,"max_hp_loss":0.0,"gold_gain":0.0,"event_name":"Beggar","player_choice":"Gave Gold","floor":30.0,"gold_loss":75.0,"damage_taken":0.0}],"is_beta":false,"boss_relics":[{"not_picked":["ChewingGum","SlaversCollar"],"picked":"Astrolabe"},{"not_picked":["Runic Dome","Coffee Dripper"],"picked":"Replay:Grab Bag"},{"not_picked":["theForsaken:PaleLantern","Replay:Bronze Core"],"picked":"Painkiller Herb"},{"not_picked":["ReplayTheSpireMod:DimensionalGlitch","Runesmith:UraniumAnvil"],"picked":"infinitespire:Cupcake"},{"not_picked":["Black Star","Replay:Drink Me"],"picked":"Calling Bell"},{"not_picked":["SacredBark","construct:WeddingRing"],"picked":"hermit:ClaspedLocket"},{"not_picked":["Cursed Key","ReplayTheSpireMod:Onyx Gauntlets","Snecko Eye"]}],"items_purged_floors":[21],"is_endless":true,"potions_floor_spawned":[1,10,13,23,25,33,35,45,46,47],"ascension_level":0}}