{"host":"q9718omregw4er46","time":1608238578,"event":{"mods":["BaseMod","Bestiary","Colored Powertips","Custom Start","Highlight Path","Minty Spire (QoL Compilation)","Practice Mode","Quick Restart","Relic Stats"],"gold_per_floor":[113,38,113,113,131,158,158,186,186,186,186],"floor_reached":10,"playtime":207,"items_purged":["Strike_P"],"score":193,"play_id":"5f17e83c-2847-4b1c-9ccf-76b3a162e309","local_time":"20201218015618","is_ascension_mode":true,"campfire_choices":[{"data":"SashWhip","floor":7,"key":"SMITH"}],"circlet_count":0,"master_deck":["AscendersBane","Strike_P","Strike_P","Strike_P","Defend_P","Defend_P","Defend_P","Defend_P","Eruption","Vigilance","FearNoEvil","Wireheading","SashWhip+1","EmptyMind"],"relics":["PureWater","NeowsBlessing","Frozen Egg 2","Vajra","MealTicket"],"acts_visited":["Exordium"],"potions_floor_usage":[8,10],"damage_taken":[{"damage":0,"enemies":"Jaw Worm","floor":1,"turns":1},{"damage":0,"enemies":"2 Louse","floor":5,"turns":1},{"damage":0,"enemies":"Gremlin Nob","floor":6,"turns":1},{"damage":15,"enemies":"Lagavulin","floor":8,"turns":7},{"damage":39,"enemies":"Gremlin Nob","floor":10,"turns":4}],"seed_played":"-5770112450742170152","potions_obtained":[{"floor":1,"key":"SkillPotion"},{"floor":6,"key":"Dexterity Potion"}],"is_trial":false,"path_per_floor":["M","$","?","?","M","E","R","E","T","E"],"character_chosen":"WATCHER","items_purchased":[],"campfire_rested":0,"item_purchase_floors":[],"current_hp_per_floor":[61,61,50,50,50,50,50,35,35,0,0],"gold":186,"neow_bonus":"THREE_ENEMY_KILL","is_daily":false,"chose_seed":false,"campfire_upgraded":1,"win_rate":0.0,"timestamp":1608238578,"path_taken":["M","$","?","?","?","E","R","E","T","E"],"items_purchased_type":[],"build_version":"2020-12-13","purchased_purges":1,"victory":false,"max_hp_per_floor":[68,68,68,68,68,68,68,68,68,68,68],"relic_stats":{"counters":[5,14],"MealTicket":0,"obtain_stats":[{"NeowsBlessing":0,"Vajra":8,"MealTicket":9,"PureWater":0,"Frozen Egg 2":6},{"NeowsBlessing":0,"Vajra":4,"MealTicket":4,"PureWater":0,"Frozen Egg 2":3},{"NeowsBlessing":0,"Vajra":10,"MealTicket":10,"PureWater":0,"Frozen Egg 2":3}]},"card_choices":[{"not_picked":["LikeWater","Vengeance"],"picked":"FearNoEvil","floor":1},{"not_picked":["EmptyFist","DeceiveReality"],"picked":"SashWhip","floor":5},{"not_picked":["InnerPeace","Indignation"],"picked":"EmptyMind","floor":6},{"not_picked":["CutThroughFate","Meditate","Establishment+1"],"picked":"SKIP","floor":8}],"player_experience":1035294,"relics_obtained":[{"floor":6,"key":"Frozen Egg 2"},{"floor":8,"key":"Vajra"},{"floor":9,"key":"MealTicket"}],"event_choices":[{"damage_healed":0,"gold_gain":75,"player_choice":"Gather Gold","damage_taken":11,"max_hp_gain":0,"max_hp_loss":0,"event_name":"World of Goop","floor":3,"gold_loss":0},{"damage_healed":0,"gold_gain":0,"player_choice":"1 cards matched","damage_taken":0,"max_hp_gain":0,"max_hp_loss":0,"event_name":"Match and Keep!","floor":4,"gold_loss":0,"cards_obtained":["Wireheading"]}],"is_beta":false,"boss_relics":[],"items_purged_floors":[2],"is_endless":false,"potions_floor_spawned":[1,6],"killed_by":"Gremlin Nob","ascension_level":19}}