{"host":"iptgt7xajlx4idp5","time":1608181042,"event":{"mods":["BaseMod","Bestiary","Block Reminder","Colored Map","Minty Spire (QoL Compilation)","Rare Cards Sparkle","Slay-I"],"gold_per_floor":[109,126,50,50,66,66,97,97,97,111,15,26,43,61,61,163,163,183,197,230,31,31,31,60,60,83,96,109,109,109,123,123,223,223,242,61,61,73,33,68,80,109,145,168,180,192,204,226,238,250,250],"floor_reached":50,"playtime":3206,"items_purged":["Strike_G","Strike_G"],"score":519,"play_id":"4e0e3174-9b31-4a15-8957-729687fcf350","local_time":"20201216215722","is_ascension_mode":false,"campfire_choices":[{"data":"Dagger Spray","floor":6,"key":"SMITH"},{"floor":15,"key":"REST"},{"data":"Noxious Fumes","floor":23,"key":"SMITH"},{"data":"Blur","floor":25,"key":"SMITH"},{"floor":29,"key":"REST"},{"floor":32,"key":"REST"},{"data":"Die Die Die","floor":41,"key":"SMITH"},{"floor":46,"key":"REST"},{"data":"Flying Knee","floor":49,"key":"SMITH"}],"circlet_count":0,"master_deck":["Strike_G","Strike_G","Defend_G","Defend_G","Defend_G","Defend_G","Defend_G+1","Survivor","Neutralize","Dash","Quick Slash","Masterful Stab","Dagger Spray+1","Bouncing Flask","Bouncing Flask+1","Die Die Die+1","Backstab","Dodge and Roll+1","Noxious Fumes+1","Flying Knee+1","Blur+1","Blur+1","Well Laid Plans+1","Bullet Time","Blur+1","Dramatic Entrance","Dark Shackles"],"relics":["Ring of the Snake","Du-Vu Doll","Matryoshka","Strawberry","The Specimen","Black Star","Red Mask","Prayer Wheel","Mercury Hourglass","Ninja Scroll","MealTicket","War Paint","WristBlade","MawBank","Ginger","Vajra"],"acts_visited":["Exordium","TheCity","TheBeyond"],"potions_floor_usage":[7,7,12,16,20,20,27,33,40,40,42,48,50,50,50],"damage_taken":[{"damage":2,"enemies":"2 Louse","floor":1,"turns":4},{"damage":0,"enemies":"Jaw Worm","floor":2,"turns":4},{"damage":0,"enemies":"Cultist","floor":5,"turns":3},{"damage":1,"enemies":"3 Sentries","floor":7,"turns":2},{"damage":7,"enemies":"Exordium Thugs","floor":10,"turns":4},{"damage":30,"enemies":"Gremlin Gang","floor":12,"turns":5},{"damage":0,"enemies":"Looter","floor":13,"turns":2},{"damage":6,"enemies":"2 Fungi Beasts","floor":14,"turns":3},{"damage":42,"enemies":"Hexaghost","floor":16,"turns":8},{"damage":5,"enemies":"3 Byrds","floor":18,"turns":4},{"damage":0,"enemies":"Chosen","floor":19,"turns":4},{"damage":0,"enemies":"Masked Bandits","floor":20,"turns":1},{"damage":17,"enemies":"Slavers","floor":24,"turns":7},{"damage":0,"enemies":"Snecko","floor":27,"turns":4},{"damage":1,"enemies":"Cultist and Chosen","floor":28,"turns":4},{"damage":19,"enemies":"Centurion and Healer","floor":31,"turns":7},{"damage":42,"enemies":"Champ","floor":33,"turns":13},{"damage":7,"enemies":"3 Darklings","floor":35,"turns":4},{"damage":1,"enemies":"Orb Walker","floor":38,"turns":2},{"damage":11,"enemies":"Nemesis","floor":40,"turns":7},{"damage":7,"enemies":"4 Shapes","floor":42,"turns":5},{"damage":7,"enemies":"Spire Growth","floor":44,"turns":5},{"damage":2,"enemies":"3 Darklings","floor":48,"turns":5},{"damage":70,"enemies":"Awakened One","floor":50,"turns":11}],"seed_played":"-407231771851159989","potions_obtained":[{"floor":2,"key":"Explosive Potion"},{"floor":5,"key":"DuplicationPotion"},{"floor":10,"key":"Weak Potion"},{"floor":13,"key":"CultistPotion"},{"floor":16,"key":"Regen Potion"},{"floor":18,"key":"DuplicationPotion"},{"floor":24,"key":"Block Potion"},{"floor":31,"key":"PowerPotion"},{"floor":39,"key":"Energy Potion"},{"floor":39,"key":"DuplicationPotion"},{"floor":39,"key":"LiquidBronze"},{"floor":40,"key":"EntropicBrew"},{"floor":42,"key":"BlessingOfTheForge"},{"floor":48,"key":"Fire Potion"}],"is_trial":false,"path_per_floor":["M","M","$","?","M","R","E","T","T","M","$","M","M","M","R","B",null,"M","M","?","$","?","R","E","R","T","M","M","R","?","M","R","B",null,"M","$","?","M","?","E","R","M","T","M","?","R","?","M","R","B"],"character_chosen":"THE_SILENT","items_purchased":["Masterful Stab","Bouncing Flask","Poisoned Stab","Noxious Fumes","Flying Knee","Dramatic Entrance"],"campfire_rested":4,"item_purchase_floors":[3,11,11,21,21,36],"current_hp_per_floor":[68,68,68,68,68,68,67,67,74,67,67,37,37,31,54,12,77,72,72,77,77,77,77,60,60,60,60,59,77,71,52,75,33,77,70,77,77,76,76,65,65,58,58,51,51,72,72,70,70,0,0],"gold":250,"neow_bonus":"REMOVE_CARD","is_daily":false,"chose_seed":false,"campfire_upgraded":5,"win_rate":0.0,"timestamp":1608181042,"path_taken":["M","M","$","?","M","R","E","?","T","?","?","M","M","M","R","BOSS","M","?","?","$","?","R","E","R","T","?","M","R","?","?","R","BOSS","M","$","?","M","?","E","R","M","T","?","?","R","?","?","R","BOSS"],"items_purchased_type":["Card","Card","Card","Card","Card","Card"],"build_version":"2020-12-13","purchased_purges":2,"victory":false,"max_hp_per_floor":[70,70,70,70,70,70,70,70,77,77,77,77,77,77,77,77,77,77,77,77,77,77,77,77,77,77,77,77,77,77,77,77,77,77,77,77,77,77,77,77,77,77,77,77,73,73,73,73,73,73,73],"card_choices":[{"not_picked":["Backflip","Outmaneuver"],"picked":"Dash","floor":1},{"not_picked":["Dodge and Roll","Well Laid Plans"],"picked":"Quick Slash","floor":2},{"not_picked":["Prepared","Riddle With Holes"],"picked":"Dagger Spray","floor":5},{"not_picked":["Expertise","Dodge and Roll","Quick Slash"],"picked":"SKIP","floor":7},{"not_picked":["Blur","Endless Agony","Sucker Punch"],"picked":"SKIP","floor":10},{"not_picked":["PiercingWail","Well Laid Plans","Infinite Blades"],"picked":"SKIP","floor":12},{"not_picked":["Bane","Crippling Poison"],"picked":"Bouncing Flask","floor":13},{"not_picked":["Deadly Poison","Dagger Throw","Acrobatics"],"picked":"SKIP","floor":14},{"not_picked":["Night Terror","Tools of the Trade"],"picked":"Die Die Die","floor":16},{"not_picked":["Masterful Stab","Sucker Punch"],"picked":"Backstab","floor":18},{"not_picked":["Heel Hook+1","Escape Plan","Acrobatics"],"picked":"SKIP","floor":19},{"not_picked":["Acrobatics","Prepared"],"picked":"Dodge and Roll+1","floor":20},{"not_picked":["Deadly Poison","Wraith Form v2"],"picked":"Blur","floor":24},{"not_picked":["Poisoned Stab","Dagger Spray"],"picked":"Blur+1","floor":27},{"not_picked":["Dodge and Roll+1","Slice","Backflip+1"],"picked":"SKIP","floor":27},{"not_picked":["Flying Knee","Backflip","Cloak And Dagger+1"],"picked":"SKIP","floor":28},{"not_picked":["Bouncing Flask","Skewer","Cloak And Dagger"],"picked":"SKIP","floor":28},{"not_picked":["Bane","Poisoned Stab"],"picked":"Well Laid Plans+1","floor":31},{"not_picked":["Tools of the Trade","Dodge and Roll","PiercingWail"],"picked":"SKIP","floor":31},{"not_picked":["Corpse Explosion","After Image"],"picked":"Bullet Time","floor":33},{"not_picked":["Backflip+1","Expertise+1"],"picked":"Blur+1","floor":35},{"not_picked":["Crippling Poison","Noxious Fumes","Acrobatics+1"],"picked":"SKIP","floor":35},{"not_picked":["PanicButton","Mayhem"],"picked":"Dark Shackles","floor":37},{"not_picked":["PiercingWail+1","Outmaneuver+1","Dagger Throw+1"],"picked":"SKIP","floor":38},{"not_picked":["Blade Dance+1","Dagger Spray+1","Expertise+1"],"picked":"SKIP","floor":38},{"not_picked":["Backflip+1","Poisoned Stab+1","Sucker Punch"],"picked":"SKIP","floor":40},{"not_picked":["Terror","Glass Knife","Skewer+1"],"picked":"SKIP","floor":42},{"not_picked":["Dagger Throw","Poisoned Stab","Backflip"],"picked":"SKIP","floor":42},{"not_picked":["Choke","Blur","Well Laid Plans+1"],"picked":"SKIP","floor":44},{"not_picked":["Prepared","Setup+1","All Out Attack"],"picked":"SKIP","floor":44},{"not_picked":["Deadly Poison+1","Backflip+1","Flying Knee"],"picked":"SKIP","floor":48},{"not_picked":["Flying Knee","Terror","Dagger Spray"],"picked":"SKIP","floor":48}],"player_experience":494341,"relics_obtained":[{"floor":7,"key":"Du-Vu Doll"},{"floor":8,"key":"Matryoshka"},{"floor":9,"key":"Strawberry"},{"floor":9,"key":"The Specimen"},{"floor":20,"key":"Red Mask"},{"floor":24,"key":"Mercury Hourglass"},{"floor":24,"key":"Ninja Scroll"},{"floor":26,"key":"MealTicket"},{"floor":26,"key":"War Paint"},{"floor":40,"key":"MawBank"},{"floor":40,"key":"Ginger"},{"floor":43,"key":"Vajra"}],"event_choices":[{"damage_healed":0,"gold_gain":0,"player_choice":"Ignored","damage_taken":0,"max_hp_gain":0,"max_hp_loss":0,"event_name":"Shining Light","floor":4,"gold_loss":0},{"damage_healed":0,"gold_gain":0,"player_choice":"Fought Bandits","damage_taken":0,"max_hp_gain":0,"max_hp_loss":0,"event_name":"Masked Bandits","floor":20,"gold_loss":0},{"cards_removed":["Poisoned Stab"],"damage_healed":0,"gold_gain":0,"player_choice":"Gave Card","damage_taken":0,"relics_obtained":["Prayer Wheel"],"max_hp_gain":0,"max_hp_loss":0,"event_name":"WeMeetAgain","floor":22,"gold_loss":0},{"damage_healed":0,"gold_gain":0,"player_choice":"","damage_taken":6,"max_hp_gain":0,"max_hp_loss":0,"event_name":"Knowing Skull","floor":30,"potions_obtained":[],"gold_loss":0,"cards_obtained":[]},{"damage_healed":0,"gold_gain":0,"player_choice":"Memory 1","damage_taken":0,"max_hp_gain":0,"max_hp_loss":0,"event_name":"SensoryStone","floor":37,"gold_loss":0},{"damage_healed":0,"gold_gain":0,"player_choice":"Bought 3 Potions","damage_taken":0,"max_hp_gain":0,"max_hp_loss":0,"event_name":"The Woman in Blue","floor":39,"gold_loss":0},{"damage_healed":0,"gold_gain":0,"player_choice":"Max HP","damage_taken":0,"max_hp_gain":0,"max_hp_loss":4,"event_name":"Winding Halls","floor":45,"gold_loss":0},{"damage_healed":0,"gold_gain":0,"player_choice":"Ignored","damage_taken":0,"max_hp_gain":0,"max_hp_loss":0,"event_name":"Transmorgrifier","floor":47,"gold_loss":0}],"is_beta":false,"boss_relics":[{"not_picked":["Ectoplasm","Velvet Choker"],"picked":"Black Star"},{"not_picked":["Pandora\u0027s Box","SlaversCollar"],"picked":"WristBlade"}],"items_purged_floors":[21,36],"is_endless":false,"potions_floor_spawned":[2,5,10,13,16,18,24,31,40,42,44,48],"killed_by":"Awakened One","ascension_level":0}}