{"host":"daa8jqyg4gqfaysm","time":1608224273,"event":{"mods":["BaseMod","Colored Powertips","Minty Spire (QoL Compilation)","StSLib"],"gold_per_floor":[19,19,42,58,71,115,133,283,306,306,306],"floor_reached":10,"playtime":281,"items_purged":[],"score":123,"play_id":"3fbac1a5-02ba-42b3-b324-ed3b34cddb80","local_time":"20201218005753","is_ascension_mode":true,"campfire_choices":[],"circlet_count":0,"master_deck":["AscendersBane","Strike_G","Strike_G","Strike_G","Strike_G","Strike_G","Defend_G","Defend_G","Defend_G","Defend_G","Defend_G","Survivor","Neutralize","Phantasmal Killer","Crippling Poison","Deadly Poison","Poisoned Stab","Dodge and Roll","Corpse Explosion","Doubt"],"relics":["Ring of the Snake","Golden Idol","Art of War","Regal Pillow"],"acts_visited":["Exordium"],"potions_floor_usage":[6,10],"damage_taken":[{"damage":4,"enemies":"Small Slimes","floor":1,"turns":5},{"damage":0,"enemies":"2 Louse","floor":3,"turns":2},{"damage":0,"enemies":"Jaw Worm","floor":4,"turns":3},{"damage":9,"enemies":"Exordium Wildlife","floor":5,"turns":5},{"damage":34,"enemies":"Gremlin Nob","floor":6,"turns":5},{"damage":1,"enemies":"2 Fungi Beasts","floor":7,"turns":5},{"damage":14,"enemies":"3 Sentries","floor":10,"turns":4}],"seed_played":"-2526865095095205577","potions_obtained":[{"floor":4,"key":"Dexterity Potion"},{"floor":5,"key":"Fire Potion"}],"is_trial":false,"path_per_floor":["M","?","M","M","M","E","M","?","T","E"],"character_chosen":"THE_SILENT","items_purchased":[],"campfire_rested":0,"item_purchase_floors":[],"current_hp_per_floor":[55,55,55,55,46,12,11,11,11,0,0],"gold":306,"neow_bonus":"THREE_RARE_CARDS","is_daily":false,"chose_seed":false,"campfire_upgraded":0,"win_rate":0.0,"timestamp":1608224273,"path_taken":["M","?","M","M","M","E","M","?","T","E"],"items_purchased_type":[],"build_version":"2020-12-13","purchased_purges":0,"victory":false,"max_hp_per_floor":[66,60,60,60,60,60,60,60,60,60,60],"card_choices":[{"not_picked":["Night Terror","Unload"],"picked":"Phantasmal Killer","floor":0},{"not_picked":["Backflip","PiercingWail"],"picked":"Crippling Poison","floor":1},{"not_picked":["Eviscerate","Choke"],"picked":"Deadly Poison","floor":3},{"not_picked":["Tactician","Prepared"],"picked":"Poisoned Stab","floor":4},{"not_picked":["Outmaneuver","Flying Knee"],"picked":"Dodge and Roll","floor":5},{"not_picked":["Prepared","Poisoned Stab","Calculated Gamble"],"picked":"SKIP","floor":6},{"not_picked":["Outmaneuver","Deflect"],"picked":"Corpse Explosion","floor":7}],"player_experience":693789,"relics_obtained":[{"floor":6,"key":"Art of War"},{"floor":9,"key":"Regal Pillow"}],"event_choices":[{"damage_healed":0,"gold_gain":0,"player_choice":"Lose Max HP","damage_taken":0,"relics_obtained":["Golden Idol"],"max_hp_gain":0,"max_hp_loss":6,"event_name":"Golden Idol","floor":2,"gold_loss":0},{"damage_healed":0,"gold_gain":150,"player_choice":"AGREE","damage_taken":0,"max_hp_gain":0,"max_hp_loss":0,"event_name":"Liars Game","floor":8,"gold_loss":0,"cards_obtained":["Doubt"]}],"is_beta":false,"boss_relics":[],"items_purged_floors":[],"is_endless":false,"potions_floor_spawned":[4,5],"killed_by":"3 Sentries","ascension_level":15}}