{"host":"szbnbddwah33j004","time":1608180368,"event":{"mods":["2.2 Compatiblity","AchievementEnabler","Act Like it!","BaseMod","BetterRewards","Colored Map","Energized Spire","Hubris","Minty Spire (QoL Compilation)","StSLib","Strawberry Spire"],"gold_per_floor":[114,114,114,37,37,67,67,82,82,107,137,137,152,182,182,182,182],"floor_reached":16,"playtime":702,"items_purged":[],"score":166,"play_id":"ea38f7c2-69f1-4c8f-84ff-4ff4ccbc7053","local_time":"20201216224608","daily_mods":["Specialized","Flight","Lethality"],"is_ascension_mode":false,"campfire_choices":[{"data":"Dualcast","floor":7,"key":"SMITH"},{"data":"Redo","floor":12,"key":"SMITH"},{"floor":15,"key":"REST"}],"circlet_count":0,"master_deck":["Strike_B+1","Strike_B","Strike_B","Strike_B","Defend_B","Defend_B","Defend_B","Defend_B","Zap","Dualcast+1","Hyperbeam+1","Hyperbeam","Hyperbeam","Hyperbeam","Hyperbeam","strawberrySpire:DataDump","Regret","strawberrySpire:FocalLaser+1","Lockon","Stack","Redo+1","Compile Driver","Darkness"],"relics":["Cracked Core","hubris:Towel","Happy Flower","Regal Pillow","hubris:BottledRain","Whetstone","Bronze Scales","hubris:OldNail"],"acts_visited":["Exordium"],"potions_floor_usage":[14,16,16],"damage_taken":[{"damage":0,"enemies":"Cultist","floor":1,"turns":2},{"damage":29,"enemies":"3 Sentries","floor":6,"turns":3},{"damage":0,"enemies":"2 Louse","floor":8,"turns":1},{"damage":0,"enemies":"Gremlin Nob","floor":11,"turns":2},{"damage":2,"enemies":"Jaw Worm","floor":13,"turns":2},{"damage":19,"enemies":"3 Sentries","floor":14,"turns":2},{"damage":55,"enemies":"Hexaghost","floor":16,"turns":4}],"seed_played":"-4230686447748436371","potions_obtained":[{"floor":8,"key":"FearPotion"},{"floor":11,"key":"Block Potion"},{"floor":14,"key":"Dexterity Potion"}],"is_trial":false,"path_per_floor":["M","?","?","$","?","E","R","M","T","T","E","R","M","E","R","B"],"character_chosen":"DEFECT","items_purchased":["strawberrySpire:FocalLaser"],"campfire_rested":1,"item_purchase_floors":[4],"current_hp_per_floor":[75,75,75,75,75,46,46,46,46,46,46,46,44,25,62,7,7],"gold":182,"neow_bonus":"","is_daily":true,"chose_seed":false,"campfire_upgraded":2,"win_rate":0.0,"timestamp":1608180368,"path_taken":["M","?","?","?","?","E","R","M","T","?","E","R","?","E","R","BOSS"],"items_purchased_type":["Card"],"build_version":"2020-12-13","purchased_purges":0,"victory":false,"max_hp_per_floor":[75,75,75,75,75,75,75,75,75,75,75,75,75,75,75,75,75],"card_choices":[{"not_picked":["Recycle","Leap"],"picked":"strawberrySpire:DataDump","floor":1},{"not_picked":["Scrape","Steam"],"picked":"Lockon","floor":6},{"not_picked":["Streamline","strawberrySpire:Disconnect"],"picked":"Stack","floor":8},{"not_picked":["Lockon","strawberrySpire:SearchEngine"],"picked":"Redo","floor":11},{"not_picked":["Blizzard","Sweeping Beam"],"picked":"Compile Driver","floor":13},{"not_picked":["strawberrySpire:AnotherWinter","Beam Cell"],"picked":"Darkness","floor":14}],"player_experience":50554,"relics_obtained":[{"floor":6,"key":"Regal Pillow"},{"floor":9,"key":"hubris:BottledRain"},{"floor":10,"key":"Whetstone"},{"floor":11,"key":"Bronze Scales"},{"floor":14,"key":"hubris:OldNail"}],"event_choices":[{"damage_healed":0,"gold_gain":0,"player_choice":"Box","damage_taken":0,"relics_obtained":["Happy Flower"],"max_hp_gain":0,"max_hp_loss":0,"event_name":"Big Fish","floor":3,"gold_loss":0,"cards_obtained":["Regret"]}],"is_beta":false,"boss_relics":[],"items_purged_floors":[],"is_endless":false,"potions_floor_spawned":[8,11,14],"killed_by":"Hexaghost","ascension_level":0}}