{"host":"l4jj3li0klahglqo","time":1608163444,"event":{"mods":["BaseMod","Conspire","Hubris","Infinite Spire","Marisa????????","Minty Spire (QoL Compilation)","Quick Restart","Replay The Spire","Shop Mod","StSLib","The Animator"],"gold_per_floor":[119,119,119,154,175,175,204,204,230,264,276,307,307,307,307,407,407,422,446,55,76,131,151,151,182,182,227,227,259,259,275,275,275,275],"floor_reached":33,"playtime":1990,"items_purged":["animator:Curse_Nutcracker"],"score":507,"play_id":"91b5d9d2-795e-4ed0-9e11-7c73340c415e","local_time":"20201216180404","is_ascension_mode":true,"campfire_choices":[{"data":"Eruption","floor":6,"key":"SMITH"},{"data":"ReachHeaven","floor":8,"key":"SMITH"},{"floor":13,"key":"REST"},{"floor":15,"key":"REST"},{"data":"1","floor":24,"key":"LIFT"},{"floor":28,"key":"REST"},{"floor":30,"key":"RECALL"},{"floor":32,"key":"REST"}],"circlet_count":0,"master_deck":["Strike_P","Strike_P","Strike_P","Strike_P","Defend_P","Defend_P","Defend_P","Defend_P","Eruption+1","Vigilance","Defend_G","animator:Defend_Kancolle","Adaptation","FlurryOfBlows","WreathOfFlame","ReachHeaven+1","Prostrate","EmptyMind","Adaptation+1","Indignation","SandsOfTime","Establishment","hubris:Wrath","hubris:Greed","Replay:BluntJabs","Worship+1","Judgement","Judgement","WindmillStrike","SandsOfTime","SandsOfTime","Replay:Battleflow","DevaForm","CrushJoints+1","Prostrate","Replay:Vibes+1","FearNoEvil","Indignation+1","Evaluate+1","Replay:AllIn"],"relics":["FossilizedHelix","hubris:Towel","Akabeko","Strawberry","Dream Catcher","CaptainsWheel","Question Card","Replay:M_StaffOfTheSnake","Replay:Ancient Bell","Replay:Baseball","hubris:Reverence","Girya","Omamori","Replay:Wax Seal","GoldenEye","Tiny House","Regal Pillow","Prayer Wheel","Happy Flower","ReplayTheSpireMod:TigerMarble"],"acts_visited":["Exordium","TheCity"],"potions_floor_usage":[4,10,12,12,21,25,25,33],"damage_taken":[{"damage":0.0,"enemies":"Small Slimes","floor":1.0,"turns":2.0},{"damage":28,"enemies":"conspire:MimicChest","floor":4,"turns":5},{"damage":0,"enemies":"2 Louse","floor":5,"turns":2},{"damage":0,"enemies":"Gremlin Nob","floor":7,"turns":3},{"damage":17,"enemies":"3 Sentries","floor":10,"turns":4},{"damage":0,"enemies":"Cultist","floor":11,"turns":1},{"damage":0,"enemies":"Lagavulin","floor":12,"turns":6},{"damage":23,"enemies":"The Guardian","floor":16,"turns":8},{"damage":0,"enemies":"Spheric Guardian","floor":18,"turns":3},{"damage":0,"enemies":"conspire:FuzzyDice","floor":19,"turns":5},{"damage":0,"enemies":"Snake Plant","floor":21,"turns":1},{"damage":0,"enemies":"Centurion and Healer","floor":23,"turns":4},{"damage":4,"enemies":"Book of Stabbing","floor":25,"turns":4},{"damage":34,"enemies":"Slavers","floor":27,"turns":6},{"damage":15,"enemies":"Gremlin Leader","floor":29,"turns":6},{"damage":0,"enemies":"Snecko","floor":31,"turns":2},{"damage":94,"enemies":"conspire:MysteriousRune","floor":33,"turns":4}],"seed_played":"-9211415640906344073","potions_obtained":[{"floor":1,"key":"SteroidPotion"},{"floor":4,"key":"Dexterity Potion"},{"floor":5,"key":"BottledMiracle"},{"floor":10,"key":"Ambrosia"},{"floor":19,"key":"FearPotion"},{"floor":22,"key":"BlessingOfTheForge"},{"floor":23,"key":"Dexterity Potion"},{"floor":29,"key":"Milkshake"},{"floor":31,"key":"DuplicationPotion"}],"is_trial":false,"path_per_floor":["M","?","?","?","M","R","E","R","T","E","M","E","R","?","R","B",null,"M","M","$","M","AVR","M","R","E","T","E","R","E","R","M","R","B"],"character_chosen":"WATCHER","items_purchased":["Omamori","Replay:Wax Seal","Judgement","WindmillStrike","SandsOfTime"],"campfire_rested":4,"item_purchase_floors":[20,20,20,20,20],"current_hp_per_floor":[65,65,65,37,37,37,44,44,44,27,27,27,50,50,73,50,72,72,72,72,72,77,77,77,73,73,39,79,64,64,64,84,0,0],"gold":275,"neow_bonus":"ONE_RARE_RELIC","is_daily":false,"chose_seed":false,"campfire_upgraded":2,"win_rate":0.0,"timestamp":1608163444,"path_taken":["M","?","?","?","?","R","E","R","T","E","M","E","R","?","R","BOSS","M","M","$","M","AVR","M","R","E","T","E","R","E","R","M","R","BOSS"],"items_purchased_type":["Relic","Relic","Card","Card","Card"],"build_version":"2020-12-13","purchased_purges":1,"victory":false,"max_hp_per_floor":[72,72,72,72,72,72,79,79,79,79,79,79,79,79,79,79,79,79,79,79,79,84,84,84,84,84,84,84,84,84,84,84,84,84],"card_choices":[{"not_picked":["Replay:Vibes","Swivel"],"picked":"Adaptation","floor":1},{"not_picked":["Protect","BowlingBash"],"picked":"FlurryOfBlows","floor":4},{"not_picked":["SashWhip","Replay:AtTheReady"],"picked":"WreathOfFlame","floor":5},{"not_picked":["FlurryOfBlows","MentalFortress"],"picked":"ReachHeaven","floor":7},{"not_picked":["EmptyFist","Replay:ManipulateFuture"],"picked":"Prostrate","floor":10},{"not_picked":["Vengeance","FlyingSleeves"],"picked":"EmptyMind","floor":11},{"not_picked":["CarveReality","Replay:ManipulateFuture"],"picked":"Adaptation","floor":12},{"not_picked":["EmptyBody","TalkToTheHand","Halt"],"picked":"Indignation","floor":13},{"not_picked":["Fasting2","EmptyFist","EmptyBody"],"picked":"SandsOfTime","floor":15},{"not_picked":["Tools of the Trade","Omniscience","Judgement"],"picked":"Establishment","floor":16},{"not_picked":["Pain","Normality","Amnesia"],"picked":"hubris:Wrath","floor":17},{"not_picked":["Voices","ReplayTheSpireMod:Splinters","Spreading Infection"],"picked":"hubris:Greed","floor":17},{"not_picked":["hubris:Disease","Replay:Sluggish","hubris:Gluttony"],"picked":"animator:Curse_Nutcracker","floor":17},{"not_picked":["SashWhip+1","EmptyMind+1","PathToVictory+1"],"picked":"Replay:BluntJabs","floor":18},{"not_picked":["Prostrate+1","Replay:Cycle","EmptyMind+1"],"picked":"Worship+1","floor":19},{"not_picked":["Consecrate+1","FlyingSleeves+1","PathToVictory"],"picked":"SandsOfTime","floor":21},{"not_picked":["FlurryOfBlows","ClearTheMind+1","SignatureMove"],"picked":"Replay:Battleflow","floor":22},{"not_picked":["CutThroughFate","Sanctity","Wallop+1"],"picked":"DevaForm","floor":23},{"not_picked":["SashWhip","CutThroughFate+1","Collect"],"picked":"CrushJoints+1","floor":25},{"not_picked":["CrushJoints+1","BowlingBash+1","Replay:BluntJabs"],"picked":"Prostrate","floor":27},{"not_picked":["Replay:ManipulateFuture","Protect","Study+1"],"picked":"Replay:Vibes+1","floor":28},{"not_picked":["SashWhip","ThirdEye","Weave"],"picked":"FearNoEvil","floor":29},{"not_picked":["SashWhip","ThirdEye","FlyingSleeves"],"picked":"Indignation+1","floor":31},{"not_picked":["Sanctity+1","Protect","EmptyFist+1"],"picked":"Evaluate+1","floor":31},{"not_picked":["Conclude","CutThroughFate","Replay:ManipulateFuture"],"picked":"Replay:AllIn","floor":32}],"player_experience":1187823,"relics_obtained":[{"floor":4,"key":"Akabeko"},{"floor":7,"key":"Strawberry"},{"floor":9,"key":"Dream Catcher"},{"floor":10,"key":"CaptainsWheel"},{"floor":12,"key":"Question Card"},{"floor":25,"key":"Regal Pillow"},{"floor":26,"key":"Prayer Wheel"},{"floor":27,"key":"Happy Flower"},{"floor":29,"key":"ReplayTheSpireMod:TigerMarble"}],"event_choices":[{"damage_healed":0,"gold_gain":0,"player_choice":"Leave","damage_taken":0,"max_hp_gain":0,"max_hp_loss":0,"event_name":"conspire:Investor","floor":3,"gold_loss":0}],"is_beta":false,"boss_relics":[{"not_picked":["Coffee Dripper","ReplayTheSpireMod:DimensionalGlitch"],"picked":"Replay:Ancient Bell"},{"not_picked":["Boot","Pet Ghost"],"picked":"Replay:Baseball"},{"not_picked":["Blue Candle","infinitespire:WardingShard"],"picked":"hubris:Reverence"},{"not_picked":["Replay:Arrowhead","Old Coin"],"picked":"Girya"}],"items_purged_floors":[22],"is_endless":false,"potions_floor_spawned":[1,4,5,10,19,23,29,31],"killed_by":"conspire:MysteriousRune","ascension_level":6}}