{"host":"z9grmtg2w0nmz8n1","time":1608246352,"event":{"mods":["Aspiration","Bard","BaseMod","Beaked The Cultist","Better Altar","Better Match","Better Third Choice","BetterRewards","CCEM","Colored Map","Conspire","Downfall","GifTheSpireLib","Googly Eyes","Halation","Highlight Path","Hubris","Jedi Mod","Jorbs\u0027s Wanderer Trilogy","Minty Spire (QoL Compilation)","Permanent Neow","Replay The Spire","Spicy Shops","StSLib","Stuff the Spire","The Bug Knight"],"gold_per_floor":[99,99,99,99,119,138,165,165,165],"floor_reached":8,"playtime":256,"items_purged":[],"score":44,"play_id":"f3d436d0-5c93-4ae7-ba4c-2e7586b51684","local_time":"20201217210552","is_ascension_mode":false,"campfire_choices":[{"floor":1,"key":"RECALL"}],"circlet_count":0,"master_deck":["Slimebound:Strike_Slimebound","Slimebound:Strike_Slimebound","Slimebound:Strike_Slimebound","Slimebound:Tackle","Slimebound:Defend_Slimebound","Slimebound:Defend_Slimebound","Slimebound:Defend_Slimebound","Slimebound:Defend_Slimebound","Slimebound:Split","Slimebound:CorrosiveSpit","Regret","Regret"],"relics":["Slimebound:AbsorbEndCombat","Replay:Baseball","Dead Branch","StuffTheSpire:RedRose"],"acts_visited":["Exordium"],"potions_floor_usage":[6,8],"damage_taken":[{"damage":9,"enemies":"Cultist","floor":5,"turns":4},{"damage":3,"enemies":"Small Slimes","floor":6,"turns":3},{"damage":59,"enemies":"Gremlin Nob","floor":8,"turns":4}],"seed_played":"-7403573537457411216","potions_obtained":[{"floor":0,"key":"jedi:holywater"},{"floor":0,"key":"Swift Potion"},{"floor":0,"key":"jedi:StrikingPotion"}],"is_trial":false,"path_per_floor":["R","?","?","?","M","M","T","E"],"character_chosen":"SLIMEBOUND","items_purchased":[],"campfire_rested":0,"item_purchase_floors":[],"current_hp_per_floor":[60,60,48,48,47,52,52,0,0],"gold":165,"neow_bonus":"THREE_SMALL_POTIONS","is_daily":false,"chose_seed":false,"campfire_upgraded":0,"win_rate":0.0,"timestamp":1608246352,"path_taken":["R","?","?","?","M","?","T","E"],"items_purchased_type":[],"build_version":"2020-12-13","purchased_purges":0,"victory":false,"max_hp_per_floor":[60,60,60,60,60,60,60,60,60],"card_choices":[{"not_picked":["Slimebound:SplitAcid","Slimebound:SlimeBrawl","Slimebound:Schlurp"],"picked":"SKIP","floor":5},{"not_picked":["Slimebound:LeadByExample","Slimebound:ProtectTheBoss","Slimebound:PressTheAttack"],"picked":"SKIP","floor":6}],"player_experience":587003,"relics_obtained":[],"event_choices":[{"damage_healed":0,"gold_gain":0,"player_choice":"Box","damage_taken":0,"relics_obtained":["Replay:Baseball"],"max_hp_gain":0,"max_hp_loss":0,"event_name":"Big Fish","floor":2,"gold_loss":0,"cards_obtained":["Regret"]},{"damage_healed":0,"gold_gain":0,"player_choice":"Success","damage_taken":12,"relics_obtained":["Dead Branch"],"max_hp_gain":0,"max_hp_loss":0,"event_name":"Scrap Ooze","floor":3,"gold_loss":0}],"is_beta":false,"boss_relics":[],"items_purged_floors":[],"is_endless":false,"potions_floor_spawned":[5],"killed_by":"Gremlin Nob","ascension_level":0}}