{"host":"xkmvu47k9fdstweo","time":1608173806,"event":{"mods":["BaseMod","Colored Map","Conspire","Hubris","Minty Spire (QoL Compilation)","Quick Restart","Railgun Mod","Shop Mod","StSLib","The Alterego","The Servant 0.9.4","The Wild Card","TheBandit","WarShipGirlsR/??è≠èóR mod","vexMod"],"gold_per_floor":[110,110,124,49,65,65,99,99,99,99,99,99,109,125,125,222,222,234,32,46,61,61,61,86,106,158,234,261,261,37,67,79,189,201,229,241,272,246,246,271,271,287,313,327,362,240,240,266,266,266],"floor_reached":51,"playtime":2285,"items_purged":["Strike_S","Defend_S"],"score":1114,"play_id":"6a17e022-f7e2-4768-9b98-de3fa9c4c96f","local_time":"20201216215646","is_ascension_mode":true,"campfire_choices":[{"data":"Moonlight","floor":6,"key":"SMITH"},{"data":"SoulSculpture","floor":10,"key":"SMITH"},{"data":"Exchange","floor":12,"key":"SMITH"},{"data":"Defy","floor":15,"key":"SMITH"},{"data":"FlawlessForm","floor":23,"key":"SMITH"},{"data":"1","floor":32,"key":"LIFT"},{"floor":41,"key":"REST"},{"data":"2","floor":49,"key":"LIFT"}],"circlet_count":0,"master_deck":["Defend_S+1","Defend_S","KidneyShot","Potential","Unruled","BottledTime","Potential","Moonlight+1","SoulSculpture+1","ShatteredReality","Snipe","FlawlessForm+1","SilverBlades+1","Rearm","DoubleEdge","Spin+1","Dilation","GearUp","TheWorld+1","KillingDoll","LightFlow","SurpressingFire+1","Sadistic Nature","Rearm+1","hubris:DuctTapeCard","Ricochet+1","Collapse+1","Spin","FloweringNight"],"relics":["Uniform","Orichalcum","vexMod:InvisibilityCloak","Black Star","Happy Flower","Girya","vexMod:BarristanHead","Lantern","Gremlin Horn","Omamori","Broom","Membership Card","MealTicket","MawBank","Calling Bell","Anchor","hubris:FunFungus","hubris:MysteriousPyramids","hubris:DuctTape","Incense Burner","Oddly Smooth Stone","vexMod:FocusSash","StoneCalendar","Nunchaku","vexMod:MemoryStick","War Paint"],"acts_visited":["Exordium","TheCity","TheBeyond"],"potions_floor_usage":[7,16,28,40,50,50],"damage_taken":[{"damage":9,"enemies":"Small Slimes","floor":1,"turns":4},{"damage":0,"enemies":"Cultist","floor":3,"turns":4},{"damage":0,"enemies":"conspire:RoseBush","floor":5,"turns":3},{"damage":8,"enemies":"Gremlin Nob","floor":7,"turns":3},{"damage":1,"enemies":"3 Louse","floor":13,"turns":2},{"damage":0,"enemies":"Red Slaver","floor":14,"turns":3},{"damage":0,"enemies":"Hexaghost","floor":16,"turns":7},{"damage":0,"enemies":"Spheric Guardian","floor":18,"turns":3},{"damage":8,"enemies":"Shell Parasite","floor":20,"turns":7},{"damage":0,"enemies":"Chosen and Byrds","floor":21,"turns":6},{"damage":0,"enemies":"Book of Stabbing","floor":24,"turns":5},{"damage":0,"enemies":"Cultist and Chosen","floor":25,"turns":4},{"damage":0,"enemies":"Gremlin Leader","floor":28,"turns":6},{"damage":0,"enemies":"conspire:Head Lice","floor":31,"turns":4},{"damage":11,"enemies":"Collector","floor":33,"turns":8},{"damage":0,"enemies":"Orb Walker","floor":35,"turns":2},{"damage":9,"enemies":"3 Shapes","floor":37,"turns":5},{"damage":46,"enemies":"Nemesis","floor":40,"turns":9},{"damage":0,"enemies":"3 Darklings","floor":42,"turns":4},{"damage":0,"enemies":"Jaw Worm Horde","floor":44,"turns":4},{"damage":0,"enemies":"Reptomancer","floor":45,"turns":7},{"damage":0,"enemies":"Nemesis","floor":48,"turns":7},{"damage":0,"enemies":"Awakened One","floor":50,"turns":5}],"seed_played":"7598276523624993472","potions_obtained":[{"floor":1,"key":"Strength Potion"},{"floor":5,"key":"SpeedPotion"},{"floor":7,"key":"SteroidPotion"},{"floor":11,"key":"CultistPotion"},{"floor":11,"key":"CultistPotion"},{"floor":16,"key":"EssenceOfSteel"},{"floor":21,"key":"Swift Potion"},{"floor":28,"key":"ColorlessPotion"},{"floor":33,"key":"LiquidMemories"},{"floor":40,"key":"EntropicBrew"},{"floor":42,"key":"Energy Potion"}],"is_trial":false,"path_per_floor":["M","?","M","$","M","R","E","?","T","R","?","R","M","M","R","B",null,"M","$","M","M","$","R","E","M","T","T","E","?","$","E","R","B",null,"M","?","M","$","?","E","R","M","T","M","E","$","?","E","R","B",null],"character_chosen":"THE_SERVANT","items_purchased":["Defy","Potential","Rearm","Happy Flower","Membership Card","Advance","Nunchaku"],"campfire_rested":1,"item_purchase_floors":[4,4,19,19,30,38,46],"current_hp_per_floor":[56,56,56,56,56,56,48,41,41,41,41,41,40,40,40,40,65,65,65,57,57,57,57,57,57,57,57,57,63,63,63,63,52,65,65,65,57,65,65,22,41,41,41,44,52,65,65,65,65,65],"gold":266,"neow_bonus":"REMOVE_CARD","is_daily":false,"chose_seed":false,"campfire_upgraded":5,"win_rate":0.0,"timestamp":1608173806,"path_taken":["M","?","?","$","M","R","E","?","T","R","?","R","M","M","R","BOSS","M","$","M","M","$","R","E","M","T","?","E","?","?","E","R","BOSS","M","?","M","$","?","E","R","M","T","M","E","$","?","E","R","BOSS"],"items_purchased_type":["Card","Card","Card","Relic","Relic","Card","Relic"],"build_version":"2020-12-13","purchased_purges":2,"victory":true,"max_hp_per_floor":[65,65,65,65,65,65,65,65,65,65,65,65,65,65,65,65,65,65,65,65,65,65,65,65,65,65,65,65,65,65,65,65,65,65,65,65,65,65,65,65,65,65,65,65,65,65,65,65,65,65],"card_choices":[{"not_picked":["Reset","Spin"],"picked":"Potential","floor":1},{"not_picked":["Revamp","Replace"],"picked":"BottledTime","floor":3},{"not_picked":["TimeWarp","FanOfKnives"],"picked":"Moonlight","floor":5},{"not_picked":["FastForward","Comet"],"picked":"SoulSculpture","floor":7},{"not_picked":["Revamp","Spin"],"picked":"ShatteredReality","floor":13},{"not_picked":["Revamp","Ricochet"],"picked":"Snipe","floor":14},{"not_picked":["Sunlight","Dilation"],"picked":"FlawlessForm","floor":16},{"not_picked":["Ricochet","Moondial+1"],"picked":"SilverBlades+1","floor":18},{"not_picked":["Collapse","Ricochet+1"],"picked":"DoubleEdge","floor":20},{"not_picked":["Ricochet","Misdirection"],"picked":"Spin+1","floor":21},{"not_picked":["Rearm","Solidify"],"picked":"Dilation","floor":24},{"not_picked":["DoubleEdge","ShatteredReality"],"picked":"GearUp","floor":25},{"not_picked":["FastForward","BottledTime+1"],"picked":"TheWorld","floor":28},{"not_picked":["Replace+1","TimeWarp"],"picked":"KillingDoll","floor":31},{"not_picked":["ForgedInTime","TheWorld"],"picked":"LightFlow","floor":33},{"not_picked":["Manipulate+1","DoubleEdge"],"picked":"SurpressingFire+1","floor":35},{"not_picked":["Blind","Mind Blast"],"picked":"Sadistic Nature","floor":36},{"not_picked":["Ricochet","Starlight"],"picked":"Rearm+1","floor":37},{"not_picked":["Rearm+1","BottledTime","Foresight"],"picked":"SKIP","floor":40},{"not_picked":["Revamp","Potential"],"picked":"Ricochet+1","floor":42},{"not_picked":["Alleviate","DoubleEdge+1"],"picked":"Collapse+1","floor":44},{"not_picked":["ShatteredReality","Collapse"],"picked":"Spin","floor":45},{"not_picked":["TimeWarp+1","ShatteredReality"],"picked":"FloweringNight","floor":48}],"player_experience":320068,"relics_obtained":[{"floor":7,"key":"Orichalcum"},{"floor":9,"key":"vexMod:InvisibilityCloak"},{"floor":24,"key":"Girya"},{"floor":24,"key":"vexMod:BarristanHead"},{"floor":26,"key":"Lantern"},{"floor":27,"key":"Gremlin Horn"},{"floor":28,"key":"Omamori"},{"floor":28,"key":"Broom"},{"floor":31,"key":"MealTicket"},{"floor":31,"key":"MawBank"},{"floor":34,"key":"Anchor"},{"floor":34,"key":"hubris:FunFungus"},{"floor":34,"key":"hubris:MysteriousPyramids"},{"floor":40,"key":"hubris:DuctTape"},{"floor":40,"key":"Incense Burner"},{"floor":43,"key":"Oddly Smooth Stone"},{"floor":45,"key":"vexMod:FocusSash"},{"floor":45,"key":"StoneCalendar"},{"floor":48,"key":"vexMod:MemoryStick"},{"floor":48,"key":"War Paint"}],"event_choices":[{"damage_healed":0,"gold_gain":0,"cards_transformed":["Strike_S"],"player_choice":"Transformed","damage_taken":0,"max_hp_gain":0,"max_hp_loss":0,"event_name":"Transmorgrifier","floor":2,"gold_loss":0,"cards_obtained":["Unruled"]},{"cards_removed":["Strike_S"],"damage_healed":0,"gold_gain":0,"player_choice":"Card Removal","damage_taken":7,"max_hp_gain":0,"max_hp_loss":0,"event_name":"Golden Wing","floor":8,"gold_loss":0},{"damage_healed":0,"gold_gain":0,"player_choice":"Got Potions","damage_taken":0,"max_hp_gain":0,"max_hp_loss":0,"event_name":"Lab","floor":11,"gold_loss":0},{"damage_healed":0,"gold_gain":0,"player_choice":"Memory 1","damage_taken":0,"max_hp_gain":0,"max_hp_loss":0,"event_name":"SensoryStone","floor":36,"gold_loss":0},{"cards_removed":["Defy"],"damage_healed":0,"gold_gain":0,"player_choice":"Removed Skill","damage_taken":0,"max_hp_gain":0,"max_hp_loss":0,"event_name":"Falling","floor":39,"gold_loss":0},{"cards_removed":["Defend_S"],"damage_healed":0,"gold_gain":0,"player_choice":"Offered Basic","damage_taken":0,"max_hp_gain":0,"max_hp_loss":0,"event_name":"Bonfire Elementals","floor":47,"gold_loss":0}],"is_beta":false,"boss_relics":[{"not_picked":["hubris:CrackedHourglass","vexMod:EndlessSickness"],"picked":"Black Star"},{"not_picked":["hubris:BlackHole","vexMod:BigBerry"],"picked":"Calling Bell"}],"items_purged_floors":[30,46],"is_endless":false,"potions_floor_spawned":[1,5,7,16,21,24,28,33,40,42],"ascension_level":1}}