{"host":"g1wmg2w41xhsnw8g","time":1608246776,"event":{"mods":["2.2 Compatiblity","Act Like it!","BaseMod","Better Altar","Better Match","Better Note","Better Sensory Stone","Better Skull","Better Third Choice","BetterRewards","Booster Modes","CapriCore","Colored Map","Colored Powertips","Curses Come First","Defuse TimeMaze Blight","Displayed Cursed Tome","Friendly Minions","GifTheSpireLib","Googly Eyes","Infinite Spire","Magitek Elite","Minty Spire (QoL Compilation)","Red Circlet Mod","Relic Sorter","SCP261 Mod","Shop Mod","Spicy Shops","StSLib","The Hayseed","The Poker Player","The Sage","Transform Curses","Wandering Minibosses","????"],"gold_per_floor":[119,119,135,135,150,150,181,198,271,291,291,34,34,34,34,52,52],"floor_reached":16,"playtime":1024,"items_purged":["TheSimpletonMod:Defend_TheSimpleton"],"score":185,"play_id":"e3b2bbd7-c58d-43a7-b063-d33346258ba7","local_time":"20201217181255","is_ascension_mode":true,"campfire_choices":[{"data":"PokerPlayerMod:CardPrinter","floor":6,"key":"SMITH"},{"data":"PokerPlayerMod:CardPrinter+1","floor":11,"key":"SMITH"},{"data":"PokerPlayerMod:CardPrinter+2","floor":15,"key":"SMITH"}],"circlet_count":0,"master_deck":["TheSimpletonMod:Strike_TheSimpleton","TheSimpletonMod:Strike_TheSimpleton","TheSimpletonMod:Strike_TheSimpleton","TheSimpletonMod:Strike_TheSimpleton","TheSimpletonMod:Defend_TheSimpleton","TheSimpletonMod:Defend_TheSimpleton","TheSimpletonMod:Defend_TheSimpleton","TheSimpletonMod:Haymaker","TheSimpletonMod:ReapAndSow","TheSimpletonMod:Onions","TheSimpletonMod:ToughenUp","TheSimpletonMod:StockTheCellar","TheSimpletonMod:DoubleBarrel","TheSimpletonMod:Innovate","PokerPlayerMod:CardPrinter+3","TheSimpletonMod:VineRipen","TheSimpletonMod:TakeHeart"],"relics":["TheSimpletonMod:SpudOfTheInnocent","TheSimpletonMod:NightSoil","TheSimpletonMod:TheHarvester","Membership Card","MerchantsRug","Tiny Chest","infinitespire:Satchel","Happy Flower","TheSimpletonMod:HornOfPlenty","Blood Vial","Du-Vu Doll","Potion Belt","Strawberry","infinitespire:Midas Blood","Sundial"],"acts_visited":["Exordium"],"potions_floor_usage":[7,10,16],"damage_taken":[{"damage":5,"enemies":"Small Slimes","floor":1,"turns":4},{"damage":6,"enemies":"Cultist","floor":3,"turns":4},{"damage":7,"enemies":"2 Louse","floor":5,"turns":3},{"damage":30,"enemies":"Gremlin Nob","floor":7,"turns":5},{"damage":33,"enemies":"Exordium Thugs","floor":8,"turns":6},{"damage":18,"enemies":"Exordium Wildlife","floor":10,"turns":3},{"damage":23,"enemies":"Lots of Slimes","floor":14,"turns":7},{"damage":43,"enemies":"The Guardian","floor":16,"turns":7}],"seed_played":"-2876701834717088381","potions_obtained":[{"floor":5,"key":"Block Potion"},{"floor":7,"key":"SteroidPotion"},{"floor":8,"key":"PowerPotion"},{"floor":14,"key":"SCP261:BarrettColaPotion"}],"is_trial":false,"path_per_floor":["M","?","M","?","M","R","E","M","T","M","R","$","T","M","R","B"],"character_chosen":"THE_SIMPLETON","items_purchased":["Membership Card","MerchantsRug","Lee\u0027s Waffle","TheSimpletonMod:SpudOfTheMartyr","Tiny Chest","infinitespire:Satchel","Happy Flower","TheSimpletonMod:Onions","TheSimpletonMod:ToughenUp","Blood Vial","TheSimpletonMod:StockTheCellar","Potion Belt","Strawberry","infinitespire:Midas Blood"],"campfire_rested":0,"item_purchase_floors":[0,0,0,0,0,0,0,0,0,0,0,12,12,12],"current_hp_per_floor":[77,82,81,81,80,80,56,29,29,27,27,34,34,27,27,0,0],"gold":52,"neow_bonus":"","is_daily":false,"chose_seed":false,"campfire_upgraded":3,"win_rate":0.0,"timestamp":1608246775,"path_taken":["M","?","M","?","M","R","E","M","T","?","R","$","?","?","R","BOSS"],"items_purchased_type":["Relic","Relic","Relic","Relic","Relic","Relic","Relic","Card","Card","Relic","Card","Relic","Relic","Relic"],"build_version":"2020-12-13","purchased_purges":1,"victory":false,"max_hp_per_floor":[82,87,87,87,87,87,87,87,87,87,87,94,94,94,94,94,94],"card_choices":[{"not_picked":["TheSimpletonMod:KeenEdge","TheSimpletonMod:DigIn"],"picked":"TheSimpletonMod:DoubleBarrel","floor":1},{"not_picked":["TheSimpletonMod:SlashAndBurn","TheSimpletonMod:Aerate"],"picked":"TheSimpletonMod:Innovate","floor":3},{"not_picked":["TheSimpletonMod:DigIn","TheSimpletonMod:Pruning"],"picked":"TheSimpletonMod:VineRipen","floor":5},{"not_picked":["TheSimpletonMod:PestManagement","TheSimpletonMod:ToughenUp","TheSimpletonMod:DoubleBarrel"],"picked":"SKIP","floor":7},{"not_picked":["TheSimpletonMod:RootDown","TheSimpletonMod:Sunchoke"],"picked":"TheSimpletonMod:TakeHeart","floor":8},{"not_picked":["TheSimpletonMod:GoToMarket","TheSimpletonMod:Onions","TheSimpletonMod:Germinate"],"picked":"SKIP","floor":10},{"not_picked":["TheSimpletonMod:DoubleBarrel","TheSimpletonMod:SeedCoat","TheSimpletonMod:Rototilling"],"picked":"SKIP","floor":14}],"player_experience":1210362,"relics_obtained":[{"floor":7,"key":"Du-Vu Doll"},{"floor":13,"key":"Sundial"}],"event_choices":[{"damage_healed":0,"gold_gain":0,"player_choice":"Donut","damage_taken":0,"max_hp_gain":5,"max_hp_loss":0,"event_name":"Big Fish","floor":2,"gold_loss":0},{"damage_healed":0,"gold_gain":1,"player_choice":"4","damage_taken":0,"max_hp_gain":0,"max_hp_loss":0,"event_name":"betterStone:BetterStone","floor":4,"gold_loss":0,"cards_obtained":["PokerPlayerMod:CardPrinter"]}],"is_beta":false,"boss_relics":[],"items_purged_floors":[0],"is_endless":false,"potions_floor_spawned":[5,7,8,14],"killed_by":"The Guardian","ascension_level":1}}