{"host":"no0bdlpxzp7bzzks","time":1608181618,"event":{"mods":["BaseMod","Better Match","Block Reminder","Colored Map","Curses Come First","DeckTracker","Downfall","Duelist Mod","Filter the Spire","Highlight Path","Key Reminder","Minty Spire (QoL Compilation)","Permanent Neow","Relic Sorter","Relic Stats","Replay The Spire","StSLib"],"gold_per_floor":[117,136,203,218,228,228,261,271,271,304,304,315,348,348,348,348,348,348,348],"floor_reached":18,"playtime":10889,"items_purged":[],"score":191,"play_id":"4ed1832c-02e2-456c-9740-ec6c2d2c4efc","local_time":"20201216230658","is_ascension_mode":true,"campfire_choices":[{"floor":6.0,"key":"RECALL"},{"data":"Genetic Algorithm","floor":11.0,"key":"SMITH"},{"data":"Storm","floor":17,"key":"SMITH"}],"circlet_count":0,"master_deck":["Strike_B","Strike_B","Strike_B","Strike_B","Defend_B","Defend_B","Defend_B","Defend_B","Zap","Dualcast","Chill","Doom and Gloom","Hologram","Genetic Algorithm+1","Conserve Battery","Machine Learning","Self Repair","Storm+1"],"relics":["Sozu","ReplayTheSpireMod:Lightbulb","keyreminder:keyreminder","Ginger","Mercury Hourglass","Calipers","Toxic Egg 2"],"acts_visited":["Exordium"],"potions_floor_usage":[],"damage_taken":[{"damage":0.0,"enemies":"Small Slimes","floor":1.0,"turns":3.0},{"damage":4.0,"enemies":"Jaw Worm","floor":2.0,"turns":4.0},{"damage":0.0,"enemies":"2 Louse","floor":4.0,"turns":3.0},{"damage":2.0,"enemies":"Exordium Wildlife","floor":5.0,"turns":4.0},{"damage":20.0,"enemies":"3 Sentries","floor":7.0,"turns":8.0},{"damage":8.0,"enemies":"Red Slaver","floor":8.0,"turns":4.0},{"damage":28.0,"enemies":"Gremlin Nob","floor":10.0,"turns":5.0},{"damage":7.0,"enemies":"Exordium Thugs","floor":12.0,"turns":3.0},{"damage":3.0,"enemies":"3 Sentries","floor":13.0,"turns":5.0},{"damage":15,"enemies":"Hexaghost","floor":18,"turns":9}],"seed_played":"-468197556681550550","potions_obtained":[],"is_trial":false,"path_per_floor":["M","M","?","M","M","R","E","M","T","E","R","M","E","PTL","PTL","?","R","B"],"character_chosen":"DEFECT","items_purchased":[],"campfire_rested":0,"item_purchase_floors":[],"current_hp_per_floor":[75,71,71,71,69,69,49,41,41,13,13,6,10,10,10,15,15,0,0],"gold":348,"neow_bonus":"BOSS_RELIC","is_daily":false,"chose_seed":false,"campfire_upgraded":2,"win_rate":0.0,"timestamp":1608181618,"path_taken":["M","M","?","M","M","R","E","M","T","E","R","M","E","PTL","PTL","?","R_BF","BOSS"],"items_purchased_type":[],"build_version":"2020-12-13","purchased_purges":0,"victory":false,"max_hp_per_floor":[75,75,75,75,75,75,75,75,75,75,75,75,75,75,75,80,80,80,80],"relic_stats":{"Sozu":7,"counters":[10,48],"Ginger":[2],"obtain_stats":[{"Sozu":0,"keyreminder:keyreminder":6,"Calipers":10,"Ginger":7,"Toxic Egg 2":13,"Cracked Core":0,"ReplayTheSpireMod:Lightbulb":3,"Mercury Hourglass":9},{"Sozu":0,"keyreminder:keyreminder":4,"Calipers":7,"Ginger":5,"Toxic Egg 2":9,"Cracked Core":0,"ReplayTheSpireMod:Lightbulb":2,"Mercury Hourglass":6},{"Sozu":0,"keyreminder:keyreminder":14,"Calipers":31,"Ginger":22,"Toxic Egg 2":39,"Cracked Core":0,"ReplayTheSpireMod:Lightbulb":7,"Mercury Hourglass":26}],"Mercury Hourglass":[92]},"card_choices":[{"not_picked":["Skim","Reinforced Body"],"picked":"Chill","floor":1.0},{"not_picked":["BasicCrystalCard","Streamline"],"picked":"Doom and Gloom","floor":2.0},{"not_picked":["Stack","Barrage","Beam Cell"],"picked":"SKIP","floor":4.0},{"not_picked":["Turbo","Gash"],"picked":"Hologram","floor":5.0},{"not_picked":["Ball Lightning","Redo"],"picked":"Genetic Algorithm","floor":7.0},{"not_picked":["Stack","Hologram"],"picked":"Conserve Battery","floor":8.0},{"not_picked":["Rip and Tear","Panic Button"],"picked":"Machine Learning","floor":10.0},{"not_picked":["Streamline","Compile Driver"],"picked":"Self Repair","floor":12.0},{"not_picked":["Gash","Skim+1"],"picked":"Storm","floor":13.0}],"player_experience":104839,"relics_obtained":[{"floor":3.0,"key":"ReplayTheSpireMod:Lightbulb"},{"floor":7.0,"key":"Ginger"},{"floor":9.0,"key":"Mercury Hourglass"},{"floor":10.0,"key":"Calipers"},{"floor":13.0,"key":"Toxic Egg 2"}],"event_choices":[{"damage_healed":0.0,"max_hp_gain":5.0,"max_hp_loss":0.0,"gold_gain":0.0,"event_name":"Big Fish","player_choice":"Donut","floor":16.0,"gold_loss":0.0,"damage_taken":0.0}],"is_beta":false,"boss_relics":[],"items_purged_floors":[],"is_endless":false,"potions_floor_spawned":[1,7,8,12,13],"killed_by":"Hexaghost","ascension_level":1}}