{"host":"t9ey1ebdrj6sa9fi","time":1608243442,"event":{"mods":["AchievementEnabler","Act Like it!","Aspiration","Astrologer","Bard","BaseMod","Better Altar","Better Match","Better Note","Better Sensory Stone","Better Silent Start","Better Third Choice","Better Vampires","ChefMod","Chen","Colored Map","Colored Powertips","Emptier Cage","Faster Ascension Climbing","Gensokyo","Highlight Path","Hubris","Jedi Mod","Marisa????????","Mimic Mod","Minty Spire (QoL Compilation)","Optimize The Spire","Pale of the Ancients","Permanent Neow","Quick Restart","Random Character Button","Relic Stats","Replay The Spire","Reworked Bosses","Shop Mod","Spicy Shops","StSLib","SuperFastMode","The Dragon Tamer","The Gatherer","The IronCluck","The Runesmith","The Servant (fixed)","The Showman","Wandering Minibosses","everything is the same but u backflip on backflip","slay the spire mod where everything is the same but ironclad has a cowboy hat"],"gold_per_floor":[113,125,25,25,25,57,126,126,180,223,267,279,320,361,373,405,405],"floor_reached":16,"playtime":1332,"items_purged":[],"score":124,"play_id":"bc3a4791-6817-420e-856a-e89bf414304e","local_time":"20201217231722","is_ascension_mode":true,"campfire_choices":[{"data":"Gensokyo:CrescentMoonSlash","floor":8,"key":"SMITH"},{"data":"chefmod:FarmersMarket","floor":12,"key":"SMITH"},{"floor":15,"key":"REST"}],"circlet_count":0,"master_deck":["chefmod:Strike","chefmod:Strike","chefmod:Strike","chefmod:Strike","chefmod:Strike","chefmod:Defend","chefmod:Defend","chefmod:Defend","chefmod:QuickThaw","chefmod:TodaysSpecial","Swift Strike","chefmod:QuickChop","chefmod:FireUp","Gensokyo:CrescentMoonSlash+1","chefmod:Sorbet","chefmod:Ratatouille","chefmod:FarmersMarket+1","chefmod:SaveForLater","chefmod:BaoBuns"],"relics":["chefmod:TrustyPot","jedi:angrymask","Ancient Tea Set","MawBank","Replay:Bandana"],"acts_visited":["Gensokyo:Gensokyo"],"potions_floor_usage":[16],"damage_taken":[{"damage":3,"enemies":"Gensokyo:Gryphon","floor":1,"turns":4},{"damage":2,"enemies":"Gensokyo:Python","floor":2,"turns":3},{"damage":2,"enemies":"Gensokyo:Cirno","floor":6,"turns":4},{"damage":7,"enemies":"Gensokyo:3_Fairies","floor":7,"turns":5},{"damage":25,"enemies":"Gensokyo:Aya","floor":10,"turns":7},{"damage":3,"enemies":"Gensokyo:VengefulSpirit","floor":11,"turns":4},{"damage":0,"enemies":"Gensokyo:LivingMonolith","floor":13,"turns":3},{"damage":2,"enemies":"Gensokyo:Python_and_Kodama","floor":14,"turns":3},{"damage":47,"enemies":"Gensokyo:Reimu","floor":16,"turns":10}],"seed_played":"5767763520188083391","potions_obtained":[{"floor":1,"key":"LiquidBronze"},{"floor":2,"key":"SmokeBomb"},{"floor":10,"key":"GamblersBrew"}],"is_trial":false,"path_per_floor":["M","M","?","?","?","E","M","R","T","E","M","R","M","M","R","B"],"character_chosen":"THE_CHEF","items_purchased":[],"campfire_rested":1,"item_purchase_floors":[],"current_hp_per_floor":[73,71,71,64,64,62,55,55,55,30,27,27,27,25,47,0,0],"gold":405,"neow_bonus":"RANDOM_COLORLESS","is_daily":false,"chose_seed":false,"campfire_upgraded":2,"win_rate":0.0,"timestamp":1608243442,"path_taken":["M","M","?","?","?","E","M","R","T","E","M","R","M","M","R","BOSS"],"items_purchased_type":[],"build_version":"2020-12-13","purchased_purges":0,"victory":false,"max_hp_per_floor":[76,76,76,76,76,76,76,76,76,76,76,76,76,76,76,76,76],"relic_stats":{"counters":[9,43],"MawBank":84,"obtain_stats":[{"chefmod:TrustyPot":0,"jedi:angrymask":3,"Replay:Bandana":10,"Ancient Tea Set":6,"MawBank":9},{"chefmod:TrustyPot":0,"jedi:angrymask":2,"Replay:Bandana":5,"Ancient Tea Set":3,"MawBank":4},{"chefmod:TrustyPot":0,"jedi:angrymask":7,"Replay:Bandana":23,"Ancient Tea Set":11,"MawBank":16}]},"card_choices":[{"not_picked":["hubris:Ssssneak","ReplayTheSpireMod:Trickstab"],"picked":"Swift Strike","floor":0},{"not_picked":["chefmod:Sorbet","chefmod:ColdSteel"],"picked":"chefmod:QuickChop","floor":1},{"not_picked":["chefmod:Chop","chefmod:ZaruSoba"],"picked":"chefmod:FireUp","floor":2},{"not_picked":["chefmod:RaidPantry","chefmod:SliceAndDice"],"picked":"chefmod:Sorbet","floor":6},{"not_picked":["chefmod:Fillet","chefmod:Escargot"],"picked":"chefmod:Ratatouille","floor":7},{"not_picked":["chefmod:Chop","chefmod:DoubleChop"],"picked":"chefmod:FarmersMarket","floor":10},{"not_picked":["chefmod:DinoKale","chefmod:LiquidNitrogen"],"picked":"chefmod:SaveForLater","floor":11},{"not_picked":["chefmod:AlooGobi","chefmod:Puree"],"picked":"chefmod:BaoBuns","floor":13},{"not_picked":["chefmod:FryPan","chefmod:IcePick","chefmod:FarmersMarket"],"picked":"SKIP","floor":14}],"player_experience":111419,"relics_obtained":[{"floor":6,"key":"Ancient Tea Set"},{"floor":9,"key":"MawBank"},{"floor":10,"key":"Replay:Bandana"}],"event_choices":[],"is_beta":false,"boss_relics":[],"items_purged_floors":[],"is_endless":false,"potions_floor_spawned":[1,2,10],"killed_by":"Gensokyo:Reimu","ascension_level":3}}