{"host":"7y3xcojbvgknqiob","time":1608181307,"event":{"mods":["Aspiration","BaseMod","Best Route Mod","Downfall","Hermit","Magitek Elite","Minty Spire (QoL Compilation)","Potionbrewer","Quick Restart","StSLib","The Bug Knight"],"gold_per_floor":[99,99,117,217,142,175,202,219,144,179,47,47,59,18,28,28,28],"floor_reached":16,"playtime":1387,"items_purged":[],"score":108,"play_id":"46918b04-baf8-4625-a062-9676564ed382","local_time":"20201216210147","is_ascension_mode":false,"campfire_choices":[{"floor":1,"key":"RECALL"},{"data":"hexamod:EmpoweredFlame","floor":5,"key":"SMITH"},{"floor":9,"key":"REST"}],"circlet_count":0,"master_deck":["hexamod:Strike","hexamod:Strike","hexamod:Strike","hexamod:Strike","hexamod:Defend","hexamod:Defend+1","hexamod:Defend","hexamod:Defend","hexamod:Sear","hexamod:Float+1","hexamod:UnleashSpirits+1","hexamod:EmpoweredFlame+1","hexamod:Again","hexamod:FastForward","hexamod:SpectersWail","hexamod:SpectersWail","hexamod:InspiringFlames","hexamod:EmpoweredFlame","Shame","hexamod:SwordOfDarkness","hexamod:ExtraCrispy","hexamod:AdvancingGuard","hexamod:TimeOfNeed"],"relics":["hexamod:SpiritBrand","downfall:HeartBlessingRed","Toy Ornithopter","downfall:HeartBlessingBlue","Oddly Smooth Stone"],"acts_visited":["Exordium"],"potions_floor_usage":[14,16],"damage_taken":[{"damage":4,"enemies":"Jaw Worm","floor":3,"turns":4},{"damage":27,"enemies":"Gremlin Nob","floor":6,"turns":5},{"damage":2,"enemies":"Small Slimes","floor":8,"turns":3},{"damage":22,"enemies":"3 Sentries","floor":10,"turns":8},{"damage":4,"enemies":"downfall:FleeingMerchant","floor":11,"turns":4},{"damage":0,"enemies":"Cultist","floor":13,"turns":4},{"damage":0,"enemies":"downfall:FleeingMerchant","floor":14,"turns":4},{"damage":9,"enemies":"3 Louse","floor":15,"turns":3},{"damage":47,"enemies":"downfall:Silent","floor":16,"turns":9}],"seed_played":"-9011361112927408651","potions_obtained":[{"floor":3,"key":"potionbrewer:FreezingPotion"},{"floor":10,"key":"Block Potion"},{"floor":15,"key":"potionbrewer:FreezingPotion"}],"is_trial":false,"path_per_floor":["R","?","M","?","R","E","T","M","R","E","$","?","M","$","M","B"],"character_chosen":"THE_SPIRIT","items_purchased":["hexamod:InspiringFlames","hexamod:EmpoweredFlame","hexamod:AdvancingGuard"],"campfire_rested":1,"item_purchase_floors":[11,11,14],"current_hp_per_floor":[70,70,66,66,66,39,39,37,71,49,45,45,45,50,41,0,0],"gold":28,"neow_bonus":"ONE_RANDOM_RARE_CARD","is_daily":false,"chose_seed":false,"campfire_upgraded":1,"win_rate":0.0,"timestamp":1608181307,"path_taken":["R","?","M","?","R","E","T","M","R","E","$","?","M","$","M","BOSS"],"items_purchased_type":["Card","Card","Card"],"build_version":"2020-12-13","purchased_purges":0,"victory":false,"max_hp_per_floor":[70,70,70,70,70,70,70,70,80,80,80,80,80,80,80,80,80],"card_choices":[{"not_picked":["hexamod:Incineration","hexamod:NecessarySacrifice"],"picked":"hexamod:EmpoweredFlame","floor":3},{"not_picked":["hexamod:GhostflameBarrier","hexamod:SoulSteal"],"picked":"hexamod:Again","floor":6},{"not_picked":["hexamod:InspiringFlames","hexamod:RetreatToShadows"],"picked":"hexamod:FastForward","floor":8},{"not_picked":["hexamod:NecessarySacrifice","hexamod:SpectralAdrenaline"],"picked":"hexamod:SpectersWail","floor":10},{"not_picked":["hexamod:SwordOfDarkness","hexamod:InspiringFlames"],"picked":"hexamod:SpectersWail","floor":11},{"not_picked":["hexamod:Incineration","hexamod:ThermalTransfer"],"picked":"hexamod:SwordOfDarkness","floor":13},{"not_picked":["hexamod:InspiringFlames","hexamod:SwordOfDarkness"],"picked":"hexamod:ExtraCrispy","floor":14},{"not_picked":["hexamod:GhostLash","hexamod:StepThrough"],"picked":"hexamod:TimeOfNeed","floor":15}],"player_experience":318404,"relics_obtained":[{"floor":6,"key":"Toy Ornithopter"},{"floor":10,"key":"Oddly Smooth Stone"}],"event_choices":[{"damage_healed":0,"gold_gain":0,"cards_transformed":["Regret"],"player_choice":"Transformed","damage_taken":0,"max_hp_gain":0,"max_hp_loss":0,"event_name":"Transmorgrifier","floor":12,"gold_loss":0,"cards_obtained":["Shame"]}],"is_beta":false,"boss_relics":[],"items_purged_floors":[],"is_endless":false,"potions_floor_spawned":[3,10,15],"killed_by":"downfall:Silent","ascension_level":0}}