{"host":"2ixd8xwebcm7gar8","time":1608242358,"event":{"mods":["AchievementEnabler","Act Like it!","BaseMod","Beaked The Cultist","Conspire","Defuse TimeMaze Blight","Downfall","Googly Eyes","Hallownest","Hermit","Hubris","Infinite Spire","Mad Scientist","Minty Spire (QoL Compilation)","Replay The Spire","Robot Space Explorer","Shop Mod","StSLib","The Blackbeard","The Bug Knight","The Cursed","The Disciple","The Necromancer","Waifu the Spire"],"gold_per_floor":[99,99,99,128,128,156,156,95,95,95,95,111,136,66,81,181,181,181,206,206,206,231,186,186,186,186,186,186,186,106,116,126,224,224,224,224,176,176,176,210,261,261,261,261,275,275,286,29,39,39,39],"floor_reached":50,"playtime":3067,"items_purged":[],"score":576,"play_id":"97707b29-87d1-4435-a26b-3f0eac4b48a2","local_time":"20201217135918","daily_mods":["Draft","Heirloom","Time Dilation","Flight","Elite Swarm"],"is_ascension_mode":true,"campfire_choices":[{"data":"champ:GladiatorStyle","floor":1.0,"key":"SMITH"},{"data":"champ:Devastate","floor":5.0,"key":"SMITH"},{"data":"champ:Improvising","floor":9.0,"key":"SMITH"},{"data":"champ:FocusedDefense","floor":10.0,"key":"SMITH"},{"data":"champ:Improvising","floor":18.0,"key":"SMITH"},{"data":"champ:PerfectForm","floor":20.0,"key":"SMITH"},{"data":"champ:AdrenalArmor","floor":21.0,"key":"SMITH"},{"floor":25.0,"key":"REST"},{"data":"champ:Improvising","floor":26.0,"key":"SMITH"},{"floor":27.0,"key":"REST"},{"data":"champ:DancingMaster","floor":35.0,"key":"SMITH"},{"floor":38.0,"key":"REST"},{"data":"champ:DefensiveStyle","floor":39.0,"key":"SMITH"},{"floor":42.0,"key":"REST"},{"data":"champ:PerfectForm","floor":43.0,"key":"SMITH"},{"data":"champ:FanOfKnives","floor":44,"key":"SMITH"}],"circlet_count":0,"master_deck":["champ:FanOfKnives+1","champ:AdrenalArmor","champ:FanOfKnives+1","champ:Backstep","champ:FanOfKnives","champ:BerserkersShout","champ:Circumvent","champ:FaceSlap","champ:BringItOn","champ:StanceDance","champ:FlashCut","champ:DefensiveShout+1","champ:GladiatorStyle+1","champ:RisingSlash","champ:Shatter","champ:Devastate+1","champ:Improvising+1","champ:FocusedDefense+1","champ:CrookedStrike+1","champ:AdrenalArmor+1","champ:FocusedGladiator","champ:Improvising+1","champ:PerfectForm+1","champ:Improvising+1","Hallownest:pwrSporeShroom","Hallownest:skillCityofTearsMap","champ:DancingMaster+1","champ:GladiatorsShout+1","champ:DefensiveStyle+1","champ:BerserkerStyle+1","champ:DefensiveStyle+1","champ:PerfectForm+1","champ:DeathBlow+1"],"relics":["champ:ChampionCrown","Calipers","Hallownest:DreamNailRelic","Art of War","Gambling Chip","Meat on the Bone","Lantern","Hallownest:StagBellRelic1","Black Star","champ:DefensiveTrainingManual","Strawberry","Ancient Tea Set","Ice Cream","Mirror","Hallownest:WatcherSealRelic","Philosopher\u0027s Stone","Regal Pillow","Orrery","hubris:ToyBattleship","conspire:DeflatedDodgeball","Bronze Scales","Frozen Eye"],"acts_visited":["Hallownest:Greenpath","Hallownest:CityofTears","Hallownest:KingdomsEdge"],"potions_floor_usage":[49,50,50],"damage_taken":[{"damage":11.0,"enemies":"Hallownest:eliteVengeflyKing","floor":4.0,"turns":4.0},{"damage":30.0,"enemies":"Hallownest:eliteMossKnight","floor":6.0,"turns":5.0},{"damage":25.0,"enemies":"downfall:FleeingMerchant","floor":8.0,"turns":4.0},{"damage":3.0,"enemies":"Hallownest:monsterHuskWarrior","floor":12.0,"turns":2.0},{"damage":7.0,"enemies":"Hallownest:2_MossCreeps","floor":15.0,"turns":2.0},{"damage":41.0,"enemies":"downfall:Ironclad","floor":16.0,"turns":6.0},{"damage":33.0,"enemies":"Hallownest:Nosk","floor":19.0,"turns":6.0},{"damage":83.0,"enemies":"Hallownest:eliteWatcherKnight","floor":22.0,"turns":11.0},{"damage":14.0,"enemies":"Hallownest:Flukemon_and_Top","floor":31.0,"turns":3.0},{"damage":39.0,"enemies":"Hallownest:2_Mistakes","floor":32.0,"turns":5.0},{"damage":70.0,"enemies":"downfall:Defect","floor":33.0,"turns":6.0},{"damage":12.0,"enemies":"downfall:FleeingMerchant","floor":37.0,"turns":2.0},{"damage":99.0,"enemies":"Nightmare","floor":40.0,"turns":5.0},{"damage":37,"enemies":"Hallownest:3_Siblings","floor":45,"turns":3},{"damage":29,"enemies":"Hallownest:Shield_Heavy","floor":47,"turns":4},{"damage":33,"enemies":"Hallownest:2_Wing_and_1_Kings","floor":49,"turns":4},{"damage":126,"enemies":"downfall:Silent","floor":50,"turns":5}],"seed_played":"-5354494792930335561","potions_obtained":[{"floor":12.0,"key":"Fire Potion"},{"floor":19.0,"key":"Milkshake"},{"floor":22.0,"key":"Milkshake"},{"floor":45,"key":"Fire Potion"}],"is_trial":true,"path_per_floor":["R","?","?","E","R","E","T","$","R","R","?","M","T","?","M","B",null,"R","E","R","R","E","?","T","R","R","R","?","?","?","M","M","B",null,"R","?","$","R","R","NM","T","R","R","R","M","?","M","$","M","B"],"character_chosen":"THE_CHAMP","items_purchased":["champ:CrookedStrike","champ:DefensiveStyle","Regal Pillow","Orrery","Frozen Eye","BlessingOfTheForge","ColorlessPotion"],"campfire_rested":4,"item_purchase_floors":[8,37,37,37,48,48,48],"current_hp_per_floor":[90,90,90,82,82,68,68,70,70,70,70,70,70,70,66,58,90,90,82,82,82,35,35,35,64,64,93,93,93,93,93,91,96,97,97,62,62,97,97,50,50,94,94,94,78,63,61,61,70,0,0],"gold":39,"neow_bonus":"","is_daily":false,"chose_seed":false,"campfire_upgraded":12,"win_rate":0.0,"timestamp":1608242358,"path_taken":["R","?","?","E","R","E","T","$","R","R","?","?","?","?","M","BOSS","R","E","R","R","E","?","T","R","R","R","?","?","?","?","M","BOSS","R","?","?","R","R","NM","T","R","R","R","?","?","?","$","M","BOSS"],"items_purchased_type":["Card","Card","Relic","Relic","Relic","Potion","Potion"],"build_version":"2020-12-13","purchased_purges":0,"victory":false,"max_hp_per_floor":[90,90,90,90,90,90,90,90,90,90,90,90,90,90,90,90,90,90,97,97,97,97,97,97,97,97,97,97,97,97,97,97,97,97,97,97,97,97,97,97,97,97,97,97,97,97,97,97,97,97,97],"card_choices":[{"not_picked":["champ:PerfectedStrike","champ:BladeFlurry"],"picked":"champ:FanOfKnives","floor":0.0},{"not_picked":["champ:Encircle","champ:BladeFlurry"],"picked":"champ:AdrenalArmor","floor":0.0},{"not_picked":["champ:Backstep","champ:GladiatorsShout"],"picked":"champ:FanOfKnives","floor":0.0},{"not_picked":["champ:PerfectedStrike","champ:Riposte"],"picked":"champ:Backstep","floor":0.0},{"not_picked":["champ:CalledShot","champ:BringItOn"],"picked":"champ:FanOfKnives","floor":0.0},{"not_picked":["champ:StanceDance","champ:Circumvent"],"picked":"champ:BerserkersShout","floor":0.0},{"not_picked":["champ:BringItOn","champ:ShieldWall"],"picked":"champ:Circumvent","floor":0.0},{"not_picked":["champ:Circumvent","champ:DefensiveShout"],"picked":"champ:FaceSlap","floor":0.0},{"not_picked":["champ:Haymaker","champ:Encircle"],"picked":"champ:BringItOn","floor":0.0},{"not_picked":["champ:EnragedBash","champ:PerfectedStrike"],"picked":"champ:StanceDance","floor":0.0},{"not_picked":["champ:PerfectedStrike","champ:AdrenalArmor"],"picked":"champ:FlashCut","floor":0.0},{"not_picked":["champ:PerfectedStrike","champ:ShieldWall"],"picked":"champ:DefensiveShout","floor":0.0},{"not_picked":["champ:FanOfKnives","champ:BringItOn"],"picked":"champ:GladiatorStyle","floor":0.0},{"not_picked":["champ:TornadoPunch","champ:GutPunch"],"picked":"champ:RisingSlash","floor":0.0},{"not_picked":["champ:Riposte","champ:BringItOn"],"picked":"champ:Shatter","floor":0.0},{"not_picked":["champ:CheapShot","champ:HoldFirm"],"picked":"champ:Devastate","floor":4.0},{"not_picked":["champ:IgnorePain","champ:SteelEdge"],"picked":"champ:Improvising","floor":6.0},{"not_picked":["champ:IgnorePain","champ:CalledShot"],"picked":"champ:FocusedDefense","floor":8.0},{"not_picked":["champ:CrookedStrike","champ:EnGarde"],"picked":"champ:AdrenalArmor","floor":12.0},{"not_picked":["champ:CrookedStrike","champ:AdrenalArmor"],"picked":"champ:FocusedGladiator","floor":15.0},{"not_picked":["champ:SwordThrow","champ:DancingMaster"],"picked":"champ:Improvising","floor":16.0},{"not_picked":["champ:IgnorePain","champ:StrikeOfGenius"],"picked":"champ:PerfectForm","floor":19.0},{"not_picked":["champ:IgnorePain","champ:MurderStrike"],"picked":"champ:Improvising","floor":22.0},{"not_picked":["champ:Haymaker+1","champ:FalseCounter+1","champ:EnragedBash"],"picked":"SKIP","floor":31.0},{"not_picked":["champ:PerfectedStrike","champ:Circumvent","champ:AdrenalArmor"],"picked":"SKIP","floor":32.0},{"not_picked":["champ:CrownThrow","champ:HoldFirm"],"picked":"champ:DancingMaster","floor":33.0},{"not_picked":["champ:SkillfulDodge+1","champ:Encircle"],"picked":"champ:GladiatorsShout+1","floor":37.0},{"not_picked":["champ:HeartStrike","champ:StrikeOfGenius"],"picked":"champ:BerserkerStyle+1","floor":37.0},{"not_picked":["champ:FaceSlap+1","champ:DefensiveShout+1"],"picked":"champ:DefensiveStyle+1","floor":37.0},{"not_picked":["champ:LastStand","champ:DancingMaster"],"picked":"champ:PerfectForm","floor":40.0},{"not_picked":["champ:BringItOn","champ:Duel+1"],"picked":"champ:DeathBlow+1","floor":45},{"not_picked":["champ:Encircle+1","champ:DefensiveShout+1","champ:FlashCut+1"],"picked":"SKIP","floor":47},{"not_picked":["champ:AdrenalArmor+1","champ:GladiatorsShout","champ:StanceDance"],"picked":"SKIP","floor":49}],"player_experience":642805,"relics_obtained":[{"floor":4.0,"key":"Art of War"},{"floor":6.0,"key":"Gambling Chip"},{"floor":7.0,"key":"Meat on the Bone"},{"floor":13.0,"key":"Lantern"},{"floor":19.0,"key":"champ:DefensiveTrainingManual"},{"floor":19.0,"key":"Strawberry"},{"floor":22.0,"key":"Ancient Tea Set"},{"floor":22.0,"key":"Ice Cream"},{"floor":24.0,"key":"Mirror"},{"floor":40.0,"key":"hubris:ToyBattleship"},{"floor":40.0,"key":"conspire:DeflatedDodgeball"},{"floor":41.0,"key":"Bronze Scales"}],"event_choices":[],"is_beta":false,"boss_relics":[{"not_picked":["SacredBark","Calling Bell"],"picked":"Black Star"},{"not_picked":["Replay:Wanted Poster","expansioncontent:StudyCardRelic"],"picked":"Philosopher\u0027s Stone"}],"items_purged_floors":[],"is_endless":true,"potions_floor_spawned":[12,19,22,45],"killed_by":"downfall:Silent","ascension_level":1}}