{"host":"eydwxg59205c3vtl","time":1608174875,"event":{"mods":["2.2 Compatiblity","BaseMod","Colored Map","Colored Powertips","Hubris","Minty Spire (QoL Compilation)","StSLib","The Necromancer"],"gold_per_floor":[119,119,44,64,74,74,74,102,102,137,137,195,195,195,195,195,195],"floor_reached":16,"playtime":625,"items_purged":["Decay"],"score":164,"play_id":"270db1c1-752a-4574-bed8-4e4467129f2e","local_time":"20201216221435","is_ascension_mode":true,"campfire_choices":[{"floor":6.0,"key":"DIG"},{"floor":11.0,"key":"REST"},{"data":"1","floor":13.0,"key":"LIFT"},{"data":"2","floor":15.0,"key":"LIFT"}],"circlet_count":0,"master_deck":["AscendersBane","Strike_W","Strike_W","Strike_W","Strike_W","Defend_W","Defend_W","Defend_W","Defend_W","Negative_Energy_Arrows","Bone_Wall","Negative_Energy_Javelin+1","Negative_Energy_Burst","Spectral_Armor","Necrotic_Claws","Negative_Energy_Mist"],"relics":["Vampire_Amulet","Shovel","hubris:Towel","Girya","Regal Pillow","Bottled Flame","hubris:Reverence","Eternal Feather"],"acts_visited":["Exordium"],"potions_floor_usage":[],"damage_taken":[{"damage":7.0,"enemies":"Small Slimes","floor":1.0,"turns":5.0},{"damage":4.0,"enemies":"2 Louse","floor":4.0,"turns":3.0},{"damage":4.0,"enemies":"Jaw Worm","floor":5.0,"turns":4.0},{"damage":54.0,"enemies":"Lagavulin","floor":8.0,"turns":9.0},{"damage":15.0,"enemies":"3 Sentries","floor":10.0,"turns":9.0},{"damage":23.0,"enemies":"Lagavulin Event","floor":12.0,"turns":7.0},{"damage":46,"enemies":"Slime Boss","floor":16,"turns":8}],"seed_played":"-7797454759208601761","potions_obtained":[{"floor":4.0,"key":"Fruit Juice"},{"floor":5.0,"key":"Swift Potion"}],"is_trial":false,"path_per_floor":["M","?","$","M","M","R","?","E","T","E","R","?","R","?","R","B"],"character_chosen":"NECROMANCER","items_purchased":[],"campfire_rested":1,"item_purchase_floors":[],"current_hp_per_floor":[65,65,65,70,68,68,68,16,16,7,46,25,34,34,43,0,0],"gold":195,"neow_bonus":"ONE_RARE_RELIC","is_daily":false,"chose_seed":false,"campfire_upgraded":0,"win_rate":0.0,"timestamp":1608174875,"path_taken":["M","?","$","M","M","R","?","E","T","E","R","?","R","?","R","BOSS"],"items_purchased_type":[],"build_version":"2020-12-13","purchased_purges":1,"victory":false,"max_hp_per_floor":[75,75,75,80,80,80,80,80,80,80,80,80,80,80,80,80,80],"card_choices":[{"not_picked":["Consume_Illness","Death_Coil"],"picked":"Negative_Energy_Javelin","floor":1.0},{"not_picked":["Blood_Whip","Death_March_Dance","Shackles_Of_Pain"],"picked":"SKIP","floor":4.0},{"not_picked":["Pandemic","Epidemic"],"picked":"Negative_Energy_Burst","floor":5.0},{"not_picked":["Bone_Shift","Blood_Magic"],"picked":"Spectral_Armor","floor":8.0},{"not_picked":["Corrupt","Violent_Necrosis"],"picked":"Necrotic_Claws","floor":10.0},{"not_picked":["Necromantic_Selection","Consume_Illness"],"picked":"Negative_Energy_Mist","floor":12.0}],"player_experience":539035,"relics_obtained":[{"floor":6.0,"key":"Girya"},{"floor":8.0,"key":"Regal Pillow"},{"floor":9.0,"key":"Bottled Flame"},{"floor":10.0,"key":"hubris:Reverence"},{"floor":12.0,"key":"Eternal Feather"}],"event_choices":[{"damage_healed":0.0,"max_hp_gain":0.0,"max_hp_loss":0.0,"gold_gain":0.0,"event_name":"Shining Light","player_choice":"Ignored","floor":7.0,"gold_loss":0.0,"damage_taken":0.0},{"damage_healed":0.0,"max_hp_gain":0.0,"max_hp_loss":0.0,"gold_gain":0.0,"event_name":"Dead Adventurer","player_choice":"Searched \u00272\u0027 times","floor":12.0,"gold_loss":0.0,"damage_taken":0.0},{"damage_healed":0.0,"max_hp_gain":0.0,"max_hp_loss":0.0,"gold_gain":0.0,"event_name":"Living Wall","player_choice":"Grow","floor":14.0,"gold_loss":0.0,"damage_taken":0.0,"cards_upgraded":["Negative_Energy_Javelin"]}],"is_beta":false,"boss_relics":[],"items_purged_floors":[3],"is_endless":false,"potions_floor_spawned":[4,5],"killed_by":"Slime Boss","ascension_level":11}}