{"host":"ci7ivtocgfxh0ueo","time":1608176086,"event":{"mods":["BaseMod","GifTheSpireLib","Minty Spire (QoL Compilation)","StSLib"],"gold_per_floor":[114,131,51,62,62,92,92,92,92,111,125,142,26,42,42,116,116,129,129,145,95,95,95],"floor_reached":22,"playtime":563,"items_purged":[],"score":348,"play_id":"2bd4a7a7-f3b5-4913-ba65-a765a03110c0","local_time":"20201217113446","is_ascension_mode":true,"campfire_choices":[{"data":"Poisoned Stab","floor":7,"key":"SMITH"},{"floor":15,"key":"REST"}],"circlet_count":0,"master_deck":["AscendersBane","Strike_G","Strike_G","Strike_G","Strike_G","Strike_G","Defend_G","Defend_G","Defend_G","Defend_G","Defend_G","Survivor","Neutralize","Bane","Caltrops+1","Poisoned Stab+1","Dash+1","Bouncing Flask","Terror","Tactician","PiercingWail","All Out Attack+1","Corpse Explosion","CurseOfTheBell","Catalyst","Bane+1","Burst"],"relics":["Ring of the Snake","NeowsBlessing","Molten Egg 2","Frozen Egg 2","Calling Bell","Strawberry","Meat on the Bone","Prayer Wheel"],"acts_visited":["Exordium","TheCity"],"potions_floor_usage":[10,11,16,18,18,20],"damage_taken":[{"damage":0,"enemies":"Small Slimes","floor":1,"turns":1},{"damage":0,"enemies":"Cultist","floor":2,"turns":1},{"damage":0,"enemies":"Jaw Worm","floor":4,"turns":1},{"damage":40,"enemies":"Gremlin Nob","floor":6,"turns":5},{"damage":0,"enemies":"Lots of Slimes","floor":10,"turns":3},{"damage":0,"enemies":"3 Louse","floor":11,"turns":2},{"damage":9,"enemies":"2 Fungi Beasts","floor":12,"turns":3},{"damage":0,"enemies":"Looter","floor":14,"turns":3},{"damage":27,"enemies":"The Guardian","floor":16,"turns":9},{"damage":17,"enemies":"Shell Parasite","floor":18,"turns":6},{"damage":22,"enemies":"2 Thieves","floor":20,"turns":2},{"damage":42,"enemies":"Sentry and Sphere","floor":22,"turns":5}],"seed_played":"4804616506872298820","potions_obtained":[{"floor":4,"key":"ColorlessPotion"},{"floor":6,"key":"GhostInAJar"},{"floor":10,"key":"Explosive Potion"},{"floor":16,"key":"ColorlessPotion"},{"floor":18,"key":"Poison Potion"}],"is_trial":false,"path_per_floor":["M","M","$","M","?","E","R","?","T","M","M","M","$","M","R","B",null,"M","$","M","?","M"],"character_chosen":"THE_SILENT","items_purchased":["DistilledChaos","PiercingWail","SteroidPotion"],"campfire_rested":1,"item_purchase_floors":[3,13,13],"current_hp_per_floor":[59,59,59,59,64,24,24,24,24,24,24,15,15,15,36,9,63,46,46,36,36,0,0],"gold":95,"neow_bonus":"THREE_ENEMY_KILL","is_daily":false,"chose_seed":false,"campfire_upgraded":1,"win_rate":0.0,"timestamp":1608176086,"path_taken":["M","M","$","M","?","E","R","?","T","M","M","?","$","M","R","BOSS","M","$","M","?","M"],"items_purchased_type":["Potion","Card","Potion"],"build_version":"2020-12-13","purchased_purges":0,"victory":false,"max_hp_per_floor":[66,66,66,66,71,71,71,71,71,71,71,71,71,71,71,71,78,78,78,78,78,78,78],"card_choices":[{"not_picked":["Quick Slash","Deadly Poison"],"picked":"Bane","floor":1},{"not_picked":["Dodge and Roll","Sucker Punch"],"picked":"Caltrops","floor":2},{"not_picked":["Expertise","After Image"],"picked":"Poisoned Stab","floor":4},{"not_picked":["Reflex","Accuracy"],"picked":"Dash+1","floor":6},{"not_picked":["PiercingWail","Underhanded Strike+1"],"picked":"Bouncing Flask","floor":10},{"not_picked":["Concentrate","Underhanded Strike+1"],"picked":"Terror","floor":11},{"not_picked":["Deflect","Terror"],"picked":"Tactician","floor":12},{"not_picked":["Underhanded Strike+1","Quick Slash+1"],"picked":"All Out Attack+1","floor":14},{"not_picked":["Tools of the Trade+1","Envenom+1"],"picked":"Corpse Explosion","floor":16},{"not_picked":["Flying Knee+1","Acrobatics"],"picked":"Catalyst","floor":18},{"not_picked":["Dodge and Roll","Blade Dance","Flying Knee+1"],"picked":"SKIP","floor":18},{"not_picked":["Prepared","Deadly Poison"],"picked":"Bane+1","floor":20},{"not_picked":["Poisoned Stab+1","Flying Knee+1"],"picked":"Burst","floor":20}],"player_experience":1258904,"relics_obtained":[{"floor":6,"key":"Molten Egg 2"},{"floor":9,"key":"Frozen Egg 2"},{"floor":17,"key":"Strawberry"},{"floor":17,"key":"Meat on the Bone"},{"floor":17,"key":"Prayer Wheel"}],"event_choices":[{"damage_healed":0,"gold_gain":0,"player_choice":"Donut","damage_taken":0,"max_hp_gain":5,"max_hp_loss":0,"event_name":"Big Fish","floor":5,"gold_loss":0},{"damage_healed":0,"gold_gain":0,"player_choice":"Forge","damage_taken":0,"max_hp_gain":0,"max_hp_loss":0,"event_name":"Accursed Blacksmith","floor":8,"gold_loss":0,"cards_upgraded":["Caltrops"]},{"damage_healed":0,"gold_gain":0,"player_choice":"Bet on Murderer","damage_taken":0,"max_hp_gain":0,"max_hp_loss":0,"event_name":"The Joust","floor":21,"gold_loss":50}],"is_beta":false,"boss_relics":[{"not_picked":["Snecko Eye","HoveringKite"],"picked":"Calling Bell"}],"items_purged_floors":[],"is_endless":false,"potions_floor_spawned":[4,6,10,16,18],"killed_by":"Sentry and Sphere","ascension_level":17}}