{"host":"vcmmzzj6okc5j399","time":1608185408,"event":{"mods":["BaseMod","Minty Spire (QoL Compilation)","StSLib","The Fake Hero"],"gold_per_floor":[518,518,531,531,544,569,569,569,569],"floor_reached":8,"playtime":527,"items_purged":[],"score":56,"play_id":"b5271f38-0f9b-4738-bb3e-b53ecc6f8108","local_time":"20201217151008","is_ascension_mode":false,"campfire_choices":[{"data":"luka_mod:StrikeLukaSix","floor":7,"key":"SMITH"}],"circlet_count":0,"master_deck":["luka_mod:StrikeLukaOne","luka_mod:StrikeLukaTwo","luka_mod:StrikeLukaThree","luka_mod:StrikeLukaFour","luka_mod:StrikeLukaFive","luka_mod:StrikeLukaSix+1","luka_mod:Salt","luka_mod:Guard","luka_mod:Wait","luka_mod:Edging","luka_mod:FlailWildly","luka_mod:Meditation","luka_mod:Surrender","luka_mod:SmallBody+1","luka_mod:LightningSwordFlash","Regret","luka_mod:Undine","luka_mod:GuardedStrike"],"relics":["luka_mod:KeepsakeRing","NeowsBlessing","Pear","Toy Ornithopter"],"acts_visited":["Exordium"],"potions_floor_usage":[6],"damage_taken":[{"damage":0,"enemies":"Small Slimes","floor":1,"turns":1},{"damage":0,"enemies":"Cultist","floor":3,"turns":1},{"damage":0,"enemies":"Jaw Worm","floor":5,"turns":1},{"damage":23,"enemies":"Lagavulin","floor":6,"turns":7},{"damage":47,"enemies":"3 Sentries","floor":8,"turns":6}],"seed_played":"9136704381515639693","potions_obtained":[{"floor":3,"key":"Block Potion"}],"is_trial":false,"path_per_floor":["M","?","M","?","M","E","R","E"],"character_chosen":"LUKA_CLASS","items_purchased":[],"campfire_rested":0,"item_purchase_floors":[],"current_hp_per_floor":[40,40,40,50,50,47,47,0,0],"gold":569,"neow_bonus":"THREE_ENEMY_KILL","is_daily":false,"chose_seed":false,"campfire_upgraded":1,"win_rate":0.0,"timestamp":1608185408,"path_taken":["M","?","?","?","M","E","R","E"],"items_purchased_type":[],"build_version":"2020-12-13","purchased_purges":0,"victory":false,"max_hp_per_floor":[40,40,40,50,50,50,50,50,50],"card_choices":[{"not_picked":["luka_mod:Intense","luka_mod:FlashKill"],"picked":"luka_mod:SmallBody","floor":1},{"not_picked":["luka_mod:Intense","luka_mod:Overexert"],"picked":"luka_mod:LightningSwordFlash","floor":3},{"not_picked":["luka_mod:ThunderThrust","luka_mod:CriticalHit"],"picked":"luka_mod:Undine","floor":5},{"not_picked":["luka_mod:EarthRumblingDecapitation","luka_mod:DemonDecapitation"],"picked":"luka_mod:GuardedStrike","floor":6}],"player_experience":135472,"relics_obtained":[{"floor":6,"key":"Toy Ornithopter"}],"event_choices":[{"damage_healed":0,"gold_gain":0,"player_choice":"Upgraded","damage_taken":0,"max_hp_gain":0,"max_hp_loss":0,"event_name":"Upgrade Shrine","floor":2,"gold_loss":0,"cards_upgraded":["luka_mod:SmallBody"]},{"damage_healed":0,"gold_gain":0,"player_choice":"Box","damage_taken":0,"relics_obtained":["Pear"],"max_hp_gain":0,"max_hp_loss":0,"event_name":"Big Fish","floor":4,"gold_loss":0,"cards_obtained":["Regret"]}],"is_beta":false,"boss_relics":[],"items_purged_floors":[],"is_endless":false,"potions_floor_spawned":[3],"killed_by":"3 Sentries","ascension_level":0}}