{"host":"qgwlv9366poilr0p","time":1608245141,"event":{"mods":["BaseMod","Colored Powertips","Conspire","Dota2Spire","Friendly Minions","Halation","Hubris","Infinite Spire","Minty Spire (QoL Compilation)","Relic Stats","Replay The Spire","Shop Mod","StSLib","The Blue Laboratory","Wandering Minibosses","vexMod"],"gold_per_floor":[112,112,112,54,54,86,86,100,100,113,113,113,144,144,144,217,217,230,230,248,248,256,256],"floor_reached":22,"playtime":771,"items_purged":["conspire:Blindness"],"score":376,"play_id":"26c26cb8-4c9b-464d-893c-2f7daad7c5e1","local_time":"20201217234541","is_ascension_mode":true,"campfire_choices":[{"data":"Zap","floor":7,"key":"SMITH"},{"data":"Chaos","floor":11,"key":"SMITH"}],"circlet_count":0,"master_deck":["AscendersBane","Strike_B","Strike_B","Strike_B","Strike_B","Defend_B","Defend_B","Defend_B","Defend_B","Zap+1","Dualcast","Chill","Double Energy+1","Double Energy","Cold Snap","Lockon","Chaos+1","Hologram+1","Core Surge","Conserve Battery","Rip and Tear","infinitespire:Starlight"],"relics":["Cracked Core","NeowsBlessing","Ring of Fury","Ring of Shattering","Dota2Spire:CrimsonGuard","halation:SwordOfLegend","Dota2Spire:Desolator","halation:StarCompass","halation:Toothbrush","halation:ForbiddenBikini","Replay:Blank Codex","halation:TrafficLight"],"acts_visited":["Exordium","TheCity"],"potions_floor_usage":[22],"damage_taken":[{"damage":0,"enemies":"Small Slimes","floor":1,"turns":1},{"damage":0,"enemies":"Lagavulin","floor":6,"turns":1},{"damage":0,"enemies":"2 Louse","floor":8,"turns":1},{"damage":0,"enemies":"Jaw Worm","floor":10,"turns":3},{"damage":17,"enemies":"3 Sentries","floor":13,"turns":7},{"damage":54,"enemies":"Slime Boss","floor":16,"turns":11},{"damage":7,"enemies":"Shell Parasite","floor":18,"turns":3},{"damage":9,"enemies":"2 Thieves","floor":20,"turns":4},{"damage":41,"enemies":"conspire:MimicChest","floor":22,"turns":7}],"seed_played":"8121463999303248668","potions_obtained":[{"floor":1,"key":"AttackPotion"},{"floor":8,"key":"Dexterity Potion"},{"floor":10,"key":"blueLaboratory:CreativityPotion"},{"floor":18,"key":"blueLaboratory:BiasPotion"}],"is_trial":false,"path_per_floor":["M","?","?","$","$","E","R","M","T","M","R","?","E","?","R","B",null,"M","?","M","AVR","?"],"character_chosen":"DEFECT","items_purchased":["Double Energy"],"campfire_rested":0,"item_purchase_floors":[4],"current_hp_per_floor":[64,64,46,46,46,46,45,45,45,45,48,48,31,31,55,1,54,47,26,17,20,0,0],"gold":256,"neow_bonus":"THREE_ENEMY_KILL","is_daily":false,"chose_seed":false,"campfire_upgraded":2,"win_rate":0.0,"timestamp":1608245141,"path_taken":["M","?","?","?","$","E","R","M","T","?","R","?","E","?","R","BOSS","M","?","M","AVR","?"],"items_purchased_type":["Card"],"build_version":"2020-12-13","purchased_purges":1,"victory":false,"max_hp_per_floor":[71,71,71,71,71,71,71,71,71,71,71,71,71,71,71,71,71,71,71,71,74,74,74],"relic_stats":{"counters":[9,38],"obtain_stats":[{"halation:SwordOfLegend":6,"NeowsBlessing":0,"Dota2Spire:CrimsonGuard":3,"Ring of Fury":2,"halation:ForbiddenBikini":17,"halation:TrafficLight":21,"Ring of Shattering":2,"halation:Toothbrush":13,"Cracked Core":0,"halation:StarCompass":12,"Replay:Blank Codex":19,"Dota2Spire:Desolator":9},{"halation:SwordOfLegend":2,"NeowsBlessing":0,"Dota2Spire:CrimsonGuard":1,"Ring of Fury":1,"halation:ForbiddenBikini":6,"halation:TrafficLight":8,"Ring of Shattering":1,"halation:Toothbrush":5,"Cracked Core":0,"halation:StarCompass":4,"Replay:Blank Codex":7,"Dota2Spire:Desolator":3},{"halation:SwordOfLegend":2,"NeowsBlessing":0,"Dota2Spire:CrimsonGuard":1,"Ring of Fury":1,"halation:ForbiddenBikini":24,"halation:TrafficLight":31,"Ring of Shattering":1,"halation:Toothbrush":13,"Cracked Core":0,"halation:StarCompass":6,"Replay:Blank Codex":27,"Dota2Spire:Desolator":3}]},"card_choices":[{"not_picked":["Gash","hubris:PowerSurge"],"picked":"Chill","floor":1},{"not_picked":["Leap","ReplayGash"],"picked":"Cold Snap","floor":6},{"not_picked":["Streamline","Sunder"],"picked":"Lockon","floor":8},{"not_picked":["Turbo","Steam Power"],"picked":"Chaos","floor":10},{"not_picked":["Ball Lightning","hubris:Prefetch"],"picked":"Hologram","floor":13},{"not_picked":["Thunder Strike","Meteor Strike"],"picked":"Core Surge","floor":16},{"not_picked":["FTL","Beam Cell+1"],"picked":"Conserve Battery","floor":18},{"not_picked":["Loop","Go for the Eyes"],"picked":"Rip and Tear","floor":20}],"player_experience":1069969,"relics_obtained":[{"floor":2,"key":"Ring of Fury"},{"floor":2,"key":"Ring of Shattering"},{"floor":6,"key":"halation:SwordOfLegend"},{"floor":9,"key":"Dota2Spire:Desolator"},{"floor":13,"key":"halation:Toothbrush"},{"floor":19,"key":"Replay:Blank Codex"}],"event_choices":[{"damage_healed":0,"gold_gain":0,"player_choice":"Success","damage_taken":18,"relics_obtained":["Dota2Spire:CrimsonGuard"],"max_hp_gain":0,"max_hp_loss":0,"event_name":"Scrap Ooze","floor":3,"gold_loss":0},{"damage_healed":0,"gold_gain":0,"player_choice":"Obtained Book","damage_taken":21,"max_hp_gain":0,"max_hp_loss":0,"event_name":"Cursed Tome","floor":19,"gold_loss":0}],"is_beta":false,"boss_relics":[{"not_picked":["halation:HeavySnake","conspire:RunicOctahedron"],"picked":"halation:ForbiddenBikini"}],"items_purged_floors":[21],"is_endless":false,"potions_floor_spawned":[1,8,10,18],"killed_by":"conspire:MimicChest","ascension_level":15}}