{"host":"vxxgntm1odai56nh","time":1608243385,"event":{"mods":["AchievementEnabler","BaseMod","Colored Map","Colored Powertips","Highlight Path","Minty Spire (QoL Compilation)","Permanent Neow","Rare Cards Sparkle","Relic Stats","StSLib"],"gold_per_floor":[213,66,81,99,99,99,132,132,155,189,200,234,234,260,260,365,365,381,381,121,132,144,144,144],"floor_reached":23,"playtime":2014,"items_purged":[],"score":252,"play_id":"04237ec8-925f-4a88-b692-427d366aff65","local_time":"20201217171625","is_ascension_mode":true,"campfire_choices":[{"data":"Body Slam","floor":6,"key":"SMITH"},{"data":"Shockwave","floor":8,"key":"SMITH"},{"data":"Bash","floor":13,"key":"SMITH"},{"data":"Shrug It Off","floor":15,"key":"SMITH"}],"circlet_count":0,"master_deck":["Strike_R+1","Strike_R","Strike_R+1","Defend_R","Defend_R","Defend_R","Bash+1","Shockwave+1","Twin Strike+1","Metallicize+1","Shrug It Off+1","Body Slam+1","Dual Wield","True Grit","Headbutt","Dropkick","Feel No Pain","Berserk","Spot Weakness+1","True Grit+1","Heavy Blade+1","Shame","Fire Breathing","Evolve"],"relics":["Burning Blood","Whetstone","PreservedInsect","Pantograph","Potion Belt","Kunai","Astrolabe","Ornamental Fan","Mercury Hourglass"],"acts_visited":["Exordium","TheCity"],"potions_floor_usage":[3,7,23,23],"damage_taken":[{"damage":6,"enemies":"Cultist","floor":1,"turns":4},{"damage":0,"enemies":"Jaw Worm","floor":3,"turns":4},{"damage":5,"enemies":"2 Louse","floor":4,"turns":3},{"damage":6,"enemies":"Gremlin Nob","floor":7,"turns":4},{"damage":14,"enemies":"3 Sentries","floor":10,"turns":7},{"damage":3,"enemies":"Looter","floor":11,"turns":3},{"damage":10,"enemies":"Lagavulin","floor":12,"turns":5},{"damage":22,"enemies":"3 Sentries","floor":14,"turns":6},{"damage":15,"enemies":"Hexaghost","floor":16,"turns":9},{"damage":34,"enemies":"Chosen","floor":18,"turns":5},{"damage":5,"enemies":"Spheric Guardian","floor":21,"turns":4},{"damage":43,"enemies":"Centurion and Healer","floor":22,"turns":8},{"damage":18,"enemies":"Gremlin Leader","floor":23,"turns":3}],"seed_played":"6831657227467645498","potions_obtained":[{"floor":1,"key":"EssenceOfSteel"},{"floor":3,"key":"Dexterity Potion"},{"floor":4,"key":"Block Potion"},{"floor":22,"key":"Strength Potion"}],"is_trial":false,"path_per_floor":["M","$","M","M","?","R","E","R","T","E","M","E","R","E","R","B",null,"M","?","$","M","M","E"],"character_chosen":"IRONCLAD","items_purchased":["Twin Strike","Metallicize","Shrug It Off","Mercury Hourglass"],"campfire_rested":0,"item_purchase_floors":[2,2,2,20],"current_hp_per_floor":[80,80,80,80,64,64,64,64,64,56,59,55,55,39,39,55,80,52,52,52,53,16,0,0],"gold":144,"neow_bonus":"HUNDRED_GOLD","is_daily":false,"chose_seed":false,"campfire_upgraded":4,"win_rate":0.0,"timestamp":1608243385,"path_taken":["M","$","M","?","?","R","E","R","T","E","M","E","R","E","R","BOSS","M","?","$","M","M","E"],"items_purchased_type":["Card","Card","Card","Relic"],"build_version":"2020-12-13","purchased_purges":0,"victory":false,"max_hp_per_floor":[80,80,80,80,80,80,80,80,80,80,80,80,80,80,80,80,80,80,80,80,80,80,80,80],"relic_stats":{"counters":[13,65],"Ornamental Fan":[8],"Pantograph":25,"Astrolabe":["Spot Weakness","True Grit","Heavy Blade"],"PreservedInsect":139,"Whetstone":["Strike_R","Twin Strike"],"Kunai":[5],"obtain_stats":[{"Potion Belt":12,"Ornamental Fan":19,"Pantograph":10,"Astrolabe":17,"PreservedInsect":9,"Whetstone":7,"Kunai":14,"Burning Blood":0,"Mercury Hourglass":20},{"Potion Belt":7,"Ornamental Fan":10,"Pantograph":5,"Astrolabe":9,"PreservedInsect":4,"Whetstone":4,"Kunai":8,"Burning Blood":0,"Mercury Hourglass":10},{"Potion Belt":30,"Ornamental Fan":50,"Pantograph":22,"Astrolabe":45,"PreservedInsect":15,"Whetstone":15,"Kunai":36,"Burning Blood":0,"Mercury Hourglass":50}],"Burning Blood":65,"Mercury Hourglass":[54]},"card_choices":[{"not_picked":["Dual Wield","Blood for Blood"],"picked":"Shockwave","floor":1},{"not_picked":["Wild Strike","Power Through"],"picked":"Body Slam","floor":3},{"not_picked":["Sword Boomerang","Flex"],"picked":"Dual Wield","floor":4},{"not_picked":["Pommel Strike","Heavy Blade"],"picked":"True Grit","floor":7},{"not_picked":["Armaments","Reaper"],"picked":"Headbutt","floor":10},{"not_picked":["Clothesline","Iron Wave","Heavy Blade"],"picked":"SKIP","floor":11},{"not_picked":["Limit Break","Clash"],"picked":"Dropkick","floor":12},{"not_picked":["Burning Pact","Clash"],"picked":"Feel No Pain","floor":14},{"not_picked":["Fiend Fire","Corruption"],"picked":"Berserk","floor":16},{"not_picked":["Spot Weakness","Sword Boomerang+1","Shrug It Off+1"],"picked":"SKIP","floor":18},{"not_picked":["Whirlwind","Havoc"],"picked":"Fire Breathing","floor":21},{"not_picked":["Perfected Strike","Blood for Blood"],"picked":"Evolve","floor":22}],"player_experience":117979,"relics_obtained":[{"floor":7,"key":"Whetstone"},{"floor":9,"key":"PreservedInsect"},{"floor":10,"key":"Pantograph"},{"floor":12,"key":"Potion Belt"},{"floor":14,"key":"Kunai"}],"event_choices":[{"damage_healed":0,"gold_gain":0,"player_choice":"Entered Light","damage_taken":16,"max_hp_gain":0,"max_hp_loss":0,"event_name":"Shining Light","floor":5,"gold_loss":0,"cards_upgraded":["Metallicize","Strike_R"]},{"damage_healed":0,"gold_gain":0,"player_choice":"Stole Relic","damage_taken":0,"relics_obtained":["Ornamental Fan"],"max_hp_gain":0,"max_hp_loss":0,"event_name":"Addict","floor":19,"gold_loss":0,"cards_obtained":["Shame"]}],"is_beta":false,"boss_relics":[{"not_picked":["Velvet Choker","Philosopher\u0027s Stone"],"picked":"Astrolabe"}],"items_purged_floors":[],"is_endless":false,"potions_floor_spawned":[1,3,4,22],"killed_by":"Gremlin Leader","ascension_level":3}}