{"host":"nukjzc0ca34w6eem","time":1608248769,"event":{"mods":["2.2 Compatiblity","AchievementEnabler","BaseMod","Colored Powertips","Downfall","Minty Spire (QoL Compilation)","StSLib"],"gold_per_floor":[99,99,99,126,126,126,152,152,152,179,198,198,212,85,95,198,198,198,218,318,349,368,69,69,69,97,97,89,224,224,224,289,402,402,402,457,520,445,463,212,239,239,265,302,352,352,402,52,76,76],"floor_reached":51,"playtime":5614,"items_purged":["hexamod:Strike","hexamod:Defend","hexamod:Strike","hexamod:Defend","hexamod:Sear"],"score":956,"play_id":"0aea1dd5-e050-4646-90d9-c48a901d3b4e","local_time":"20201217154609","is_ascension_mode":true,"campfire_choices":[{"data":"hexamod:Float","floor":1.0,"key":"SMITH"},{"floor":9.0,"key":"REST"},{"data":"hexamod:TimeOfNeed","floor":18.0,"key":"SMITH"},{"data":"hexamod:Rewind","floor":25.0,"key":"SMITH"},{"data":"hexamod:Haunt","floor":27.0,"key":"SMITH"},{"floor":35.0,"key":"RECALL"},{"data":"hexamod:GiftsFromTheDead","floor":38.0,"key":"SMITH"},{"data":"hexamod:TimeOfNeed","floor":42.0,"key":"SMITH"}],"circlet_count":0,"master_deck":["hexamod:Float+1","hexamod:GhostLash","hexamod:FlamesFromBeyond","hexamod:TimeOfNeed+1","hexamod:Rewind+1","hexamod:ShieldOfDarkness","hexamod:Haunt+1","hexamod:PowerFromBeyond","hexamod:ThermalTransfer","hexamod:ParanormalForm","hexamod:AdvancingGuard+1","hexamod:PowerFromBeyond","hexamod:SpectralSpark+1","hexamod:StepThrough","hexamod:GiftsFromTheDead+1","hexamod:TimeOfNeed+1","hexamod:SkipABeat+1","hexamod:SoulSteal+1","hexamod:FastForward+1","hexamod:RecurringNightmare+1","hexamod:GhostShield+1","hexamod:CatchUp+1","hexamod:RecurringNightmare+1"],"relics":["hexamod:SpiritBrand","downfall:HeartsMalice","downfall:ShatteredFragment","Bag of Marbles","Dead Branch","Omamori","Question Card","Matryoshka","Busted Crown","StoneCalendar","Kunai","MealTicket","Vajra","Smiling Mask","Calipers","TungstenRod","Lantern","downfall:KnowingSkull","Astrolabe","downfall:HeartBlessingRed","Lee\u0027s Waffle","War Paint","hexamod:MatchstickCase","Centennial Puzzle","Gambling Chip","Potion Belt","Cauldron","hexamod:TheBrokenSeal"],"acts_visited":["Exordium","TheCity","TheBeyond"],"potions_floor_usage":[50,50,50,50,50],"damage_taken":[{"damage":0.0,"enemies":"Jaw Worm","floor":3.0,"turns":1.0},{"damage":0.0,"enemies":"3 Sentries","floor":4.0,"turns":1.0},{"damage":0.0,"enemies":"2 Louse","floor":5.0,"turns":1.0},{"damage":19.0,"enemies":"Lagavulin","floor":10.0,"turns":4.0},{"damage":10.0,"enemies":"Small Slimes","floor":11.0,"turns":3.0},{"damage":10.0,"enemies":"Blue Slaver","floor":13.0,"turns":3.0},{"damage":0.0,"enemies":"downfall:FleeingMerchant","floor":14.0,"turns":4.0},{"damage":8.0,"enemies":"3 Louse","floor":15.0,"turns":2.0},{"damage":12.0,"enemies":"downfall:Ironclad","floor":16.0,"turns":5.0},{"damage":0.0,"enemies":"3 Byrds","floor":19.0,"turns":4.0},{"damage":0.0,"enemies":"downfall:Watcher","floor":20.0,"turns":4.0},{"damage":10.0,"enemies":"Slavers","floor":21.0,"turns":4.0},{"damage":8.0,"enemies":"Shell Parasite","floor":22.0,"turns":3.0},{"damage":0.0,"enemies":"downfall:FleeingMerchant","floor":23.0,"turns":4.0},{"damage":20.0,"enemies":"Book of Stabbing","floor":26.0,"turns":3.0},{"damage":5.0,"enemies":"downfall:FleeingMerchant","floor":29.0,"turns":3.0},{"damage":2.0,"enemies":"Shelled Parasite and Fungi","floor":32.0,"turns":2.0},{"damage":11.0,"enemies":"downfall:Defect","floor":33.0,"turns":5.0},{"damage":21.0,"enemies":"3 Darklings","floor":36.0,"turns":3.0},{"damage":2.0,"enemies":"3 Shapes","floor":37.0,"turns":2.0},{"damage":8.0,"enemies":"Writhing Mass","floor":39.0,"turns":5.0},{"damage":35.0,"enemies":"3 Darklings","floor":43.0,"turns":3.0},{"damage":4.0,"enemies":"Giant Head","floor":44.0,"turns":5.0},{"damage":10.0,"enemies":"Mind Bloom Boss Battle","floor":45.0,"turns":4.0},{"damage":6.0,"enemies":"Jaw Worm Horde","floor":47.0,"turns":3.0},{"damage":4,"enemies":"4 Shapes","floor":49,"turns":5},{"damage":18,"enemies":"downfall:Watcher","floor":50,"turns":3}],"seed_played":"6864469894783270704","potions_obtained":[{"floor":4.0,"key":"Strength Potion"},{"floor":13.0,"key":"Slimebound:ThreeZeroPotion"},{"floor":15.0,"key":"SteroidPotion"},{"floor":19.0,"key":"LiquidMemories"},{"floor":26.0,"key":"Dexterity Potion"},{"floor":33.0,"key":"champ:CounterPotion"},{"floor":36.0,"key":"DistilledChaos"},{"floor":39.0,"key":"Energy Potion"},{"floor":43.0,"key":"Dexterity Potion"},{"floor":44.0,"key":"hexamod:DoubleChargePotion"},{"floor":47,"key":"PowerPotion"},{"floor":48,"key":"hexamod:EctoCoolerPotion"},{"floor":48,"key":"LiquidMemories"},{"floor":48,"key":"Block Potion"},{"floor":48,"key":"Dexterity Potion"}],"is_trial":false,"path_per_floor":["R","?","M","E","M","?","T","?","R","E","M","?","M","$","M","B",null,"R","M","?","E","M","$","T","R","E","R","?","$","?","?","M","B",null,"R","M","M","R","M","$","T","R","M","E","?","?","M","$","M","B",null],"character_chosen":"THE_SPIRIT","items_purchased":["hexamod:PowerFromBeyond","Vajra","hexamod:StepThrough","Lantern","hexamod:GhostShield","Lee\u0027s Waffle","Potion Belt","Cauldron"],"campfire_rested":1,"item_purchase_floors":[14,23,23,29,40,40,48,48],"current_hp_per_floor":[70,49,49,49,49,42,42,42,63,51,48,48,45,52,44,39,70,70,70,70,67,66,70,70,70,57,57,57,70,70,64,69,65,70,70,56,54,54,53,77,77,77,42,45,42,42,43,58,87,69],"gold":76,"neow_bonus":"THREE_ENEMY_KILL","is_daily":false,"chose_seed":false,"campfire_upgraded":6,"win_rate":0.0,"timestamp":1608248769,"path_taken":["R","?","M","E","M","?","T","?","R","E","M","?","?","$","M","BOSS","R","M","?","E","M","$","T","R","E","R","?","$","?","?","M","BOSS","R","M","M","R","M","$","T","R","M","E","?","?","M","$","M","BOSS"],"items_purchased_type":["Card","Relic","Card","Relic","Card","Relic","Relic","Relic"],"build_version":"2020-12-13","purchased_purges":5,"victory":true,"max_hp_per_floor":[70,70,70,70,70,70,70,70,70,70,70,70,70,70,70,70,70,70,70,70,70,70,70,70,70,70,70,70,70,70,70,70,70,70,70,70,70,70,70,77,77,77,77,77,77,77,77,77,87,87],"card_choices":[{"not_picked":["hexamod:Rewind","hexamod:SpectralAdrenaline"],"picked":"hexamod:FirstSeal","floor":3.0},{"not_picked":["hexamod:SwordOfDarkness","hexamod:PhantomCloak"],"picked":"hexamod:GhostLash","floor":4.0},{"not_picked":["hexamod:Again","hexamod:SkipABeat"],"picked":"hexamod:FlamesFromBeyond","floor":5.0},{"not_picked":["hexamod:HauntingEcho","hexamod:GhostLash"],"picked":"hexamod:TimeOfNeed","floor":10.0},{"not_picked":["hexamod:GhostOfSpirePast","hexamod:AdvancingGuard","hexamod:NightmareStrike"],"picked":"hexamod:Rewind","floor":11.0},{"not_picked":["hexamod:InspiringFlames","hexamod:BacktrackSmack","hexamod:FastForward"],"picked":"hexamod:ShieldOfDarkness","floor":13.0},{"not_picked":["hexamod:SearingWound","hexamod:GhostOfSpirePresent","hexamod:NightmareStrike"],"picked":"hexamod:Haunt","floor":14.0},{"not_picked":["hexamod:ShieldOfDarkness","hexamod:SwordOfDarkness","hexamod:RainOfEmbers"],"picked":"hexamod:ThermalTransfer","floor":15.0},{"not_picked":["hexamod:CrushingStance","hexamod:TurnItUp","hexamod:UnlimitedPower"],"picked":"hexamod:ParanormalForm","floor":16.0},{"not_picked":["hexamod:AdvancingGuard","hexamod:ThermalTransfer"],"picked":"SKIP","floor":19.0},{"not_picked":["hexamod:ThermalTransfer"],"picked":"hexamod:AdvancingGuard","floor":19.0},{"not_picked":["hexamod:RainOfEmbers"],"picked":"hexamod:PowerFromBeyond","floor":20.0},{"not_picked":["hexamod:RainOfEmbers","hexamod:Firestarter"],"picked":"SKIP","floor":21.0},{"not_picked":["hexamod:BacktrackSmack+1"],"picked":"hexamod:SpectralSpark","floor":22.0},{"not_picked":["hexamod:SwordOfDarkness+1"],"picked":"hexamod:ThirdSeal","floor":23.0},{"not_picked":["hexamod:NightmareStrike+1"],"picked":"hexamod:FourthSeal","floor":26.0},{"not_picked":["hexamod:TurnItUp","hexamod:ThermalTransfer"],"picked":"SKIP","floor":26.0},{"not_picked":["hexamod:AdvancingGuard","hexamod:Firestarter"],"picked":"SKIP","floor":32.0},{"not_picked":["hexamod:Toasty"],"picked":"hexamod:GiftsFromTheDead","floor":33.0},{"not_picked":["hexamod:GiftsFromTheDead"],"picked":"hexamod:TimeOfNeed","floor":33.0},{"not_picked":["hexamod:RadiantFlame"],"picked":"hexamod:FastForward+1","floor":36.0},{"not_picked":["hexamod:FourthSeal","hexamod:FirstSeal"],"picked":"SKIP","floor":36.0},{"not_picked":["hexamod:ThermalTransfer+1","hexamod:FastForward"],"picked":"SKIP","floor":37.0},{"not_picked":["hexamod:FlamesFromBeyond"],"picked":"hexamod:RecurringNightmare+1","floor":39.0},{"not_picked":["hexamod:ThirdSeal","hexamod:FourthSeal"],"picked":"SKIP","floor":39.0},{"not_picked":["hexamod:FourthSeal","hexamod:AdvancingGuard+1"],"picked":"SKIP","floor":39.0},{"not_picked":["hexamod:HauntingEcho+1","hexamod:GhostOfSpirePresent+1"],"picked":"SKIP","floor":43.0},{"not_picked":["hexamod:ThirdSeal","hexamod:FourthSeal"],"picked":"SKIP","floor":44.0},{"not_picked":["hexamod:HeatShield","hexamod:BurningTouch+1"],"picked":"SKIP","floor":44.0},{"not_picked":["hexamod:SecondSeal"],"picked":"hexamod:SixthSeal","floor":45.0},{"not_picked":["hexamod:NightmareStrike+1"],"picked":"hexamod:CatchUp+1","floor":45.0},{"not_picked":["hexamod:GhostShield+1","hexamod:NightmareStrike+1"],"picked":"SKIP","floor":47},{"not_picked":["hexamod:FourthSeal","hexamod:SixthSeal"],"picked":"SKIP","floor":49},{"not_picked":["hexamod:BacktrackSmack","hexamod:Firestarter"],"picked":"SKIP","floor":49}],"player_experience":430516,"relics_obtained":[{"floor":4.0,"key":"Bag of Marbles"},{"floor":7.0,"key":"Omamori"},{"floor":10.0,"key":"Question Card"},{"floor":20.0,"key":"StoneCalendar"},{"floor":20.0,"key":"Kunai"},{"floor":21.0,"key":"MealTicket"},{"floor":24.0,"key":"Smiling Mask"},{"floor":24.0,"key":"Calipers"},{"floor":26.0,"key":"TungstenRod"},{"floor":41.0,"key":"War Paint"},{"floor":41.0,"key":"hexamod:MatchstickCase"},{"floor":44.0,"key":"Centennial Puzzle"},{"floor":45.0,"key":"Gambling Chip"}],"event_choices":[{"damage_healed":0.0,"max_hp_gain":0.0,"max_hp_loss":0.0,"gold_gain":0.0,"event_name":"Scrap Ooze","player_choice":"Success","floor":6.0,"gold_loss":0.0,"damage_taken":7.0,"relics_obtained":["Dead Branch"]},{"cards_removed":["hexamod:Strike"],"damage_healed":0.0,"max_hp_gain":0.0,"max_hp_loss":0.0,"gold_gain":0.0,"event_name":"The Cleric","player_choice":"Card Removal","floor":8.0,"gold_loss":0.0,"damage_taken":0.0},{"damage_healed":0.0,"max_hp_gain":0.0,"max_hp_loss":0.0,"gold_gain":0.0,"event_name":"Big Fish","player_choice":"Box","floor":12.0,"gold_loss":0.0,"damage_taken":0.0,"relics_obtained":["Matryoshka"],"cards_obtained":["Regret"]},{"damage_healed":0.0,"max_hp_gain":0.0,"max_hp_loss":0.0,"gold_gain":0.0,"event_name":"Duplicator","player_choice":"Copied","floor":46.0,"gold_loss":0.0,"damage_taken":0.0,"cards_obtained":["hexamod:RecurringNightmare"]}],"is_beta":false,"boss_relics":[{"not_picked":["Calling Bell","Tiny House"],"picked":"Busted Crown"},{"not_picked":["Sozu","Velvet Choker"],"picked":"Astrolabe"}],"items_purged_floors":[14,23,29,40,48],"is_endless":false,"potions_floor_spawned":[4,13,15,19,26,36,43,44,49],"ascension_level":3}}