{"host":"gzk4gkgy3zij1c51","time":1608206095,"event":{"mods":["BaseMod","Colored Map","Downfall","Highlight Path","Minty Spire (QoL Compilation)","Relic Stats","StSLib","everything is the same but u backflip on backflip"],"gold_per_floor":[349,363,396,415,340,352,423,453,470,470,488,1,19,19,29,131,131,131,150,160,170,170,196,196,213,138,163,183,183,183],"floor_reached":29,"playtime":2988,"items_purged":["Doubt"],"score":332,"play_id":"8d1f843e-b213-408b-9fb3-d889ceaa1ae0","local_time":"20201217115455","is_ascension_mode":true,"campfire_choices":[{"floor":1,"key":"RECALL"},{"data":"champ:Balance","floor":5,"key":"SMITH"},{"floor":10,"key":"REST"},{"data":"champ:DancingMaster","floor":18,"key":"SMITH"},{"data":"champ:DefensiveStyle","floor":22,"key":"SMITH"},{"data":"champ:DefensiveStyle","floor":26,"key":"SMITH"}],"circlet_count":0,"master_deck":["champ:Strike","champ:Strike","champ:Strike","champ:Defend","champ:Defend","champ:Defend","champ:Defend","champ:Execute","champ:Taunt","champ:BladeFlurry","champ:Balance+1","champ:BringItOn","champ:EndlessRage","champ:GutPunch","champ:SkillfulDodge","champ:FanOfKnives","champ:DefensiveStyle+1","champ:ShieldSigil","champ:Circumvent","champ:TornadoPunch","champ:Balance","champ:DefensiveStyle+1","champ:DancingMaster+1","CurseOfTheBell","champ:FalseCounter+1","champ:Aggression+1","champ:EndlessRage+1","champ:ShieldWall+1","champ:ShieldSigil+1","champ:GutPunch","champ:EnragedBash+1"],"relics":["champ:ChampionCrown","Centennial Puzzle","downfall:HeartBlessingRed","Mummified Hand","Shuriken","Prayer Wheel","Calling Bell","champ:FightingForDummies","Singing Bowl","Calipers","Strawberry","downfall:HeartBlessingBlue","Dream Catcher"],"acts_visited":["Exordium","TheCity"],"potions_floor_usage":[3,16,16,16,19,20,27,27,27],"damage_taken":[{"damage":13,"enemies":"Cultist","floor":2,"turns":4},{"damage":50,"enemies":"3 Sentries","floor":3,"turns":13},{"damage":21,"enemies":"Jaw Worm","floor":4,"turns":4},{"damage":0,"enemies":"2 Louse","floor":6,"turns":2},{"damage":27,"enemies":"Lagavulin","floor":8,"turns":7},{"damage":10,"enemies":"Large Slime","floor":9,"turns":6},{"damage":10,"enemies":"Exordium Thugs","floor":11,"turns":4},{"damage":3,"enemies":"downfall:FleeingMerchant","floor":12,"turns":4},{"damage":0,"enemies":"Red Slaver","floor":13,"turns":3},{"damage":0,"enemies":"Blue Slaver","floor":15,"turns":2},{"damage":41,"enemies":"downfall:Watcher","floor":16,"turns":7},{"damage":6,"enemies":"3 Byrds","floor":19,"turns":5},{"damage":31,"enemies":"Centurion and Healer","floor":20,"turns":8},{"damage":23,"enemies":"Snake Plant","floor":21,"turns":3},{"damage":18,"enemies":"Slavers","floor":23,"turns":6},{"damage":13,"enemies":"Sentry and Sphere","floor":25,"turns":4},{"damage":88,"enemies":"Gremlin Leader","floor":27,"turns":14},{"damage":17,"enemies":"Centurion and Healer","floor":28,"turns":7},{"damage":31,"enemies":"Cultist and Chosen","floor":29,"turns":4}],"seed_played":"130324085508523151","potions_obtained":[{"floor":2,"key":"BlessingOfTheForge"},{"floor":4,"key":"champ:TechniquePotion"},{"floor":9,"key":"SteroidPotion"},{"floor":13,"key":"Swift Potion"},{"floor":15,"key":"SkillPotion"},{"floor":19,"key":"EntropicBrew"},{"floor":23,"key":"Explosive Potion"},{"floor":27,"key":"SpeedPotion"}],"is_trial":false,"path_per_floor":["R","M","E","M","R","M","T","E","M","R","M","$","M","?","M","B",null,"R","M","M","M","R","E","T","M","R","E","M","M"],"character_chosen":"THE_CHAMP","items_purchased":["Prayer Wheel","champ:DefensiveStyle","champ:ShieldSigil"],"campfire_rested":1,"item_purchase_floors":[12,12,12],"current_hp_per_floor":[90,87,47,34,34,34,34,11,8,35,30,30,30,30,30,9,90,90,92,79,68,68,90,90,88,98,29,28,0,0],"gold":183,"neow_bonus":"TWO_FIFTY_GOLD","is_daily":false,"chose_seed":false,"campfire_upgraded":4,"win_rate":0.0,"timestamp":1608206095,"path_taken":["R","M","E","M","R","M","T","E","M","R","M","$","M","?","M","BOSS","R","M","M","M","R","E","T","M","R","E","M","M"],"items_purchased_type":["Relic","Card","Card"],"build_version":"2020-12-13","purchased_purges":1,"victory":false,"max_hp_per_floor":[90,90,90,90,90,90,90,90,90,90,90,90,90,90,90,90,90,90,92,94,96,96,103,103,105,115,115,117,117,117],"relic_stats":{"Centennial Puzzle":[42],"Dream Catcher":0,"Singing Bowl":10,"counters":[19,107],"Mummified Hand":[46],"Shuriken":[7],"Prayer Wheel":7,"obtain_stats":[{"Calipers":17,"downfall:HeartBlessingRed":5,"Singing Bowl":17,"champ:ChampionCrown":0,"Calling Bell":17,"Centennial Puzzle":3,"Dream Catcher":27,"Mummified Hand":7,"Shuriken":8,"downfall:HeartBlessingBlue":26,"Strawberry":23,"Prayer Wheel":12,"champ:FightingForDummies":17},{"Calipers":11,"downfall:HeartBlessingRed":3,"Singing Bowl":11,"champ:ChampionCrown":0,"Calling Bell":11,"Centennial Puzzle":2,"Dream Catcher":17,"Mummified Hand":4,"Shuriken":5,"downfall:HeartBlessingBlue":16,"Strawberry":15,"Prayer Wheel":8,"champ:FightingForDummies":11},{"Calipers":56,"downfall:HeartBlessingRed":21,"Singing Bowl":56,"champ:ChampionCrown":0,"Calling Bell":56,"Centennial Puzzle":17,"Dream Catcher":96,"Mummified Hand":23,"Shuriken":30,"downfall:HeartBlessingBlue":82,"Strawberry":78,"Prayer Wheel":44,"champ:FightingForDummies":56}]},"card_choices":[{"not_picked":["champ:StanceDance","champ:Circumvent"],"picked":"champ:BladeFlurry","floor":2},{"not_picked":["champ:ShieldThrow","champ:Encircle"],"picked":"champ:Balance","floor":3},{"not_picked":["champ:EndlessRage","champ:FlashCut"],"picked":"champ:BringItOn","floor":4},{"not_picked":["champ:FightOn","champ:AdrenalArmor"],"picked":"champ:EndlessRage","floor":6},{"not_picked":["champ:RisingSlash","champ:ArenaPreparation"],"picked":"champ:GutPunch","floor":8},{"not_picked":["champ:BerserkerStyle","champ:Backstep"],"picked":"champ:SkillfulDodge","floor":9},{"not_picked":["champ:Aggression","champ:CrookedStrike"],"picked":"champ:FanOfKnives","floor":11},{"not_picked":["champ:HeartStrike","champ:FanOfKnives","champ:BerserkersShout"],"picked":"SKIP","floor":12},{"not_picked":["champ:BringItOn","champ:HeartStrike"],"picked":"champ:Circumvent","floor":13},{"not_picked":["champ:FaceSlap","champ:Control"],"picked":"champ:TornadoPunch","floor":13},{"not_picked":["champ:FocusedBerserking","champ:AdrenalArmor"],"picked":"champ:DefensiveStyle","floor":15},{"not_picked":["champ:RageSigil","champ:HeartStrike","champ:Backstep"],"picked":"SKIP","floor":15},{"not_picked":["champ:EnchantCrown","champ:MurderStrike"],"picked":"champ:DancingMaster","floor":16},{"not_picked":["champ:BringItOn","champ:GladiatorsShout","champ:EnGarde+1"],"picked":"Singing Bowl","floor":19},{"not_picked":["champ:SwordSigil","champ:Encircle+1"],"picked":"champ:FalseCounter+1","floor":19},{"not_picked":["champ:TornadoPunch","champ:FalseCounter+1","champ:Backstep"],"picked":"Singing Bowl","floor":20},{"not_picked":["champ:BerserkersShout","champ:BladeFlurry"],"picked":"champ:Aggression+1","floor":20},{"not_picked":["champ:BringItOn","champ:CrookedStrike","champ:Riposte+1"],"picked":"Singing Bowl","floor":21},{"not_picked":["champ:Haymaker","champ:SwordSigil+1"],"picked":"champ:EndlessRage+1","floor":21},{"not_picked":["champ:SteelEdge","champ:SkillfulDodge"],"picked":"champ:ShieldWall+1","floor":23},{"not_picked":["champ:Encircle","champ:FocusedGladiator","champ:EndlessRage"],"picked":"Singing Bowl","floor":25},{"not_picked":["champ:Aggression","champ:FalseCounter"],"picked":"champ:ShieldSigil+1","floor":25},{"not_picked":["champ:DefensiveShout+1","champ:FanOfKnives"],"picked":"champ:GutPunch","floor":27},{"not_picked":["champ:Shatter","champ:Encircle"],"picked":"champ:EnragedBash+1","floor":28},{"not_picked":["champ:AdrenalArmor+1","champ:BringItOn","champ:RecklessLeap+1"],"picked":"Singing Bowl","floor":28}],"player_experience":935091,"relics_obtained":[{"floor":3,"key":"Centennial Puzzle"},{"floor":7,"key":"Mummified Hand"},{"floor":8,"key":"Shuriken"},{"floor":17,"key":"champ:FightingForDummies"},{"floor":17,"key":"Singing Bowl"},{"floor":17,"key":"Calipers"},{"floor":23,"key":"Strawberry"},{"floor":27,"key":"Dream Catcher"}],"event_choices":[{"damage_healed":0,"gold_gain":0,"cards_transformed":["champ:Strike"],"player_choice":"Transformed","damage_taken":0,"max_hp_gain":0,"max_hp_loss":0,"event_name":"Transmorgrifier","floor":14,"gold_loss":0,"cards_obtained":["champ:Balance"]}],"is_beta":false,"boss_relics":[{"not_picked":["Fusion Hammer","expansioncontent:StudyCardRelic"],"picked":"Calling Bell"}],"items_purged_floors":[12],"is_endless":false,"potions_floor_spawned":[2,4,9,13,15,19,23,27],"killed_by":"Cultist and Chosen","ascension_level":2}}