{"host":"b94931fzay7ri6da","time":1608191661,"event":{"mods":["AchievementEnabler","BaseMod","Colored Map","Colored Powertips","Downfall","Minty Spire (QoL Compilation)","Quick Restart","StSLib","SuperFastMode"],"gold_per_floor":[116,116,116,131,131,131,151,131,131,169,169,187,203,217,217,341,341,341,266,266,266,266,266,266],"floor_reached":23,"playtime":1096,"items_purged":[],"score":203,"play_id":"9f1575ac-1f2f-402c-bf90-ad619c0e6ded","local_time":"20201217075421","is_ascension_mode":true,"campfire_choices":[{"data":"Fasting2","floor":6,"key":"SMITH"},{"floor":11,"key":"REST"},{"data":"Eruption","floor":15,"key":"SMITH"}],"circlet_count":0,"master_deck":["Strike_P","Strike_P","Strike_P","Strike_P","Defend_P","Defend_P","Defend_P","Eruption+1","Vigilance","Dark Shackles","Consecrate","Sanctity","Fasting2+1","Wireheading","EmptyBody","EmptyBody","WindmillStrike","CutThroughFate","Ragnarok","ThirdEye","JustLucky","Perseverance"],"relics":["PureWater","Golden Idol","Yang","Eternal Feather","Smiling Mask","Ectoplasm"],"acts_visited":["Exordium","TheCity"],"potions_floor_usage":[16,23],"damage_taken":[{"damage":10,"enemies":"Small Slimes","floor":1,"turns":5},{"damage":4,"enemies":"2 Louse","floor":4,"turns":3},{"damage":0,"enemies":"Jaw Worm","floor":7,"turns":4},{"damage":17,"enemies":"Lagavulin","floor":10,"turns":8},{"damage":1,"enemies":"Looter","floor":12,"turns":3},{"damage":0,"enemies":"Lots of Slimes","floor":13,"turns":1},{"damage":6,"enemies":"2 Fungi Beasts","floor":14,"turns":4},{"damage":29,"enemies":"The Guardian","floor":16,"turns":11},{"damage":22,"enemies":"Spheric Guardian","floor":18,"turns":4},{"damage":9,"enemies":"2 Thieves","floor":19,"turns":4},{"damage":0,"enemies":"3 Cultists","floor":22,"turns":4},{"damage":45,"enemies":"Slavers","floor":23,"turns":3}],"seed_played":"1807973097113198885","potions_obtained":[{"floor":1,"key":"GamblersBrew"},{"floor":4,"key":"hexamod:EctoCoolerPotion"},{"floor":8,"key":"SmokeBomb"},{"floor":12,"key":"Block Potion"},{"floor":18,"key":"Block Potion"},{"floor":21,"key":"DuplicationPotion"},{"floor":21,"key":"SkillPotion"},{"floor":21,"key":"Slimebound:ThreeZeroPotion"}],"is_trial":false,"path_per_floor":["M","?","?","M","?","R","M","?","T","E","R","M","M","M","R","B",null,"M","M","?","?","M","E"],"character_chosen":"WATCHER","items_purchased":[],"campfire_rested":1,"item_purchase_floors":[],"current_hp_per_floor":[62,62,44,40,33,33,33,33,33,16,46,45,45,39,48,19,72,50,41,41,41,41,0,0],"gold":266,"neow_bonus":"RANDOM_COLORLESS","is_daily":false,"chose_seed":false,"campfire_upgraded":2,"win_rate":0.0,"timestamp":1608191661,"path_taken":["M","?","?","M","?","R","?","?","T","E","R","M","M","M","R","BOSS","M","?","?","?","M","E"],"items_purchased_type":[],"build_version":"2020-12-13","purchased_purges":0,"victory":false,"max_hp_per_floor":[72,72,72,72,72,72,72,72,72,72,72,72,72,72,72,72,72,72,72,72,72,72,72,72],"card_choices":[{"not_picked":["expansioncontent:FaceSlap","Purity"],"picked":"Dark Shackles","floor":0},{"not_picked":["BowlingBash","CrushJoints"],"picked":"Consecrate","floor":1},{"not_picked":["Halt","Adaptation"],"picked":"Fasting2","floor":4},{"not_picked":["Indignation","CutThroughFate"],"picked":"Wireheading","floor":7},{"not_picked":["Nirvana","MasterReality"],"picked":"EmptyBody","floor":10},{"not_picked":["Swivel","ThirdEye"],"picked":"EmptyBody","floor":12},{"not_picked":["BattleHymn","Halt"],"picked":"WindmillStrike","floor":13},{"not_picked":["ClearTheMind","EmptyMind"],"picked":"CutThroughFate","floor":14},{"not_picked":["Blasphemy","Omniscience"],"picked":"Ragnarok","floor":16},{"not_picked":["ClearTheMind","SignatureMove"],"picked":"ThirdEye","floor":18},{"not_picked":["Protect","CrushJoints"],"picked":"JustLucky","floor":19},{"not_picked":["Wireheading","CrushJoints+1"],"picked":"Perseverance","floor":22}],"player_experience":311859,"relics_obtained":[{"floor":9,"key":"Eternal Feather"},{"floor":10,"key":"Smiling Mask"}],"event_choices":[{"damage_healed":0,"gold_gain":0,"cards_transformed":["Defend_P"],"player_choice":"Change","damage_taken":0,"max_hp_gain":0,"max_hp_loss":0,"event_name":"Living Wall","floor":2,"gold_loss":0,"cards_obtained":["Sanctity"]},{"damage_healed":0,"gold_gain":0,"player_choice":"Take Damage","damage_taken":18,"relics_obtained":["Golden Idol"],"max_hp_gain":0,"max_hp_loss":0,"event_name":"Golden Idol","floor":3,"gold_loss":0},{"damage_healed":0,"gold_gain":0,"player_choice":"Success","damage_taken":7,"relics_obtained":["Yang"],"max_hp_gain":0,"max_hp_loss":0,"event_name":"Scrap Ooze","floor":5,"gold_loss":0},{"damage_healed":0,"gold_gain":0,"player_choice":"Bought 1 Potion","damage_taken":0,"max_hp_gain":0,"max_hp_loss":0,"event_name":"The Woman in Blue","floor":8,"gold_loss":0},{"damage_healed":0,"gold_gain":0,"player_choice":"Ignored","damage_taken":0,"max_hp_gain":0,"max_hp_loss":0,"event_name":"Beggar","floor":20,"gold_loss":0},{"damage_healed":0,"gold_gain":0,"player_choice":"Got Potions","damage_taken":0,"max_hp_gain":0,"max_hp_loss":0,"event_name":"Lab","floor":21,"gold_loss":0}],"is_beta":false,"boss_relics":[{"not_picked":["Runic Pyramid","Empty Cage"],"picked":"Ectoplasm"}],"items_purged_floors":[],"is_endless":false,"potions_floor_spawned":[1,4,12,18,19],"killed_by":"Slavers","ascension_level":1}}