{"host":"iv8gkcqs5ryn8eyc","time":1608240890,"event":{"mods":["BaseMod","Colored Map","Colored Powertips","Minty Spire (QoL Compilation)","Replay The Spire","Shade Mod","Spire Birthday Party","StSLib","The Blackbeard","The Blue Laboratory","The Runesmith","The Servant 0.9.4","The Wild Card","TheVacant"],"gold_per_floor":[210,223,223,323,347,387,402,402,402,402,438,462,481,502,502,625,625,646,664,579,471,492,492,508,508,533,553,553,584,607,641,641,791,791,824,433,459,509,509,509,573,583,583,652,652,680,723,88,88,113,113,113],"floor_reached":50,"playtime":2815,"items_purged":["blackbeard:BlackbeardDefend","blackbeard:BlackbeardDefend","blackbeard:BlackbeardStrike"],"score":664,"play_id":"8f05fdcc-be22-45a5-877a-5b1e42ecd520","local_time":"20201217163450","is_ascension_mode":true,"campfire_choices":[{"floor":8,"key":"REST"},{"floor":10,"key":"REST"},{"floor":15,"key":"REST"},{"floor":23,"key":"REST"},{"floor":32,"key":"REST"},{"floor":40,"key":"REST"},{"floor":49,"key":"REST"}],"circlet_count":0,"master_deck":["blackbeard:BlackbeardStrike","blackbeard:IntimidatingStrike","blackbeard:Cutlass","blackbeard:InfiniteBarrage","blackbeard:FieryDefense","blackbeard:Shrapnel","blackbeard:PirateEarring","blackbeard:Sword","blackbeard:Toast","blackbeard:Fencing","blackbeard:BeatUp","blackbeard:CloakAndCannonball","blackbeard:Intoxication+1","CurseOfTheBell","blackbeard:Fencing+1","blackbeard:Sword","blackbeard:BeatUp+1","blackbeard:Toast","blackbeard:PiratesWill+1","blackbeard:RearmingStrike","blackbeard:PowderKeg","blackbeard:GoldenDefense","blackbeard:Bandana","blackbeard:HumongousCannonball+1","blackbeard:Scrap+1","blackbeard:SwordDance+1","blackbeard:PirateStrength+1","blackbeard:ChaoticDefense+1","blackbeard:GoldenStrike+1","blackbeard:SmithingHammer+1","blackbeard:CannonBarrage+1","blackbeard:CaptainsCabin+1","blackbeard:TacticalRetreat+1","blackbeard:DoubleCannonball+1","blackbeard:CatONineTails"],"relics":["blackbeard:LoadTheCannons","Golden Idol","Lizard Tail","Torii","Calling Bell","Ancient Tea Set","Runesmith:Nanobots","Replay:Multitool","CaptainsWheel","Replay:Rubber Ducky","Iron Hammer","Bronze Scales","Astrolabe","PreservedInsect","Guide Book","Shuriken","Replay:Bottled Flurry","Pet Ghost","Replay:Towering Pillar of Hats"],"acts_visited":["Exordium","TheCity","TheBeyond"],"potions_floor_usage":[14,16,16,19,29,30,33,38,42,47,50,50,50],"damage_taken":[{"damage":1,"enemies":"Cultist","floor":1,"turns":4},{"damage":0,"enemies":"Small Slimes","floor":2,"turns":3},{"damage":0,"enemies":"2 Louse","floor":5,"turns":1},{"damage":20,"enemies":"Lagavulin","floor":6,"turns":8},{"damage":20,"enemies":"Gremlin Gang","floor":7,"turns":5},{"damage":28,"enemies":"3 Sentries","floor":11,"turns":5},{"damage":1,"enemies":"2 Fungi Beasts","floor":12,"turns":4},{"damage":6,"enemies":"Exordium Wildlife","floor":13,"turns":3},{"damage":0,"enemies":"Large Slime","floor":14,"turns":5},{"damage":3,"enemies":"Fading Forest","floor":16,"turns":11},{"damage":32,"enemies":"2 Thieves","floor":18,"turns":4},{"damage":2,"enemies":"Shell Parasite","floor":19,"turns":5},{"damage":1,"enemies":"Snecko","floor":22,"turns":3},{"damage":10,"enemies":"Shelled Parasite and Fungi","floor":24,"turns":5},{"damage":24,"enemies":"Cultist and Chosen","floor":27,"turns":5},{"damage":11,"enemies":"Slavers","floor":29,"turns":4},{"damage":9,"enemies":"Snake Plant","floor":30,"turns":4},{"damage":1,"enemies":"Replay:Snechameleon","floor":31,"turns":6},{"damage":9,"enemies":"Automaton","floor":33,"turns":10},{"damage":9,"enemies":"3 Darklings","floor":35,"turns":4},{"damage":0,"enemies":"3 Shapes","floor":37,"turns":3},{"damage":9,"enemies":"Spire Growth","floor":38,"turns":5},{"damage":41,"enemies":"Reptomancer","floor":41,"turns":5},{"damage":6,"enemies":"Transient","floor":42,"turns":2},{"damage":27,"enemies":"Giant Head","floor":44,"turns":6},{"damage":13,"enemies":"Sphere and 2 Shapes","floor":46,"turns":6},{"damage":23,"enemies":"Maw","floor":47,"turns":8},{"damage":52,"enemies":"Donu and Deca","floor":50,"turns":6}],"seed_played":"-4115557750820556422","potions_obtained":[{"floor":1,"key":"GamblersBrew"},{"floor":11,"key":"blueLaboratory:AbyssPotion"},{"floor":12,"key":"Dexterity Potion"},{"floor":13,"key":"ColorlessPotion"},{"floor":14,"key":"Languid Potion"},{"floor":18,"key":"SpeedPotion"},{"floor":22,"key":"blueLaboratory:HorrorPotion"},{"floor":29,"key":"LifebloodPotion"},{"floor":31,"key":"blueLaboratory:FrostheartPotion"},{"floor":35,"key":"blueLaboratory:BottledHope"},{"floor":37,"key":"blueLaboratory:NullPotion"},{"floor":38,"key":"SmokeBomb"},{"floor":46,"key":"blueLaboratory:StoneskinPotion"}],"is_trial":false,"path_per_floor":["M","M","?","?","M","E","M","R","T","R","E","M","M","M","R","B",null,"M","M","?","$","M","R","M","?","T","M","R","E","M","E","R","B",null,"M","$","M","M","?","R","E","M","T","E","?","M","M","$","R","B"],"character_chosen":"BLACKBEARD_CLASS","items_purchased":["blackbeard:BeatUp+1","PreservedInsect","Guide Book","Regen Potion","Weak Potion","blackbeard:CatONineTails","Replay:Towering Pillar of Hats"],"campfire_rested":7,"item_purchase_floors":[21,36,36,48,48,48,48],"current_hp_per_floor":[74,74,56,56,56,36,16,38,38,60,32,31,25,25,47,44,75,43,41,41,41,40,62,52,52,52,28,50,39,30,29,51,42,75,66,66,66,57,57,75,34,28,28,1,1,25,2,2,24,0,0,0],"gold":113,"neow_bonus":"HUNDRED_GOLD","is_daily":false,"chose_seed":false,"campfire_upgraded":0,"win_rate":0.0,"timestamp":1608240890,"path_taken":["M","?","?","?","M","E","M","R","T","R","E","M","?","M","R","BOSS","M","M","?","$","M","R","M","?","T","M","R","E","M","E","R","BOSS","M","$","M","M","?","R","E","M","T","E","?","M","?","$","R","BOSS"],"items_purchased_type":["Card","Relic","Relic","Potion","Potion","Card","Relic"],"build_version":"2020-12-13","purchased_purges":3,"victory":false,"max_hp_per_floor":[75,75,75,75,75,75,75,75,75,75,75,75,75,75,75,75,75,75,75,75,75,75,75,75,75,75,75,75,75,75,75,75,75,75,75,75,75,75,75,75,75,75,75,75,75,75,75,75,75,75,75,75],"card_choices":[{"not_picked":["blackbeard:GhostInTheRum","blackbeard:PiratesWill"],"picked":"blackbeard:InfiniteBarrage","floor":1},{"not_picked":["blackbeard:AgileStrike","blackbeard:CatONineTails"],"picked":"blackbeard:FieryDefense","floor":2},{"not_picked":["blackbeard:Sharpening","blackbeard:GoldenDefense"],"picked":"blackbeard:Shrapnel","floor":5},{"not_picked":["blackbeard:GoldenDefense","blackbeard:Dagger"],"picked":"blackbeard:PirateEarring","floor":6},{"not_picked":["blackbeard:TacticalRetreat","blackbeard:FishingNets"],"picked":"blackbeard:Sword","floor":7},{"not_picked":["blackbeard:Sharpening","blackbeard:Murder"],"picked":"blackbeard:Toast","floor":11},{"not_picked":["blackbeard:FieryDefense","blackbeard:Scrap"],"picked":"blackbeard:Fencing","floor":12},{"not_picked":["blackbeard:Provisioning","blackbeard:AgileStrike"],"picked":"blackbeard:BeatUp","floor":13},{"not_picked":["blackbeard:GoldenStrike","blackbeard:Boarding"],"picked":"blackbeard:CloakAndCannonball","floor":14},{"not_picked":["blackbeard:Murder","blackbeard:MegaUpgrade"],"picked":"blackbeard:Intoxication","floor":16},{"not_picked":["blackbeard:DeadlyArsenal","blackbeard:Scrap"],"picked":"blackbeard:Fencing","floor":18},{"not_picked":["blackbeard:JollyRoger","blackbeard:DelayedPain"],"picked":"blackbeard:Sword","floor":19},{"not_picked":["blackbeard:Dagger","blackbeard:DeadlyArsenal"],"picked":"blackbeard:Toast","floor":22},{"not_picked":["blackbeard:CannonballSupply+1","blackbeard:GhostInTheRum"],"picked":"blackbeard:PiratesWill+1","floor":24},{"not_picked":["blackbeard:WeaponProficiency","blackbeard:WoodenLeg+1"],"picked":"blackbeard:RearmingStrike","floor":27},{"not_picked":["blackbeard:Upgrade","blackbeard:DeadlyArsenal"],"picked":"blackbeard:PowderKeg","floor":29},{"not_picked":["blackbeard:ChaoticDefense","blackbeard:Toast"],"picked":"blackbeard:GoldenDefense","floor":30},{"not_picked":["blackbeard:Scrap","blackbeard:Sword"],"picked":"blackbeard:Bandana","floor":31},{"not_picked":["blackbeard:UndeadForm","blackbeard:BountyHunter"],"picked":"blackbeard:HumongousCannonball","floor":33},{"not_picked":["blackbeard:SwordDance","blackbeard:DangerousBlow+1"],"picked":"blackbeard:ChaoticDefense+1","floor":35},{"not_picked":["blackbeard:FishingNets","blackbeard:Toast+1"],"picked":"blackbeard:GoldenStrike+1","floor":37},{"not_picked":["blackbeard:Fencing","blackbeard:WeaponProficiency+1"],"picked":"blackbeard:SmithingHammer+1","floor":38},{"not_picked":["blackbeard:RearmingStrike+1","blackbeard:HumongousCannonball"],"picked":"blackbeard:CannonBarrage+1","floor":41},{"not_picked":["blackbeard:ReapersScythe","blackbeard:Shrapnel"],"picked":"blackbeard:CaptainsCabin+1","floor":44},{"not_picked":["blackbeard:CloakAndCannonball","blackbeard:Fencing"],"picked":"blackbeard:TacticalRetreat+1","floor":46},{"not_picked":["blackbeard:Spear","blackbeard:BeatUp+1"],"picked":"blackbeard:DoubleCannonball+1","floor":47}],"player_experience":325829,"relics_obtained":[{"floor":6,"key":"Lizard Tail"},{"floor":11,"key":"Torii"},{"floor":17,"key":"Ancient Tea Set"},{"floor":17,"key":"Runesmith:Nanobots"},{"floor":17,"key":"Replay:Multitool"},{"floor":26,"key":"Replay:Rubber Ducky"},{"floor":29,"key":"Iron Hammer"},{"floor":31,"key":"Bronze Scales"},{"floor":41,"key":"Shuriken"},{"floor":43,"key":"Replay:Bottled Flurry"},{"floor":44,"key":"Pet Ghost"}],"event_choices":[{"damage_healed":0,"gold_gain":0,"player_choice":"Take Damage","damage_taken":18,"relics_obtained":["Golden Idol"],"max_hp_gain":0,"max_hp_loss":0,"event_name":"Golden Idol","floor":3,"gold_loss":0},{"damage_healed":0,"gold_gain":100,"player_choice":"Gold","damage_taken":0,"max_hp_gain":0,"max_hp_loss":0,"event_name":"Wheel of Change","floor":4,"gold_loss":0},{"damage_healed":0,"gold_gain":0,"player_choice":"Obtained Relic","damage_taken":0,"relics_obtained":["CaptainsWheel"],"max_hp_gain":0,"max_hp_loss":0,"event_name":"Addict","floor":20,"gold_loss":85},{"cards_removed":["blackbeard:BlackbeardStrike"],"damage_healed":0,"gold_gain":0,"player_choice":"Elegance","damage_taken":0,"max_hp_gain":0,"max_hp_loss":0,"event_name":"Back to Basics","floor":25,"gold_loss":0},{"damage_healed":0,"gold_gain":0,"player_choice":"Ignored","damage_taken":0,"max_hp_gain":0,"max_hp_loss":0,"event_name":"Tomb of Lord Red Mask","floor":39,"gold_loss":0},{"damage_healed":0,"gold_gain":0,"player_choice":"0 cards matched","damage_taken":0,"max_hp_gain":0,"max_hp_loss":0,"event_name":"Match and Keep!","floor":45,"gold_loss":0,"cards_obtained":[]}],"is_beta":false,"boss_relics":[{"not_picked":["SlaversCollar","Empty Cage"],"picked":"Calling Bell"},{"not_picked":["Painkiller Herb","Fusion Hammer"],"picked":"Astrolabe"}],"items_purged_floors":[21,36,48],"is_endless":false,"potions_floor_spawned":[1,11,12,13,14,18,22,29,31,35,37,38,46],"killed_by":"Donu and Deca","ascension_level":2}}