{"host":"l8lm1goh5xm9tkuw","time":1608173245,"event":{"mods":["Act Like it!","Alarm Clock","Astrologer","BaseMod","Colored Map","Colored Powertips","GungeonMod","Hermit","KinomotoSakuraMod(Ä¾Ö®±¾Ó£)","KomeijiMod","Library of Ruina","Library of Ruina Extra","Lobotomy","LobotomyExtend","Marisa£¨ìFÓê¡¡Ä§ÀíÉ³£©","Minty Spire (QoL Compilation)","MostiFishMod","Quick Restart","Replay The Spire","Shade Mod","StSLib","TestMod","The Animator","The Bug Knight","The Hierophant","UnlockEverythingMod","vexMod","¡¾ÒÅÎï¿¨ÅÆ¡¿REMEMod"],"gold_per_floor":[114,129,129,129,129,129,160,178,227,227,242,242,242],"floor_reached":0,"playtime":0,"items_purged":[],"score":0,"play_id":"e38d435b-ca0a-402c-9937-630a3b6fa785","local_time":"20201217104725","is_ascension_mode":false,"campfire_choices":[{"floor":6.0,"key":"RECALL"}],"circlet_count":0,"master_deck":["Strike_R","Strike_R","Strike_R","Defend_R","Defend_R","Defend_R","Defend_R","Bash","Defy Death"],"relics":["Burning Blood","DaveBox","testmod-TestBox","REME_ComplimentaryCards","Question Card","PrismaticShard","LetterFromLob","ShedSkin_r","Regal Pillow","Shovel","vexMod:MemoryStick"],"acts_visited":["Exordium"],"potions_floor_usage":[],"damage_taken":[{"damage":2.0,"enemies":"Small Slimes","floor":1.0,"turns":5.0},{"damage":3.0,"enemies":"2 Louse","floor":2.0,"turns":4.0},{"damage":58,"enemies":"Gremlin Nob","floor":7,"turns":7},{"damage":7,"enemies":"Jaw Worm","floor":8,"turns":7},{"damage":9,"enemies":"Exordium Wildlife","floor":11,"turns":7},{"damage":23,"enemies":"Lagavulin","floor":12,"turns":7}],"seed_played":"7510838918241142961","potions_obtained":[{"floor":7,"key":"LiquidMemories"},{"floor":8,"key":"SmokeBomb"},{"floor":11,"key":"Reflective Coating"}],"is_trial":false,"path_per_floor":["M","M","?","?","?","R","E","M","T","M","M","E"],"character_chosen":"IRONCLAD","items_purchased":[],"campfire_rested":0,"item_purchase_floors":[],"current_hp_per_floor":[80,80,69,66,66,66,14,13,13,33,30,7,7],"gold":242,"neow_bonus":"REMOVE_CARD","is_daily":false,"chose_seed":false,"campfire_upgraded":0,"win_rate":0.0,"timestamp":1608173245,"path_taken":["M","M","?","?","?","R","E","M","T","?","M","E"],"items_purchased_type":[],"build_version":"2020-12-13","purchased_purges":0,"victory":false,"max_hp_per_floor":[80,80,80,80,80,80,80,80,80,80,80,80,80],"card_choices":[{"not_picked":["REME_Scribble","Iron Wave"],"picked":"Defy Death","floor":1.0},{"not_picked":["Prostrate","WreathOfFlame","hermit:Dive","FierceSweep"],"picked":"SKIP","floor":2.0},{"not_picked":["animator:RoyMustang","ClowCardTheWood","HollowMod:CrystalDash","animator:MumenRider"],"picked":"SKIP","floor":7},{"not_picked":["animator:Lancer","HollowMod:DoubleDash","Headbutt","GrandCross"],"picked":"SKIP","floor":8},{"not_picked":["animator:NononJakuzure","Headbutt","Retaliate","hermit:Feint"],"picked":"SKIP","floor":11}],"player_experience":319535,"relics_obtained":[{"floor":1.0,"key":"Question Card"},{"floor":1.0,"key":"PrismaticShard"},{"floor":1.0,"key":"LetterFromLob"},{"floor":7,"key":"Shovel"},{"floor":9,"key":"vexMod:MemoryStick"}],"event_choices":[{"damage_healed":0.0,"max_hp_gain":0.0,"max_hp_loss":0.0,"gold_gain":0.0,"event_name":"Scrap Ooze","player_choice":"Success","floor":4.0,"gold_loss":0.0,"damage_taken":3.0,"relics_obtained":["Regal Pillow"]},{"cards_removed":["Strike_R"],"damage_healed":0.0,"max_hp_gain":0.0,"max_hp_loss":0.0,"gold_gain":0.0,"event_name":"Living Wall","player_choice":"Forget","floor":5.0,"gold_loss":0.0,"damage_taken":0.0}],"is_beta":false,"boss_relics":[],"items_purged_floors":[],"is_endless":false,"potions_floor_spawned":[7,8,11],"killed_by":"Lagavulin","ascension_level":0}}