{"host":"xuxmsn6olavvgi6l","time":1608170019,"event":{"mods":["AchievementEnabler","Act Like it!","BaseMod","Better Third Choice","BetterRewards","Colored Map","Colored Powertips","Hermit","Highlight Path","Hubris","Infinite Spire","Marisa????????","Minty Spire (QoL Compilation)","Rare Cards Sparkle","Replay The Spire","Shop Mod","StSLib","The Animator","The Bug Knight","The Construct","The Cursed","The Runesmith","The Servant 0.9.4"],"gold_per_floor":[109,120,120,0,13,28,28,28,28,73,73,73,73,106,106,225,225,264,57,57,57,57,110,150,199,223,237,237],"floor_reached":27,"playtime":1266,"items_purged":["Defend_MRS"],"score":231,"play_id":"9392fb36-d51b-4969-992b-07b41f15f997","local_time":"20201216195339","is_ascension_mode":false,"campfire_choices":[{"data":"Mayhem","floor":7,"key":"SMITH"},{"floor":15,"key":"DIG"}],"circlet_count":0,"master_deck":["Strike_MRS","Strike_MRS","Strike_MRS","Defend_MRS","Defend_MRS","Defend_MRS+1","MasterSpark+1","UpSweep","Mayhem+1","UnstableBomb","MysteriousBeam","Secret Technique","ReplayTheSpireMod:Private Reserves+1","Poisoned Strike","GasGiant","WitchOfGreed","Robbery","MaximisePower","Insight","infinitespire:Menacing","TreasureHunter"],"relics":["MiniHakkero","ReplayTheSpireMod:ShopPack","Replay:Bottled Steam","MealTicket","ReplayFunnel","PreservedInsect","ExperimentalFamiliar","MerchantsRug","HornCleat","hubris:Zylophone","infinitespire:Beetle Shell"],"acts_visited":["Exordium","TheCity"],"potions_floor_usage":[10,14,16,16,23,27],"damage_taken":[{"damage":6,"enemies":"2 Louse","floor":1,"turns":3},{"damage":4,"enemies":"Small Slimes","floor":2,"turns":3},{"damage":0,"enemies":"Jaw Worm","floor":5,"turns":1},{"damage":5,"enemies":"Exordium Thugs","floor":6,"turns":3},{"damage":9,"enemies":"Replay:BlueRogue","floor":10,"turns":4},{"damage":0,"enemies":"2 Fungi Beasts","floor":14,"turns":3},{"damage":2,"enemies":"Hexaghost","floor":16,"turns":7},{"damage":22,"enemies":"2 Thieves","floor":18,"turns":4},{"damage":31,"enemies":"Nightmare","floor":23,"turns":7},{"damage":1,"enemies":"Snecko","floor":24,"turns":5},{"damage":15,"enemies":"Shelled Parasite and Fungi","floor":25,"turns":5},{"damage":0,"enemies":"HollowMod:Nosk","floor":27,"turns":4}],"seed_played":"1948927819220965306","potions_obtained":[{"floor":5,"key":"Adrenaline Potion"},{"floor":6,"key":"Elixir"},{"floor":10,"key":"Fruit Juice"},{"floor":10,"key":"Weak Potion"},{"floor":14,"key":"LiquidMemories"},{"floor":16,"key":"Flashbang"},{"floor":16,"key":"LiquidBronze"},{"floor":18,"key":"StarNLove"},{"floor":24,"key":"Fire Potion"},{"floor":25,"key":"PowerPotion"}],"is_trial":false,"path_per_floor":["M","M","?","$","M","M","R","?","T","E","?","?","?","M","R_BF","B",null,"M","$","?","T","?","NM","M","M","T","E"],"character_chosen":"MARISA","items_purchased":["ReplayTheSpireMod:ShopPack","MerchantsRug"],"campfire_rested":0,"item_purchase_floors":[4,19],"current_hp_per_floor":[48,44,37,37,37,32,32,32,32,28,28,12,5,5,5,3,80,58,73,58,58,58,27,26,11,11,11,11],"gold":237,"neow_bonus":"RANDOM_COLORLESS_2","is_daily":false,"chose_seed":false,"campfire_upgraded":1,"win_rate":0.0,"timestamp":1608170019,"path_taken":["M","M","?","$","M","M","R","?","T","E","?","?","?","M","R_BF","BOSS","M","$","?","?","?","NM","M","M","T","E"],"items_purchased_type":["Relic","Relic"],"build_version":"2020-12-13","purchased_purges":1,"victory":false,"max_hp_per_floor":[75,75,75,75,75,75,75,75,75,80,80,80,80,80,80,80,80,80,80,85,85,85,85,85,85,85,85,85],"card_choices":[{"not_picked":["ReplayUltimateDefense","ReplayTheSpireMod:Necrogeddon"],"picked":"Mayhem","floor":0},{"not_picked":["OortCloud","PowerUp"],"picked":"UnstableBomb","floor":1},{"not_picked":["ShootingEcho","DoubleSpark"],"picked":"MysteriousBeam","floor":2},{"not_picked":["Transmutation","Chrysalis"],"picked":"Secret Technique","floor":4},{"not_picked":["Secret Technique","PanicButton"],"picked":"ReplayTheSpireMod:Private Reserves","floor":4},{"not_picked":["hubris:Insight","Madness"],"picked":"Poisoned Strike","floor":4},{"not_picked":["EarthLightRay","GravityBeat"],"picked":"GasGiant","floor":5},{"not_picked":["GravityBeat","DragonMeteor"],"picked":"WitchOfGreed","floor":6},{"not_picked":["BigCrunch","OpenUniverse","LuminesStrike"],"picked":"SKIP","floor":10},{"not_picked":["UnstableBomb","ShootingEcho"],"picked":"Robbery","floor":14},{"not_picked":["BinaryStars","UltimateShortwave"],"picked":"MaximisePower","floor":16},{"not_picked":["FairyDestructionRay","IllusionStar","WitchLeyline"],"picked":"SKIP","floor":18},{"not_picked":["ReplayTheSpireMod:Black Plague","infinitespire:Execution"],"picked":"infinitespire:Menacing","floor":23},{"not_picked":["WitchLeyline+1","FinalSpark"],"picked":"TreasureHunter","floor":23},{"not_picked":["Robbery+1","ManaConvection","LuminesStrike"],"picked":"SKIP","floor":24},{"not_picked":["MilkyWay","SprinkleStarSeal+1","MagicChant"],"picked":"SKIP","floor":25}],"player_experience":1288192,"relics_obtained":[{"floor":9,"key":"Replay:Bottled Steam"},{"floor":10,"key":"MealTicket"},{"floor":15,"key":"PreservedInsect"},{"floor":21,"key":"HornCleat"},{"floor":23,"key":"hubris:Zylophone"},{"floor":26,"key":"infinitespire:Beetle Shell"}],"event_choices":[{"cards_removed":["Strike_MRS"],"damage_healed":0,"gold_gain":0,"player_choice":"Card Removal","damage_taken":7,"max_hp_gain":0,"max_hp_loss":0,"event_name":"Golden Wing","floor":3,"gold_loss":0},{"damage_healed":28,"gold_gain":0,"player_choice":"Upgrade","damage_taken":16,"max_hp_gain":0,"max_hp_loss":80,"event_name":"betterThird:BetterShining","floor":12,"gold_loss":0,"cards_upgraded":["MasterSpark","Defend_MRS"]},{"damage_healed":0,"gold_gain":1,"player_choice":"Relic ","damage_taken":7,"max_hp_gain":0,"max_hp_loss":0,"event_name":"betterThird:BetterScrap","floor":13,"gold_loss":0,"cards_obtained":["ReplaySolidLightProjector"]},{"damage_healed":0,"gold_gain":0,"player_choice":"Shed Blood","damage_taken":20,"max_hp_gain":5,"max_hp_loss":0,"event_name":"Forgotten Altar","floor":20,"gold_loss":0},{"damage_healed":0,"gold_gain":0,"player_choice":"Insight","damage_taken":0,"max_hp_gain":0,"max_hp_loss":0,"event_name":"betterThird:BetterWriting","floor":22,"gold_loss":0,"cards_obtained":["Insight"]}],"is_beta":false,"boss_relics":[{"not_picked":["Abe\u0027s Treasure","hubris:BlackHole"],"picked":"ExperimentalFamiliar"}],"items_purged_floors":[19],"is_endless":true,"potions_floor_spawned":[5,6,10,16,25],"killed_by":"HollowMod:Nosk","ascension_level":0}}