{"host":"6z6y4ky8uzsz1dpj","time":1608207499,"event":{"mods":["2.2 Compatiblity","AchievementEnabler","BaseMod","BetterRewards","Challenge The Spire","Colored Map","Hubris","Minty Spire (QoL Compilation)","Quick Restart","Replay The Spire","StSLib","The Bug Knight","The Construct","The Cursed","The Hierophant","The Necromancer","The Poker Player","The Runesmith","The Servant 0.9.4"],"gold_per_floor":[116,131,149,160,171,198,198,198,198],"floor_reached":8,"playtime":356,"items_purged":["Strike_G"],"score":78,"play_id":"4d46f15f-6082-4288-97ef-3fb8c78b879f","local_time":"20201217071819","is_ascension_mode":true,"campfire_choices":[],"circlet_count":0,"master_deck":["Strike_G","Strike_G","Strike_G+1","Strike_G","Defend_G","Defend_G","Defend_G","Defend_G","Defend_G","Survivor","Neutralize","Dagger Throw","Underhanded Strike","Crippling Poison","hubris:SlightOfHand","Calculated Gamble","Blur","Acrobatics"],"relics":["Ring of the Snake","construct:RocketBooster","hubris:TenFootPole"],"acts_visited":["Exordium"],"potions_floor_usage":[4,6],"damage_taken":[{"damage":4,"enemies":"Small Slimes","floor":1,"turns":4},{"damage":1,"enemies":"2 Louse","floor":2,"turns":3},{"damage":1,"enemies":"Jaw Worm","floor":3,"turns":2},{"damage":7,"enemies":"Large Slime","floor":4,"turns":5},{"damage":0,"enemies":"Exordium Wildlife","floor":5,"turns":2},{"damage":43,"enemies":"Gremlin Nob","floor":6,"turns":5},{"damage":2,"enemies":"3 Sentries","floor":8,"turns":2}],"seed_played":"-1213524984365139983","potions_obtained":[{"floor":1,"key":"Explosive Potion"},{"floor":3,"key":"Dexterity Potion"},{"floor":5,"key":"Ancient Potion"}],"is_trial":false,"path_per_floor":["M","M","M","M","M","E","?","E"],"character_chosen":"THE_SILENT","items_purchased":["Dagger Throw"],"campfire_rested":0,"item_purchase_floors":[0],"current_hp_per_floor":[59,58,57,50,50,7,7,5,5],"gold":198,"neow_bonus":"","is_daily":false,"chose_seed":false,"campfire_upgraded":0,"win_rate":0.0,"timestamp":1608207499,"path_taken":["M","M","M","M","M","E","?","E"],"items_purchased_type":["Card"],"build_version":"2020-12-13","purchased_purges":1,"victory":false,"max_hp_per_floor":[70,70,70,70,70,70,70,70,70],"card_choices":[{"not_picked":["Slice","Quick Slash"],"picked":"Underhanded Strike","floor":1},{"not_picked":["Predator","Sneak Up","Bane"],"picked":"SKIP","floor":2},{"not_picked":["Draining Mist","Flying Knee"],"picked":"Crippling Poison","floor":3},{"not_picked":["hubris:TrickCloak","All Out Attack"],"picked":"hubris:SlightOfHand","floor":4},{"not_picked":["Cloak And Dagger","Deadly Poison"],"picked":"Calculated Gamble","floor":5},{"not_picked":["Grand Finale","Corpse Explosion"],"picked":"Blur","floor":6}],"player_experience":212542,"relics_obtained":[{"floor":6,"key":"hubris:TenFootPole"}],"event_choices":[],"is_beta":false,"boss_relics":[],"items_purged_floors":[0],"is_endless":false,"potions_floor_spawned":[1,3,5],"killed_by":"3 Sentries","ascension_level":6}}