{"host":"Sumable","time":1608169562,"event":{"mods":["AchievementEnabler","BaseMod","Better Note","BetterRewards","Googly Eyes","Hermit","Minty Spire (QoL Compilation)","Quick Restart","Shop Mod","StSLib","The Cursed","everything is the same but u backflip on backflip","slay the spire mod where everything is the same but ironclad has a cowboy hat"],"gold_per_floor":[109,19,38,38,49,49,76,95,120,139,139,139,314,264,264,264,264],"floor_reached":16,"playtime":486,"items_purged":[],"score":160,"play_id":"5970a7bc-c3db-4242-ab58-8a3e0026ed54","local_time":"20201216184601","is_ascension_mode":true,"campfire_choices":[{"data":"Bash","floor":6,"key":"SMITH"},{"floor":12,"key":"REST"},{"floor":15,"key":"REST"}],"circlet_count":0,"master_deck":["AscendersBane","Strike_R+1","Strike_R","Strike_R","Strike_R","Strike_R","Defend_R","Defend_R","Defend_R+1","Defend_R","Bash+1","Reckless Charge","Bloodletting","Wild Strike","Wild Strike","Pummel","Sever Soul","Second Wind","Parasite","Reckless Charge","Dropkick"],"relics":["Burning Blood","NeowsBlessing","Dream Catcher","Tiny Chest"],"acts_visited":["Exordium"],"potions_floor_usage":[7,7,10,16],"damage_taken":[{"damage":0,"enemies":"2 Louse","floor":1,"turns":1},{"damage":0,"enemies":"Jaw Worm","floor":3,"turns":1},{"damage":0,"enemies":"Small Slimes","floor":5,"turns":1},{"damage":60,"enemies":"3 Sentries","floor":7,"turns":10},{"damage":9,"enemies":"Looter","floor":8,"turns":2},{"damage":4,"enemies":"Exordium Wildlife","floor":10,"turns":2},{"damage":96,"enemies":"The Guardian","floor":16,"turns":11}],"seed_played":"4931669458420961068","potions_obtained":[{"floor":1,"key":"Swift Potion"},{"floor":8,"key":"Weak Potion"},{"floor":10,"key":"BloodPotion"}],"is_trial":false,"path_per_floor":["M","$","M","?","M","R","E","M","T","M","?","R","?","?","R","B"],"character_chosen":"IRONCLAD","items_purchased":["Bloodletting","SteroidPotion"],"campfire_rested":2,"item_purchase_floors":[2,2],"current_hp_per_floor":[78,78,80,64,70,70,16,13,13,15,35,59,59,59,80,0,0],"gold":264,"neow_bonus":"THREE_ENEMY_KILL","is_daily":false,"chose_seed":false,"campfire_upgraded":1,"win_rate":0.0,"timestamp":1608169561,"path_taken":["M","$","M","?","M","R","E","M","T","M","?","R","?","?","R","BOSS"],"items_purchased_type":["Card","Potion"],"build_version":"2020-12-07","purchased_purges":0,"victory":false,"max_hp_per_floor":[80,80,80,80,80,80,80,80,80,80,80,80,80,80,80,80,80],"card_choices":[{"not_picked":["Dark Embrace","Clothesline"],"picked":"Reckless Charge","floor":1},{"not_picked":["Sword Boomerang","Searing Blow"],"picked":"Wild Strike","floor":3},{"not_picked":["Hemokinesis","Heavy Blade"],"picked":"Wild Strike","floor":5},{"not_picked":["Dual Wield","Havoc"],"picked":"Pummel","floor":7},{"not_picked":["Shockwave","Perfected Strike"],"picked":"Sever Soul","floor":8},{"not_picked":["Rage","Pommel Strike"],"picked":"Second Wind","floor":10},{"not_picked":["Wild Strike","Heavy Blade"],"picked":"Reckless Charge","floor":12},{"not_picked":["Anger","Heavy Blade"],"picked":"Dropkick","floor":15}],"player_experience":1002170,"relics_obtained":[{"floor":7,"key":"Dream Catcher"},{"floor":9,"key":"Tiny Chest"}],"event_choices":[{"damage_healed":0,"gold_gain":0,"player_choice":"Entered Light","damage_taken":16,"max_hp_gain":0,"max_hp_loss":0,"event_name":"Shining Light","floor":4,"gold_loss":0,"cards_upgraded":["Strike_R","Defend_R"]},{"damage_healed":20,"gold_gain":0,"player_choice":"Healed and dodged fight","damage_taken":0,"max_hp_gain":0,"max_hp_loss":0,"event_name":"Mushrooms","floor":11,"gold_loss":0,"cards_obtained":["Parasite"]},{"damage_healed":0,"gold_gain":175,"player_choice":"AGREE","damage_taken":0,"max_hp_gain":0,"max_hp_loss":0,"event_name":"Liars Game","floor":13,"gold_loss":0,"cards_obtained":["Doubt"]},{"cards_removed":["Doubt"],"damage_healed":0,"gold_gain":0,"player_choice":"Card Removal","damage_taken":0,"max_hp_gain":0,"max_hp_loss":0,"event_name":"The Cleric","floor":14,"gold_loss":50}],"is_beta":true,"boss_relics":[],"items_purged_floors":[],"is_endless":false,"potions_floor_spawned":[1,5,8,10],"killed_by":"The Guardian","ascension_level":12}}