{"host":"68ryiucqar8jyfi2","time":1608221213,"event":{"mods":["2.2 Compatiblity","Act Like it!","Aspiration","BaseMod","Better Match","Better Note","Better Skull","Better Third Choice","CCEM","CapriCore","Curses Come First","Defuse TimeMaze Blight","Displayed Cursed Tome","Emptier Cage","Energized Spire","Friendly Minions","GifTheSpireLib","HexUI Lib","Hubris","Hyrulean Relics","Minty Spire (QoL Compilation)","Permanent Neow","RNG Fix","Replay The Spire","Robot Space Explorer","StSLib","Stuff the Spire","The Blue Laboratory","Trackpad","Transform Curses","Uncapped","Wandering Minibosses"],"gold_per_floor":[118,130,141,156,174,174,204,204,228,254,264,264,20,34,34,136,136,288,361,371,382,232,260,26,26,26,60,74,74,74,17,104,201,201,211,222,235,247,305,340,340,360,360,390,408,238,238,14,14,124,124,208,228,248,269,291,99,121,141,141,164,184,184,203,226,226,327,327,347,366,366,366,366,366,366,366,395,395,395,419,434,453,453,555,555,575,592,616,633,652,652,662,360,397,417,441,362,386,397,397,500,500,518,536,551,571,584,584,199,199,224,224,224,243,261,280,280,383,383,401,18,29,42,53,53,68,68,98,98,98,109,138,237,237,337,337,349,299,299,197,206,206,237,237,257,257,257,257,267,267,371,371,381,399,417,367,367,367,367,256,256,915,915,272,347,347,453,453,471,471,480,480,480,480,480,502,3,3,3,3,3,110,110,132,144,214,244,278,290,302,314,353,365,365],"floor_reached":198,"playtime":7407,"items_purged":["Strike_B","Parasite","Zap+1","StuffTheSpire:Vigor","Cold Snap+1","Defend_B","Defend_B+1","Defend_B+2","StuffTheSpire:WarGroove"],"score":5754,"play_id":"d0d53274-98b9-41d7-af5b-b9c6fc5a46fe","local_time":"20201217160653","daily_mods":["Vintage","Heirloom","Flight"],"is_ascension_mode":false,"campfire_choices":[{"data":"Zap","floor":6.0,"key":"SMITH"},{"data":"Cold Snap","floor":8.0,"key":"SMITH"},{"data":"Sweeping Beam","floor":12.0,"key":"SMITH"},{"data":"Reboot","floor":25.0,"key":"SMITH"},{"data":"Dualcast","floor":41.0,"key":"SMITH"},{"data":"Strike_B","floor":47.0,"key":"SMITH"},{"floor":63.0,"key":"REST"},{"floor":66.0,"key":"REST"},{"floor":76.0,"key":"REST"},{"data":"StuffTheSpire:Snapshot","floor":79.0,"key":"SMITH"},{"floor":83.0,"key":"REST"},{"floor":91.0,"key":"DIG"},{"floor":100.0,"key":"DIG"},{"floor":108.0,"key":"DIG"},{"floor":110.0,"key":"DIG"},{"floor":112.0,"key":"DIG"},{"floor":113.0,"key":"DIG"},{"floor":117.0,"key":"DIG"},{"floor":125.0,"key":"DIG"},{"floor":127.0,"key":"DIG"},{"floor":134.0,"key":"DIG"},{"floor":142.0,"key":"DIG"},{"floor":144.0,"key":"DIG"},{"floor":148.0,"key":"DIG"},{"floor":149.0,"key":"DIG"},{"floor":151.0,"key":"DIG"},{"floor":159.0,"key":"DIG"},{"floor":160.0,"key":"DIG"},{"floor":165.0,"key":"REST"},{"floor":168.0,"key":"REST"},{"floor":176.0,"key":"DIG"},{"floor":177.0,"key":"DIG"},{"floor":178.0,"key":"DIG"},{"floor":182.0,"key":"DIG"},{"floor":185.0,"key":"DIG"},{"floor":193.0,"key":"DIG"},{"floor":194.0,"key":"DIG"}],"circlet_count":1,"master_deck":["Defend_B+1","Dualcast+1","Reboot+1","Defragment+1","Loop+1","Loop+1","StuffTheSpire:ForEach+1","Glacier+1","ReplayTheSpireMod:Calculation Training+1","Capacitor+1","Madness+1","Defragment+1","StuffTheSpire:ForEach+1","Defragment+1","Defragment+1","StuffTheSpire:ForEach+1","Madness","Madness","Defragment+1"],"relics":["Cracked Core","hubris:CrystalStatue","Shuriken","Potion Belt","HornCleat","Circlet","zeldaRelics:CourageTriforce","Frozen Egg 2","Garlic","hubris:VirtuousBlindfold","aspiration:ArtOfWarUpgrade","Golden Egg","StuffTheSpire:ColdMirror","Whetstone","zeldaRelics:WisdomTriforce","PreservedInsect","Ginger","energizedSpire:SpiderWeb","aspiration:SeaSaltIceCream","zeldaRelics:WisdomTriforce","aspiration:StickyExplosives_weak","Incense Burner","Replay:Rubber Ducky","StuffTheSpire:SapphireSignet","zeldaRelics:PowerTriforce","Replay:Bandana","CCEMRelics:Barrel","StuffTheSpire:Mouthbags","Lantern","wanderingMiniBosses:LockLocket","StuffTheSpire:CocoNut","hubris:BallOfYels","hubris:ToyBattleship","Replay:Antivirus Software","Vajra","Simple Rune","Sundial","Dream Catcher","StuffTheSpire:GrapeVine","Carrot","SlaversCollar","Prayer Wheel","War Paint","hubris:SlimyHat","ReplayTheSpireMod:Ninjato","Gremlin Horn","Inserter","Shovel","Nunchaku","Blue Candle","CCEMRelics:SpiritsEdge","Replay:Towering Pillar of Hats","Quantum Egg","StrikeDummy","DataDisk","trackpad:PetRock","trackpad:IceCube","Pear","The Courier","Empty Cage","CaptainsWheel","Blue Doll","Ancient Tea Set","Durian","hubris:RGBLights","Art of War","Happy Flower","CeramicFish","aspiration:EnhancedActuators","aspiration:DSix","Smiling Mask","Mercury Hourglass","Juzu Bracelet","Oddly Smooth Stone","aspiration:FaultyCoupler","CCEMRelics:JestersCrown","Membership Card","CCEMRelics:PorcelainBowl","Replay:Wax Seal","hubris:CuriousFeather","hubris:DeckOfHolding","ReplayTheSpireMod:TigerMarble","hubris:DisguiseKit","Orichalcum","Bag of Preparation","Replay:Ringing Soul","StuffTheSpire:MayFlowers","Anchor","Nuclear Battery","hubris:Teleporter","hubris:Towel","hubris:SoftwareUpdate","Gremlin Food","aspiration:AnachronicSnailShell","Letter Opener","Pocketwatch","hubris:PeanutButter","ReplayFunnel","StuffTheSpire:Experiment12","trackpad:AdjectivePendant","CCEMRelics:WarHorn","Tiny Chest","trackpad:Mousetrap","Omamori","Replay:Mystery Machine","hubris:MedicalManual","Akabeko","Snack Pack","Sling","Strawberry","trackpad:SappingStone","Girya","Toy Ornithopter","StuffTheSpire:PointBlank","CCEMRelics:Pendulum","trackpad:WritersBlock","Kunai","Bag of Marbles","hubris:SphereOfDissonance","StuffTheSpire:DarkSteelAnvil","trackpad:IciclePrecepts","DollysMirror","MutagenicStrength","CCEMRelics:CocoNut","hubris:ScarierMask","MawBank","Counterbalance","aspiration:HummingbirdHeart","StuffTheSpire:Tea","CCEMRelics:Sandal"],"acts_visited":["Exordium","TheCity","TheBeyond","Exordium","TheCity","TheBeyond","Exordium","TheCity","TheBeyond","Exordium","TheCity","TheBeyond"],"potions_floor_usage":[],"damage_taken":[{"damage":0.0,"enemies":"Small Slimes","floor":1.0,"turns":2.0},{"damage":6.0,"enemies":"Jaw Worm","floor":2.0,"turns":2.0},{"damage":0.0,"enemies":"Cultist","floor":3.0,"turns":3.0},{"damage":16.0,"enemies":"Large Slime","floor":4.0,"turns":7.0},{"damage":31.0,"enemies":"Gremlin Gang","floor":5.0,"turns":4.0},{"damage":17.0,"enemies":"Lagavulin","floor":7.0,"turns":5.0},{"damage":14.0,"enemies":"Gremlin Nob","floor":10.0,"turns":5.0},{"damage":1.0,"enemies":"2 Fungi Beasts","floor":11.0,"turns":3.0},{"damage":2.0,"enemies":"Blue Slaver","floor":14.0,"turns":3.0},{"damage":29.0,"enemies":"Hexaghost","floor":16.0,"turns":10.0},{"damage":8.0,"enemies":"3 Byrds","floor":18.0,"turns":7.0},{"damage":17.0,"enemies":"Spheric Guardian","floor":19.0,"turns":6.0},{"damage":12.0,"enemies":"3 Cultists","floor":20.0,"turns":5.0},{"damage":5.0,"enemies":"Snake Plant","floor":21.0,"turns":4.0},{"damage":16.0,"enemies":"Slavers","floor":23.0,"turns":5.0},{"damage":0.0,"enemies":"Book of Stabbing","floor":27.0,"turns":5.0},{"damage":3.0,"enemies":"Shelled Parasite and Fungi","floor":28.0,"turns":4.0},{"damage":26.0,"enemies":"Champ","floor":33.0,"turns":8.0},{"damage":0.0,"enemies":"Orb Walker","floor":35.0,"turns":3.0},{"damage":14.0,"enemies":"3 Darklings","floor":36.0,"turns":4.0},{"damage":0.0,"enemies":"Jaw Worm Horde","floor":37.0,"turns":2.0},{"damage":5.0,"enemies":"Sphere and 2 Shapes","floor":38.0,"turns":4.0},{"damage":1.0,"enemies":"Spire Growth","floor":39.0,"turns":5.0},{"damage":0.0,"enemies":"Reptomancer","floor":40.0,"turns":3.0},{"damage":0.0,"enemies":"Transient","floor":42.0,"turns":5.0},{"damage":0.0,"enemies":"Sphere and 2 Shapes","floor":44.0,"turns":3.0},{"damage":1.0,"enemies":"Writhing Mass","floor":45.0,"turns":4.0},{"damage":27.0,"enemies":"Time Eater","floor":50.0,"turns":10.0},{"damage":0.0,"enemies":"Small Slimes","floor":52.0,"turns":4.0},{"damage":0.0,"enemies":"2 Louse","floor":53.0,"turns":2.0},{"damage":0.0,"enemies":"Cultist","floor":54.0,"turns":3.0},{"damage":11.0,"enemies":"Exordium Wildlife","floor":55.0,"turns":3.0},{"damage":1.0,"enemies":"2 Fungi Beasts","floor":56.0,"turns":2.0},{"damage":11.0,"enemies":"Red Slaver","floor":58.0,"turns":2.0},{"damage":0.0,"enemies":"3 Louse","floor":59.0,"turns":3.0},{"damage":0.0,"enemies":"Large Slime","floor":61.0,"turns":3.0},{"damage":7.0,"enemies":"Red Slaver","floor":62.0,"turns":3.0},{"damage":0.0,"enemies":"3 Louse","floor":64.0,"turns":2.0},{"damage":0.0,"enemies":"Large Slime","floor":65.0,"turns":3.0},{"damage":0.0,"enemies":"Slime Boss","floor":67.0,"turns":4.0},{"damage":0.0,"enemies":"3 Byrds","floor":69.0,"turns":3.0},{"damage":0.0,"enemies":"2 Thieves","floor":70.0,"turns":4.0},{"damage":0.0,"enemies":"Gremlin Leader","floor":77.0,"turns":7.0},{"damage":0.0,"enemies":"Chosen and Byrds","floor":80.0,"turns":2.0},{"damage":0.0,"enemies":"Centurion and Healer","floor":81.0,"turns":8.0},{"damage":21.0,"enemies":"Snake Plant","floor":82.0,"turns":2.0},{"damage":0.0,"enemies":"Champ","floor":84.0,"turns":10.0},{"damage":0.0,"enemies":"3 Darklings","floor":86.0,"turns":5.0},{"damage":0.0,"enemies":"Orb Walker","floor":87.0,"turns":4.0},{"damage":0.0,"enemies":"Jaw Worm Horde","floor":88.0,"turns":5.0},{"damage":0.0,"enemies":"Writhing Mass","floor":89.0,"turns":6.0},{"damage":0.0,"enemies":"Transient","floor":90.0,"turns":5.0},{"damage":0.0,"enemies":"Spire Growth","floor":92.0,"turns":5.0},{"damage":0.0,"enemies":"R_Hoarder","floor":94.0,"turns":6.0},{"damage":2.0,"enemies":"Writhing Mass","floor":95.0,"turns":5.0},{"damage":0.0,"enemies":"Transient","floor":96.0,"turns":5.0},{"damage":14.0,"enemies":"Spire Growth","floor":98.0,"turns":3.0},{"damage":0.0,"enemies":"Maw","floor":99.0,"turns":7.0},{"damage":0.0,"enemies":"Donu and Deca","floor":101.0,"turns":10.0},{"damage":0.0,"enemies":"Cultist","floor":103.0,"turns":2.0},{"damage":0.0,"enemies":"Jaw Worm","floor":104.0,"turns":2.0},{"damage":0.0,"enemies":"Small Slimes","floor":105.0,"turns":2.0},{"damage":1.0,"enemies":"3 Louse","floor":106.0,"turns":3.0},{"damage":0.0,"enemies":"2 Fungi Beasts","floor":107.0,"turns":3.0},{"damage":0.0,"enemies":"Lagavulin","floor":111.0,"turns":4.0},{"damage":0.0,"enemies":"Large Slime","floor":114.0,"turns":2.0},{"damage":12.0,"enemies":"Gremlin Gang","floor":115.0,"turns":3.0},{"damage":0.0,"enemies":"Exordium Wildlife","floor":116.0,"turns":3.0},{"damage":0.0,"enemies":"Slime Boss","floor":118.0,"turns":4.0},{"damage":0.0,"enemies":"Shell Parasite","floor":120.0,"turns":5.0},{"damage":0.0,"enemies":"Spheric Guardian","floor":122.0,"turns":2.0},{"damage":0.0,"enemies":"Snecko","floor":123.0,"turns":4.0},{"damage":0.0,"enemies":"Snake Plant","floor":124.0,"turns":2.0},{"damage":0.0,"enemies":"Centurion and Healer","floor":126.0,"turns":5.0},{"damage":0.0,"enemies":"Replay:Snechameleon","floor":128.0,"turns":3.0},{"damage":0.0,"enemies":"Cultist and Chosen","floor":131.0,"turns":3.0},{"damage":0.0,"enemies":"Automaton","floor":135.0,"turns":8.0},{"damage":0.0,"enemies":"Orb Walker","floor":137.0,"turns":4.0},{"damage":0.0,"enemies":"3 Darklings","floor":143.0,"turns":2.0},{"damage":0.0,"enemies":"Sphere and 2 Shapes","floor":146.0,"turns":3.0},{"damage":0.0,"enemies":"4 Shapes","floor":150.0,"turns":3.0},{"damage":0.0,"enemies":"Donu and Deca","floor":152.0,"turns":9.0},{"damage":0.0,"enemies":"Small Slimes","floor":154.0,"turns":1.0},{"damage":0.0,"enemies":"2 Louse","floor":155.0,"turns":2.0},{"damage":0.0,"enemies":"Cultist","floor":156.0,"turns":2.0},{"damage":0.0,"enemies":"The Guardian","floor":169.0,"turns":4.0},{"damage":0.0,"enemies":"Chosen","floor":171.0,"turns":3.0},{"damage":0.0,"enemies":"Spheric Guardian","floor":180.0,"turns":2.0},{"damage":0.0,"enemies":"Champ","floor":186.0,"turns":4.0},{"damage":0.0,"enemies":"3 Darklings","floor":188.0,"turns":2.0},{"damage":0.0,"enemies":"Mind Bloom Boss Battle","floor":190.0,"turns":4.0},{"damage":0.0,"enemies":"Orb Walker","floor":192.0,"turns":2.0},{"damage":0.0,"enemies":"Sphere and 2 Shapes","floor":197.0,"turns":2.0},{"damage":0,"enemies":"Spire Growth","floor":198,"turns":1}],"seed_played":"-665893272514669603","potions_obtained":[{"floor":1.0,"key":"PowerPotion"},{"floor":5.0,"key":"DuplicationPotion"},{"floor":11.0,"key":"FearPotion"},{"floor":16.0,"key":"LiquidMemories"},{"floor":19.0,"key":"blueLaboratory:FruitPreserves"},{"floor":20.0,"key":"blueLaboratory:BottleOfVodka"},{"floor":27.0,"key":"SkillPotion"},{"floor":28.0,"key":"SteroidPotion"},{"floor":33.0,"key":"blueLaboratory:FrostheartPotion"},{"floor":42.0,"key":"blueLaboratory:FrostheartPotion"},{"floor":55.0,"key":"blueLaboratory:NullPotion"},{"floor":59.0,"key":"FairyPotion"},{"floor":80.0,"key":"PowerPotion"},{"floor":82.0,"key":"Strength Potion"},{"floor":86.0,"key":"PowerPotion"},{"floor":88.0,"key":"blueLaboratory:BottledHope"}],"is_trial":true,"path_per_floor":["M","M","M","M","M","R","E","R","T","E","M","R","$","M","R","B",null,"M","M","M","M","$","E","$","R","T","E","M","R","R","$","R","B",null,"M","M","M","M","M","E","R","M","T","M","M","$","R","$","R","B",null,"M","M","M","M","M","$","M","M","T","M","M","R","M","M","R","B",null,"M","M","$","$","?","?","?","R","E","$","R","M","M","M","R","B",null,"M","M","M","M","M","R","M","$","E","M","M","$","M","M","R","B",null,"M","M","M","M","M","R","$","R","E","R","R","M","M","M","R","B",null,"M","$","M","M","M","R","M","R","E","$","?","M","?","?","R","B",null,"M","$","?","$","?","R","M","R","M","$","R","R","M","R","B",null,"M","M","M","?","?","R","R","$","?","?","R","$","?","R","B",null,"M","?","?","?","R","R","R","M","$","R","?","?","R","B",null,"M","?","?","?","M","R","R","$","M","M"],"character_chosen":"DEFECT","items_purchased":["Frozen Egg 2","Defragment+1","Defragment+1","PreservedInsect","Loop+1","ReplayTheSpireMod:Calculation Training","Capacitor+1","Lantern","FIFO Queue+1","DataDisk","Defragment+1","Happy Flower","CeramicFish","Membership Card","CCEMRelics:PorcelainBowl","Replay:Wax Seal","hubris:CuriousFeather","hubris:SoftwareUpdate","Omamori","hubris:MedicalManual","Akabeko","Snack Pack","Sling","Strawberry","trackpad:SappingStone","Girya","Toy Ornithopter","Bag of Marbles","hubris:SphereOfDissonance","StuffTheSpire:DarkSteelAnvil","trackpad:IciclePrecepts","Defragment+1","DollysMirror"],"campfire_rested":6,"item_purchase_floors":[13,22,24,24,31,46,48,48,57,93,97,109,109,121,121,121,121,140,161,166,166,166,166,166,166,166,166,181,181,181,181,181,181],"current_hp_per_floor":[75,69,69,53,22,22,19,19,19,19,18,18,18,25,47,33,75,67,50,38,33,33,17,17,17,17,31,28,28,28,28,28,17,75,75,61,61,56,55,55,55,70,70,72,71,71,71,71,71,63,72,79,79,79,68,67,67,56,56,56,56,49,72,77,79,79,79,79,79,79,79,79,79,79,60,79,79,79,79,79,79,58,79,79,79,79,79,79,79,79,79,79,79,79,77,77,77,63,75,75,89,89,89,89,89,93,93,93,93,93,94,94,94,94,82,82,82,94,94,94,94,94,94,94,94,94,94,94,94,94,94,94,94,94,94,94,94,94,94,94,97,97,97,97,97,97,97,97,97,97,97,97,97,97,97,97,97,97,97,97,97,3,17,17,8,22,27,75,75,80,60,60,60,60,60,62,62,62,54,55,55,65,97,97,97,97,85,85,85,85,85,87,87,87],"gold":365,"neow_bonus":"","is_daily":false,"chose_seed":false,"campfire_upgraded":7,"win_rate":0.0,"timestamp":1608221213,"path_taken":["M","M","M","M","M","R","E","R","T","E","M","R","$","M","R","BOSS","M","M","M","M","$","E","$","R","T","E","M","R","R","$","R","BOSS","M","M","M","M","M","E","R","M","T","M","M","$","R","$","R","BOSS","M","M","M","M","M","$","M","M","T","M","M","R","M","M","R","BOSS","M","M","$","$","?","?","?","R","E","$","R","M","M","M","R","BOSS","M","M","M","M","M","R","M","$","E","M","M","$","M","M","R","BOSS","M","M","M","M","M","R","$","R","E","R","R","M","M","M","R","BOSS","M","$","M","M","M","R","M","R","E","$","?","M","?","?","R","BOSS","M","$","?","$","?","R","M","R","M","$","R","R","M","R","BOSS","M","M","M","?","?","R","R","$","?","?","R","$","?","R","BOSS","M","?","?","?","R","R","R","M","$","R","?","?","R","BOSS","M","?","?","?","M","R","R","$","M","M"],"items_purchased_type":["Relic","Card","Card","Relic","Card","Card","Card","Relic","Card","Relic","Card","Relic","Relic","Relic","Relic","Relic","Relic","Relic","Relic","Relic","Relic","Relic","Relic","Relic","Relic","Relic","Relic","Relic","Relic","Relic","Relic","Card","Relic"],"build_version":"2020-12-13","purchased_purges":9,"victory":false,"max_hp_per_floor":[75,75,75,75,75,75,75,75,75,75,75,75,75,75,75,75,75,75,75,75,75,75,75,75,75,75,75,75,75,75,75,75,75,75,75,75,75,75,75,75,75,75,75,75,75,72,72,72,72,72,72,79,79,79,79,79,79,79,79,79,79,79,79,79,79,79,79,79,79,79,79,79,79,79,79,79,79,79,79,79,79,79,79,79,79,79,79,79,79,79,79,79,79,79,79,79,79,79,89,89,89,89,89,89,89,94,94,94,94,94,94,94,94,94,94,94,94,94,94,94,94,94,94,94,94,94,94,94,94,94,94,94,94,94,94,94,94,94,94,94,97,97,97,97,97,97,97,97,97,97,97,97,97,97,97,97,97,97,97,97,97,97,97,97,97,97,97,97,97,97,97,97,97,97,97,97,97,97,97,97,97,97,97,97,97,97,97,97,97,97,97,97,97,97],"card_choices":[{"not_picked":["Hello World","Stack"],"picked":"Cold Snap","floor":7.0},{"not_picked":["Self Repair","Redo"],"picked":"Sweeping Beam","floor":10.0},{"not_picked":["Hyperbeam","StuffTheSpire:EventHorizon"],"picked":"Reboot","floor":16.0},{"not_picked":["ReplaySort","StuffTheSpire:ShieldGenerator","Scrape"],"picked":"SKIP","floor":23.0},{"not_picked":["Barrage+1","Turbo","Panic Button"],"picked":"SKIP","floor":27.0},{"not_picked":["ReplayRNGCard","Echo Form+1"],"picked":"StuffTheSpire:ForEach","floor":33.0},{"not_picked":["Panic Button+1","StuffTheSpire:LoadUp+1"],"picked":"Glacier+1","floor":40.0},{"not_picked":["Streamline","Stack"],"picked":"StuffTheSpire:SnapShoot","floor":63.0},{"not_picked":["StuffTheSpire:LoadUp","Rip and Tear"],"picked":"Defragment+1","floor":66.0},{"not_picked":["Hyperbeam","Mirror Shield"],"picked":"ReplayTheSpireMod:Fabricate Wheel","floor":67.0},{"not_picked":["Coolheaded","Sweeping Beam","Chaos"],"picked":"SKIP","floor":77.0},{"not_picked":["Storm+1","Steam+1","Double Energy"],"picked":"SKIP","floor":94.0},{"not_picked":["Ball Lightning","Steam","StuffTheSpire:GlassShard"],"picked":"SKIP","floor":111.0},{"not_picked":["Rebound+1","Core Surge","ReplayTheSpireMod:Calculation Training","StuffTheSpire:Resist"],"picked":"SKIP","floor":128.0}],"player_experience":168647,"relics_obtained":[{"floor":1.0,"key":"hubris:CrystalStatue"},{"floor":3.0,"key":"Shuriken"},{"floor":4.0,"key":"Potion Belt"},{"floor":5.0,"key":"HornCleat"},{"floor":7.0,"key":"zeldaRelics:CouragePiece"},{"floor":9.0,"key":"zeldaRelics:CouragePiece"},{"floor":10.0,"key":"zeldaRelics:CouragePiece"},{"floor":14.0,"key":"Garlic"},{"floor":18.0,"key":"Art of War"},{"floor":19.0,"key":"Golden Egg"},{"floor":20.0,"key":"StuffTheSpire:ColdMirror"},{"floor":21.0,"key":"Whetstone"},{"floor":23.0,"key":"zeldaRelics:WisdomPiece"},{"floor":26.0,"key":"zeldaRelics:WisdomPiece"},{"floor":27.0,"key":"zeldaRelics:WisdomPiece"},{"floor":28.0,"key":"Ginger"},{"floor":35.0,"key":"aspiration:SeaSaltIceCream"},{"floor":36.0,"key":"aspiration:StickyExplosives_weak"},{"floor":37.0,"key":"Incense Burner"},{"floor":38.0,"key":"Replay:Rubber Ducky"},{"floor":39.0,"key":"StuffTheSpire:SapphireSignet"},{"floor":40.0,"key":"zeldaRelics:PowerPiece"},{"floor":42.0,"key":"Replay:Bandana"},{"floor":43.0,"key":"zeldaRelics:PowerPiece"},{"floor":44.0,"key":"CCEMRelics:Barrel"},{"floor":45.0,"key":"StuffTheSpire:Mouthbags"},{"floor":52.0,"key":"wanderingMiniBosses:LockLocket"},{"floor":52.0,"key":"StuffTheSpire:CocoNut"},{"floor":53.0,"key":"hubris:BallOfYels"},{"floor":54.0,"key":"hubris:ToyBattleship"},{"floor":55.0,"key":"Replay:Antivirus Software"},{"floor":58.0,"key":"Vajra"},{"floor":59.0,"key":"Simple Rune"},{"floor":60.0,"key":"zeldaRelics:PowerPiece"},{"floor":61.0,"key":"Sundial"},{"floor":62.0,"key":"Dream Catcher"},{"floor":64.0,"key":"StuffTheSpire:GrapeVine"},{"floor":65.0,"key":"Carrot"},{"floor":69.0,"key":"War Paint"},{"floor":70.0,"key":"hubris:SlimyHat"},{"floor":80.0,"key":"ReplayTheSpireMod:Ninjato"},{"floor":82.0,"key":"Gremlin Horn"},{"floor":86.0,"key":"Shovel"},{"floor":87.0,"key":"Nunchaku"},{"floor":88.0,"key":"Blue Candle"},{"floor":89.0,"key":"CCEMRelics:SpiritsEdge"},{"floor":90.0,"key":"Replay:Towering Pillar of Hats"},{"floor":91.0,"key":"Quantum Egg"},{"floor":92.0,"key":"StrikeDummy"},{"floor":95.0,"key":"trackpad:PetRock"},{"floor":96.0,"key":"trackpad:IceCube"},{"floor":99.0,"key":"Pear"},{"floor":100.0,"key":"The Courier"},{"floor":103.0,"key":"CaptainsWheel"},{"floor":104.0,"key":"Blue Doll"},{"floor":105.0,"key":"Ancient Tea Set"},{"floor":106.0,"key":"Durian"},{"floor":107.0,"key":"hubris:RGBLights"},{"floor":108.0,"key":"Art of War"},{"floor":110.0,"key":"aspiration:EnhancedActuators"},{"floor":112.0,"key":"aspiration:DSix"},{"floor":113.0,"key":"Smiling Mask"},{"floor":114.0,"key":"Mercury Hourglass"},{"floor":115.0,"key":"Juzu Bracelet"},{"floor":116.0,"key":"Oddly Smooth Stone"},{"floor":117.0,"key":"aspiration:FaultyCoupler"},{"floor":120.0,"key":"CCEMRelics:JestersCrown"},{"floor":122.0,"key":"hubris:DeckOfHolding"},{"floor":123.0,"key":"ReplayTheSpireMod:TigerMarble"},{"floor":125.0,"key":"hubris:DisguiseKit"},{"floor":126.0,"key":"Orichalcum"},{"floor":127.0,"key":"Bag of Preparation"},{"floor":131.0,"key":"Replay:Ringing Soul"},{"floor":132.0,"key":"StuffTheSpire:MayFlowers"},{"floor":134.0,"key":"Anchor"},{"floor":137.0,"key":"hubris:Teleporter"},{"floor":143.0,"key":"Gremlin Food"},{"floor":144.0,"key":"aspiration:AnachronicSnailShell"},{"floor":146.0,"key":"Letter Opener"},{"floor":149.0,"key":"Pocketwatch"},{"floor":150.0,"key":"hubris:PeanutButter"},{"floor":151.0,"key":"ReplayFunnel"},{"floor":154.0,"key":"StuffTheSpire:Experiment12"},{"floor":155.0,"key":"trackpad:AdjectivePendant"},{"floor":156.0,"key":"CCEMRelics:WarHorn"},{"floor":159.0,"key":"Tiny Chest"},{"floor":160.0,"key":"trackpad:Mousetrap"},{"floor":171.0,"key":"StuffTheSpire:PointBlank"},{"floor":176.0,"key":"CCEMRelics:Pendulum"},{"floor":177.0,"key":"trackpad:WritersBlock"},{"floor":178.0,"key":"Kunai"},{"floor":185.0,"key":"CCEMRelics:CocoNut"},{"floor":188.0,"key":"MawBank"},{"floor":190.0,"key":"Counterbalance"},{"floor":192.0,"key":"aspiration:HummingbirdHeart"},{"floor":194.0,"key":"StuffTheSpire:Tea"},{"floor":197.0,"key":"CCEMRelics:Sandal"}],"event_choices":[{"cards_removed":["Strike_B"],"damage_healed":0.0,"max_hp_gain":0.0,"max_hp_loss":0.0,"gold_gain":0.0,"event_name":"Wheel of Change","player_choice":"Card Removal","floor":73.0,"gold_loss":0.0,"damage_taken":0.0},{"damage_healed":0.0,"max_hp_gain":0.0,"max_hp_loss":0.0,"gold_gain":0.0,"event_name":"Ghosts","player_choice":"Ignored","floor":130.0,"gold_loss":0.0,"damage_taken":0.0},{"damage_healed":0.0,"max_hp_gain":0.0,"max_hp_loss":0.0,"gold_gain":99.0,"event_name":"betterThird:BetterNest","player_choice":"Steal","floor":133.0,"gold_loss":0.0,"damage_taken":0.0},{"cards_removed":["Hallucinations"],"damage_healed":0.0,"max_hp_gain":0.0,"max_hp_loss":0.0,"gold_gain":0.0,"event_name":"The Cleric","player_choice":"Card Removal","floor":157.0,"gold_loss":50.0,"damage_taken":0.0},{"damage_healed":97.0,"max_hp_gain":0.0,"max_hp_loss":97.0,"gold_gain":0.0,"event_name":"betterThird:BetterShining","player_choice":"Leave","floor":163.0,"gold_loss":1.0,"damage_taken":0.0},{"damage_healed":0.0,"max_hp_gain":0.0,"max_hp_loss":0.0,"gold_gain":659.0,"event_name":"betterSkull:BetterSkull","player_choice":"RE GO GO GO GO GO GO ","floor":164.0,"gold_loss":0.0,"damage_taken":102.0,"cards_upgraded":[],"relics_obtained":["Replay:Mystery Machine"]},{"damage_healed":0.0,"max_hp_gain":0.0,"max_hp_loss":0.0,"gold_gain":75.0,"event_name":"FaceTrader","player_choice":"Touch","floor":167.0,"gold_loss":0.0,"damage_taken":9.0},{"damage_healed":0.0,"max_hp_gain":0.0,"max_hp_loss":0.0,"gold_gain":0.0,"event_name":"Cursed Tome","player_choice":"Stopped","floor":183.0,"gold_loss":0.0,"damage_taken":9.0},{"damage_healed":0.0,"max_hp_gain":0.0,"max_hp_loss":0.0,"gold_gain":0.0,"event_name":"Drug Dealer","player_choice":"Inject Mutagens","floor":184.0,"gold_loss":0.0,"damage_taken":0.0,"relics_obtained":["MutagenicStrength"]},{"cards_removed":["FIFO Queue"],"damage_healed":0.0,"max_hp_gain":0.0,"max_hp_loss":0.0,"gold_gain":0.0,"event_name":"Falling","player_choice":"Removed Power","floor":189.0,"gold_loss":0.0,"damage_taken":0.0},{"damage_healed":0.0,"max_hp_gain":0.0,"max_hp_loss":0.0,"gold_gain":0.0,"event_name":"MindBloom","player_choice":"Fight","floor":190.0,"gold_loss":0.0,"damage_taken":0.0},{"damage_healed":0.0,"max_hp_gain":0.0,"max_hp_loss":0.0,"gold_gain":0.0,"event_name":"Winding Halls","player_choice":"Embrace Madness","floor":191.0,"gold_loss":0.0,"damage_taken":12.0,"cards_obtained":["Madness","Madness"]}],"is_beta":false,"boss_relics":[{"not_picked":["aspiration:RunicSpoon","hubris:HollowSoul"],"picked":"hubris:VirtuousBlindfold"},{"not_picked":["SacredBark","hubris:BlackHole"],"picked":"energizedSpire:SpiderWeb"},{"not_picked":["Runic Pyramid","Sozu","energizedSpire:HugeHouse"]},{"not_picked":["energizedSpire:HugeHouse","Snecko Heart"],"picked":"SlaversCollar"},{"not_picked":["Painkiller Herb","Pandora\u0027s Box"],"picked":"Inserter"},{"not_picked":["energizedSpire:OgreHead","energizedSpire:EnergizedDie"],"picked":"Empty Cage"},{"not_picked":["energizedSpire:OldTV","Replay:Drink Me","aspiration:IroncladSkillbook"]},{"not_picked":["Replay:Bronze Core","CCEMRelics:TransientCore"],"picked":"Nuclear Battery"},{"not_picked":["energizedSpire:StickyHand","Kintsugi","hubris:BlackHole"]},{"not_picked":["StuffTheSpire:Kangaroo","ReplayTheSpireMod:DimensionalGlitch","trackpad:NeutrinoGenerator"]},{"not_picked":["Painkiller Herb","Astrolabe"],"picked":"hubris:ScarierMask"}],"items_purged_floors":[22,46,57,93,109,121,138,161,181],"is_endless":true,"potions_floor_spawned":[1,5,11,16,19,20,27,28,33,37,39,42,44,55,56,59,61,65,67,69,70,80,82,86,88,95,96,103,106,114,115,123,126,128,131,137,150,154,156,171,188],"killed_by":"Spire Growth","ascension_level":0}}