{"host":"kyy1kus4tsuq869y","time":1608213945,"event":{"mods":["BaseMod","Downfall","GifTheSpireLib","HololiveMod","Hubris","Jorbs\u0027s Wanderer Trilogy","Marisa£®ÏF”Í°°ƒß¿Ì…≥£©","Minty Spire (QoL Compilation)","Quick Restart","READ ME - Guardian Mod","READ ME - Snecko Mod","Reimu£®≤©¿ˆ¡È√Œ£©","Remilia£®¿Ÿ√◊¿Ú—«£©","Replay The Spire","StSLib","Td1madao Mod","The Administrix","The Animator","The Bug Knight","The Construct","The Cursed","The Hierophant","The Runesmith","The Senshi","The Servant 0.9.4","Youmu£®ªÍ∆«—˝√Œ£©"],"gold_per_floor":[111,121,121,139,150,185,185,185,185],"floor_reached":8,"playtime":399,"items_purged":[],"score":116,"play_id":"0580daae-7b63-4296-82f6-3243232c3c84","local_time":"20201217220545","is_ascension_mode":true,"campfire_choices":[{"data":"Whirlwind","floor":7,"key":"SMITH"}],"circlet_count":0,"master_deck":["AscendersBane","Strike_R","Strike_R","Strike_R","Strike_R","Strike_R","Defend_R","Defend_R","Defend_R","Defend_R","Bash","Flex","Inflame","Reckless Charge","Whirlwind+1"],"relics":["Burning Blood","Bird Faced Urn","Matryoshka"],"acts_visited":["Exordium"],"potions_floor_usage":[8],"damage_taken":[{"damage":10,"enemies":"Small Slimes","floor":1,"turns":3},{"damage":1,"enemies":"Cultist","floor":2,"turns":3},{"damage":16,"enemies":"Jaw Worm","floor":4,"turns":5},{"damage":9,"enemies":"Lots of Slimes","floor":5,"turns":4},{"damage":35,"enemies":"3 Sentries","floor":6,"turns":5},{"damage":55,"enemies":"Gremlin Nob","floor":8,"turns":4}],"seed_played":"2019463863284817800","potions_obtained":[{"floor":1,"key":"champ:CounterPotion"},{"floor":2,"key":"LifebloodPotion"}],"is_trial":false,"path_per_floor":["M","M","$","M","M","E","R","E"],"character_chosen":"IRONCLAD","items_purchased":[],"campfire_rested":0,"item_purchase_floors":[],"current_hp_per_floor":[64,68,68,60,59,32,32,0,0],"gold":185,"neow_bonus":"ONE_RARE_RELIC","is_daily":false,"chose_seed":false,"campfire_upgraded":1,"win_rate":0.0,"timestamp":1608213945,"path_taken":["M","M","$","M","M","E","R","E"],"items_purchased_type":[],"build_version":"2020-12-13","purchased_purges":0,"victory":false,"max_hp_per_floor":[68,68,68,68,68,68,68,68,68],"card_choices":[{"not_picked":["Second Wind","Twin Strike"],"picked":"Flex","floor":1},{"not_picked":["Havoc","ReplayTheSpireMod:Muscle Training"],"picked":"Inflame","floor":2},{"not_picked":["Life Link","Shockwave"],"picked":"Reckless Charge","floor":4},{"not_picked":["ReplayTheSpireMod:Muscle Training","Anger"],"picked":"Whirlwind","floor":5},{"not_picked":["ReplayReversal","Body Slam","Thunderclap"],"picked":"SKIP","floor":6}],"player_experience":467599,"relics_obtained":[{"floor":6,"key":"Matryoshka"}],"event_choices":[],"is_beta":false,"boss_relics":[],"items_purged_floors":[],"is_endless":false,"potions_floor_spawned":[1,2,6],"killed_by":"Gremlin Nob","ascension_level":20}}