{"host":"fuszjwm6fqgjjp4d","time":1608193280,"event":{"mods":["BaseMod","Bestiary","Colored Map","DeckTracker","Minty Spire (QoL Compilation)","Permanent Neow","Relic Sorter","Relic Stats","StSLib"],"gold_per_floor":[119,133,283,208,223,248,248,258,258,272,272,302,302,314,314,386,386,398,398,357,73,73,73,73,73],"floor_reached":24,"playtime":1234,"items_purged":["Strike_G"],"score":392,"play_id":"ec87b00d-6876-4e0d-8ee0-b8ce6ba07aa9","local_time":"20201217022120","is_ascension_mode":true,"campfire_choices":[{"floor":11.0,"key":"REST"},{"data":"Venomology","floor":13.0,"key":"SMITH"},{"data":"Blade Dance","floor":15.0,"key":"SMITH"},{"floor":23,"key":"REST"}],"circlet_count":0,"master_deck":["AscendersBane","Strike_G","Strike_G","Strike_G","Strike_G","Defend_G","Defend_G","Defend_G","Defend_G","Defend_G","Survivor","Neutralize+1","Quick Slash","Infinite Blades","Deadly Poison","Blade Dance+1","Deflect","Venomology+1","Quick Slash","Leg Sweep","Burst","Blur","Venomology+1","Footwork","Accuracy","Venomology+1"],"relics":["Ring of the Snake","NeowsBlessing","Regal Pillow","Bottled Tornado","Odd Mushroom","SacredBark","DollysMirror"],"acts_visited":["Exordium","TheCity"],"potions_floor_usage":[16,16,16,18,20,20,24],"damage_taken":[{"damage":0.0,"enemies":"Small Slimes","floor":1.0,"turns":1.0},{"damage":0.0,"enemies":"Jaw Worm","floor":2.0,"turns":1.0},{"damage":0.0,"enemies":"2 Louse","floor":5.0,"turns":1.0},{"damage":52.0,"enemies":"Gremlin Nob","floor":6.0,"turns":5.0},{"damage":3.0,"enemies":"Looter","floor":8.0,"turns":3.0},{"damage":1.0,"enemies":"Exordium Thugs","floor":10.0,"turns":5.0},{"damage":6.0,"enemies":"The Mushroom Lair","floor":12.0,"turns":5.0},{"damage":0.0,"enemies":"2 Fungi Beasts","floor":14.0,"turns":3.0},{"damage":18,"enemies":"Slime Boss","floor":16,"turns":6},{"damage":38,"enemies":"Spheric Guardian","floor":18,"turns":8},{"damage":11,"enemies":"2 Thieves","floor":20,"turns":5},{"damage":40,"enemies":"Book of Stabbing","floor":24,"turns":5}],"seed_played":"7088815938053748128","potions_obtained":[{"floor":1.0,"key":"Energy Potion"},{"floor":6.0,"key":"GhostInAJar"},{"floor":8.0,"key":"SkillPotion"},{"floor":10.0,"key":"Weak Potion"}],"is_trial":false,"path_per_floor":["M","M","?","?","M","E","?","M","T","M","R","?","R","M","R","B",null,"M","?","M","$","?","R","E"],"character_chosen":"THE_SILENT","items_purchased":["Accuracy","DollysMirror"],"campfire_rested":2,"item_purchase_floors":[21,21],"current_hp_per_floor":[59,59,59,59,59,7,7,4,4,3,37,31,31,31,31,13,53,15,15,4,4,4,38,0,0],"gold":73,"neow_bonus":"THREE_ENEMY_KILL","is_daily":false,"chose_seed":false,"campfire_upgraded":2,"win_rate":0.0,"timestamp":1608193280,"path_taken":["M","M","?","?","?","E","?","M","T","M","R","?","R","M","R","BOSS","M","?","M","$","?","R","E"],"items_purchased_type":["Card","Relic"],"build_version":"2020-12-13","purchased_purges":1,"victory":false,"max_hp_per_floor":[66,66,66,66,66,66,66,66,66,66,66,66,66,66,66,66,66,66,66,66,66,66,66,66,66],"relic_stats":{"Regal Pillow":30,"counters":[12,48],"obtain_stats":[{"Regal Pillow":6,"NeowsBlessing":0,"DollysMirror":21,"SacredBark":17,"Bottled Tornado":9,"Odd Mushroom":12,"Ring of the Snake":0},{"Regal Pillow":4,"NeowsBlessing":0,"DollysMirror":11,"SacredBark":9,"Bottled Tornado":5,"Odd Mushroom":7,"Ring of the Snake":0},{"Regal Pillow":8,"NeowsBlessing":0,"DollysMirror":43,"SacredBark":30,"Bottled Tornado":11,"Odd Mushroom":21,"Ring of the Snake":0}],"Ring of the Snake":[24]},"card_choices":[{"not_picked":["Flechettes","Backflip"],"picked":"Quick Slash","floor":1.0},{"not_picked":["Endless Agony","Escape Plan"],"picked":"Infinite Blades","floor":2.0},{"not_picked":["Bane","Eviscerate"],"picked":"Deadly Poison","floor":5.0},{"not_picked":["Sucker Punch","All Out Attack"],"picked":"Blade Dance","floor":6.0},{"not_picked":["Dagger Throw","Quick Slash"],"picked":"Deflect","floor":8.0},{"not_picked":["Riddle With Holes","Sucker Punch"],"picked":"Venomology","floor":10.0},{"not_picked":["Heel Hook","Dagger Throw"],"picked":"Quick Slash","floor":12.0},{"not_picked":["Blade Dance","Dodge and Roll"],"picked":"Leg Sweep","floor":14.0},{"not_picked":["Unload","Corpse Explosion"],"picked":"Burst","floor":16},{"not_picked":["Prepared+1","Flechettes"],"picked":"Blur","floor":18},{"not_picked":["Cloak And Dagger","Dagger Spray"],"picked":"Footwork","floor":20}],"player_experience":1168380,"relics_obtained":[{"floor":6.0,"key":"Regal Pillow"},{"floor":9.0,"key":"Bottled Tornado"},{"floor":12.0,"key":"Odd Mushroom"}],"event_choices":[{"damage_healed":0.0,"max_hp_gain":0.0,"max_hp_loss":0.0,"gold_gain":150.0,"event_name":"Liars Game","player_choice":"AGREE","floor":3.0,"gold_loss":0.0,"damage_taken":0.0,"cards_obtained":["Doubt"]},{"cards_removed":["Doubt"],"damage_healed":0.0,"max_hp_gain":0.0,"max_hp_loss":0.0,"gold_gain":0.0,"event_name":"The Cleric","player_choice":"Card Removal","floor":4.0,"gold_loss":75.0,"damage_taken":0.0},{"damage_healed":0.0,"max_hp_gain":0.0,"max_hp_loss":0.0,"gold_gain":0.0,"event_name":"Living Wall","player_choice":"Grow","floor":7.0,"gold_loss":0.0,"damage_taken":0.0,"cards_upgraded":["Neutralize"]},{"damage_healed":0.0,"max_hp_gain":0.0,"max_hp_loss":0.0,"gold_gain":0.0,"event_name":"Mushrooms","player_choice":"Fought Mushrooms","floor":12.0,"gold_loss":0.0,"damage_taken":0.0},{"damage_healed":0,"gold_gain":0,"player_choice":"Copied","damage_taken":0,"max_hp_gain":0,"max_hp_loss":0,"event_name":"Duplicator","floor":19,"gold_loss":0,"cards_obtained":["Venomology"]},{"damage_healed":0,"gold_gain":0,"player_choice":"Ignored","damage_taken":0,"max_hp_gain":0,"max_hp_loss":0,"event_name":"Cursed Tome","floor":22,"gold_loss":0}],"is_beta":false,"boss_relics":[{"not_picked":["Runic Pyramid","Ring of the Serpent"],"picked":"SacredBark"}],"items_purged_floors":[21],"is_endless":false,"potions_floor_spawned":[1,6,8,10],"killed_by":"Book of Stabbing","ascension_level":20}}