{"host":"cwd5s03r1oaxs6mx","time":1608211485,"event":{"mods":["Act Like it!","BaseMod","Better Third Choice","BetterRewards","CapriCore","Card Filter","Colored Map","Custom Start","DeckTracker","Friendly Minions","Hubris","Infinite Spire","Minty Spire (QoL Compilation)","Quick Restart","Relic Stats","Shop Mod","Spicy Shops","StSLib","SuperFastMode"],"gold_per_floor":[119,119,131,131,131,131,160,160,237,292,309,342,362,389,389,490,490,510,510,99,116,82,107,107,107,107],"floor_reached":25,"playtime":837,"items_purged":["Strike_P","Strike_P","Defend_P","Strike_P+1"],"score":536,"play_id":"b6cc6e44-e640-4463-b702-667ad321f652","local_time":"20201217222445","is_ascension_mode":true,"campfire_choices":[{"data":"Study","floor":6,"key":"SMITH"},{"data":"Eruption","floor":8,"key":"SMITH"},{"floor":15,"key":"REST"}],"circlet_count":0,"master_deck":["Defend_P","Defend_P","Defend_P","Eruption+1","Vigilance+1","Fasting2+1","TalkToTheHand","Dramatic Entrance+1","Prostrate","Brilliance","Trip","Prostrate+1","Study+1","Dramatic Entrance+1","infinitespire:Fortify","LessonLearned","TalkToTheHand","DevaForm","BattleHymn","Prostrate"],"relics":["PureWater","Damaru","Membership Card","DollysMirror","infinitespire:PuzzleCube","Letter Opener","Art of War","Thread and Needle","Ginger","Sozu","Medical Kit","Oddly Smooth Stone","TeardropLocket","Pen Nib","hubris:Towel"],"acts_visited":["Exordium","TheCity"],"potions_floor_usage":[14,16,16],"damage_taken":[{"damage":0,"enemies":"Small Slimes","floor":1,"turns":2},{"damage":0,"enemies":"2 Louse","floor":3,"turns":1},{"damage":15,"enemies":"3 Sentries","floor":7,"turns":2},{"damage":0,"enemies":"Cultist","floor":11,"turns":4},{"damage":0,"enemies":"Lagavulin","floor":12,"turns":5},{"damage":0,"enemies":"Blue Slaver","floor":13,"turns":3},{"damage":12,"enemies":"Gremlin Nob","floor":14,"turns":3},{"damage":0,"enemies":"Hexaghost","floor":16,"turns":8},{"damage":5,"enemies":"Shell Parasite","floor":18,"turns":5},{"damage":0,"enemies":"Spheric Guardian","floor":21,"turns":4},{"damage":5,"enemies":"Gremlin Leader","floor":23,"turns":4},{"damage":59,"enemies":"Nightmare","floor":25,"turns":4}],"seed_played":"5679903409617779877","potions_obtained":[{"floor":1,"key":"Dexterity Potion"},{"floor":7,"key":"EntropicBrew"},{"floor":11,"key":"StancePotion"}],"is_trial":false,"path_per_floor":["M","?","M","?","?","R","E","R","T","T","M","E","M","E","R","B",null,"M","?","$","M","$","E","?","NM"],"character_chosen":"WATCHER","items_purchased":["Fasting2","TalkToTheHand","Dramatic Entrance","Prostrate","Damaru","Brilliance","Trip","Membership Card","Prostrate","Study","DollysMirror","BattleHymn","Medical Kit","Oddly Smooth Stone","TeardropLocket","Prostrate"],"campfire_rested":1,"item_purchase_floors":[0,0,0,0,0,0,0,0,0,0,0,20,20,20,20,22],"current_hp_per_floor":[65,48,48,48,41,41,26,26,26,26,26,26,26,14,35,35,63,58,58,58,58,58,53,53,0,0],"gold":107,"neow_bonus":"","is_daily":false,"chose_seed":false,"campfire_upgraded":2,"win_rate":0.0,"timestamp":1608211485,"path_taken":["M","?","M","?","?","R","E","R","T","?","M","E","M","E","R","BOSS","M","?","$","M","$","E","?","NM"],"items_purchased_type":["Card","Card","Card","Card","Relic","Card","Card","Relic","Card","Card","Relic","Card","Relic","Relic","Relic","Card"],"build_version":"2020-12-13","purchased_purges":4,"victory":false,"max_hp_per_floor":[72,72,72,72,72,72,72,72,72,72,72,72,72,72,72,72,72,72,72,72,72,72,72,72,72,72],"relic_stats":{"Sozu":2,"counters":[282,1151],"Pen Nib":[0],"Art of War":[6],"Letter Opener":[72],"Ginger":[1],"Medical Kit":[9],"obtain_stats":[{"infinitespire:BottledMercury":40,"Ginger":43,"Bottled Tornado":23,"hubris:MysteriousPyramids":17,"Blood Vial":7,"infinitespire:ShieldingShard":0,"Sundial":13,"hubris:AstralHammer":44,"infinitespire:Golems Mask":6,"MealTicket":29,"Fusion Hammer":34,"HandDrill":53,"Kunai":9,"MerchantsRug":14,"Pen Nib":26,"Akabeko":24,"infinitespire:Lychee Nut":10,"MutagenicStrength":31,"Bird Faced Urn":10,"Snecko Eye":0,"hubris:TenFootPole":40,"StrikeDummy":25,"infinitespire:PuzzleCube":9,"infinitespire:Cupcake":17,"hubris:Reverence":14,"Lantern":26,"Regal Pillow":48,"Singing Bowl":8,"Torii":53,"Bag of Preparation":23,"hubris:EmptyBottle":53,"Smiling Mask":6,"Ancient Tea Set":39,"Matryoshka":11,"hubris:Backtick":17,"hubris:ScarierMask":17,"hubris:CuriousFeather":11,"Chemical X":19,"infinitespire:Eraser":44,"InkBottle":14,"hubris:GlazedTorus":37,"Potion Belt":7,"Lee\u0027s Waffle":13,"NeowsBlessing":0,"Golden Idol":3,"hubris:64BitClover":9,"Damaru":0,"Thread and Needle":12,"The Courier":43,"infinitespire:Joker Card":26,"Omamori":48,"infinitespire:Lucky Rock":9,"hubris:Towel":19,"Frozen Egg 2":0,"MawBank":6,"GoldenEye":0,"Ornamental Fan":8,"Turnip":45,"Art of War":9,"Bottled Lightning":54,"Toy Ornithopter":53,"hubris:BottledRain":8,"Calipers":37,"hubris:CrystalStatue":6,"Gremlin Horn":54,"CeramicFish":9,"hubris:VirtuousBlindfold":17,"hubris:TerracottaHorce":17,"Sozu":17,"Centennial Puzzle":6,"HornCleat":7,"DollysMirror":53,"Strawberry":53,"VioletLotus":17,"Toxic Egg 2":5,"hubris:Teleporter":31,"hubris:DuctTape":9,"Happy Flower":48,"Oddly Smooth Stone":53,"infinitespire:Beetle Shell":7,"Letter Opener":46,"War Paint":6,"Question Card":47,"Shuriken":8,"hubris:PeanutButter":9,"Molten Egg 2":0,"Black Star":17,"Meat on the Bone":23,"Yang":54,"Mango":17,"Incense Burner":10,"hubris:SlimyHat":0,"TeardropLocket":20,"Empty Cage":34,"hubris:Icosahedron":12,"Mummified Hand":54,"Gambling Chip":0,"Pantograph":6,"Tiny Chest":10,"Red Mask":21,"Runic Pyramid":34,"infinitespire:FocusingShard":30,"Orichalcum":17,"Odd Mushroom":14,"Medical Kit":0,"Mercury Hourglass":38,"Calling Bell":17,"Cauldron":53,"Anchor":46,"CaptainsWheel":6,"infinitespire:WardingShard":9,"infinitespire:Satchel":12,"Bag of Marbles":41,"Membership Card":0,"PureWater":0,"hubris:Potato":0},{"infinitespire:BottledMercury":262,"Ginger":149,"Bottled Tornado":82,"hubris:MysteriousPyramids":210,"Blood Vial":22,"infinitespire:ShieldingShard":67,"Sundial":26,"hubris:AstralHammer":264,"infinitespire:Golems Mask":38,"MealTicket":141,"Fusion Hammer":260,"HandDrill":125,"Kunai":232,"MerchantsRug":166,"Pen Nib":32,"Akabeko":170,"infinitespire:Lychee Nut":74,"MutagenicStrength":114,"Bird Faced Urn":134,"Snecko Eye":159,"hubris:TenFootPole":119,"StrikeDummy":112,"infinitespire:PuzzleCube":237,"infinitespire:Cupcake":136,"hubris:Reverence":208,"Lantern":83,"Regal Pillow":124,"Singing Bowl":178,"Torii":226,"Bag of Preparation":187,"hubris:EmptyBottle":153,"Smiling Mask":64,"Ancient Tea Set":118,"Matryoshka":56,"hubris:Backtick":210,"hubris:ScarierMask":107,"hubris:CuriousFeather":16,"Chemical X":168,"infinitespire:Eraser":150,"InkBottle":181,"hubris:GlazedTorus":118,"Potion Belt":4,"Lee\u0027s Waffle":75,"NeowsBlessing":0,"Golden Idol":13,"hubris:64BitClover":133,"Damaru":270,"Thread and Needle":275,"The Courier":222,"infinitespire:Joker Card":255,"Omamori":152,"infinitespire:Lucky Rock":39,"hubris:Towel":28,"Frozen Egg 2":155,"MawBank":54,"GoldenEye":155,"Ornamental Fan":133,"Turnip":95,"Art of War":104,"Bottled Lightning":98,"Toy Ornithopter":153,"hubris:BottledRain":47,"Calipers":89,"hubris:CrystalStatue":177,"Gremlin Horn":126,"CeramicFish":192,"hubris:VirtuousBlindfold":8,"hubris:TerracottaHorce":27,"Sozu":278,"Centennial Puzzle":231,"HornCleat":246,"DollysMirror":268,"Strawberry":226,"VioletLotus":77,"Toxic Egg 2":3,"hubris:Teleporter":217,"hubris:DuctTape":73,"Happy Flower":267,"Oddly Smooth Stone":97,"infinitespire:Beetle Shell":104,"Letter Opener":224,"War Paint":73,"Question Card":96,"Shuriken":206,"hubris:PeanutButter":163,"Molten Egg 2":188,"Black Star":197,"Meat on the Bone":31,"Yang":154,"Mango":167,"Incense Burner":5,"hubris:SlimyHat":17,"TeardropLocket":279,"Empty Cage":115,"hubris:Icosahedron":105,"Mummified Hand":227,"Gambling Chip":67,"Pantograph":132,"Tiny Chest":247,"Red Mask":186,"Runic Pyramid":86,"infinitespire:FocusingShard":142,"Orichalcum":167,"Odd Mushroom":196,"Medical Kit":127,"Mercury Hourglass":221,"Calling Bell":167,"Cauldron":125,"Anchor":122,"CaptainsWheel":163,"infinitespire:WardingShard":4,"infinitespire:Satchel":166,"Bag of Marbles":148,"Membership Card":17,"PureWater":0,"hubris:Potato":155},{"infinitespire:BottledMercury":1064,"Ginger":584,"Bottled Tornado":312,"hubris:MysteriousPyramids":831,"Blood Vial":96,"infinitespire:ShieldingShard":267,"Sundial":106,"hubris:AstralHammer":1072,"infinitespire:Golems Mask":150,"MealTicket":558,"Fusion Hammer":1055,"HandDrill":500,"Kunai":932,"MerchantsRug":652,"Pen Nib":126,"Akabeko":677,"infinitespire:Lychee Nut":288,"MutagenicStrength":440,"Bird Faced Urn":531,"Snecko Eye":628,"hubris:TenFootPole":472,"StrikeDummy":434,"infinitespire:PuzzleCube":951,"infinitespire:Cupcake":541,"hubris:Reverence":816,"Lantern":316,"Regal Pillow":493,"Singing Bowl":707,"Torii":899,"Bag of Preparation":750,"hubris:EmptyBottle":603,"Smiling Mask":257,"Ancient Tea Set":468,"Matryoshka":218,"hubris:Backtick":831,"hubris:ScarierMask":412,"hubris:CuriousFeather":82,"Chemical X":665,"infinitespire:Eraser":587,"InkBottle":719,"hubris:GlazedTorus":468,"Potion Belt":10,"Lee\u0027s Waffle":290,"NeowsBlessing":0,"Golden Idol":61,"hubris:64BitClover":529,"Damaru":1106,"Thread and Needle":1120,"The Courier":877,"infinitespire:Joker Card":1033,"Omamori":596,"infinitespire:Lucky Rock":153,"hubris:Towel":112,"Frozen Egg 2":615,"MawBank":209,"GoldenEye":615,"Ornamental Fan":529,"Turnip":369,"Art of War":396,"Bottled Lightning":377,"Toy Ornithopter":603,"hubris:BottledRain":181,"Calipers":339,"hubris:CrystalStatue":701,"Gremlin Horn":503,"CeramicFish":761,"hubris:VirtuousBlindfold":33,"hubris:TerracottaHorce":111,"Sozu":1134,"Centennial Puzzle":929,"HornCleat":997,"DollysMirror":1095,"Strawberry":899,"VioletLotus":298,"Toxic Egg 2":4,"hubris:Teleporter":854,"hubris:DuctTape":283,"Happy Flower":1085,"Oddly Smooth Stone":376,"infinitespire:Beetle Shell":396,"Letter Opener":883,"War Paint":283,"Question Card":372,"Shuriken":811,"hubris:PeanutButter":642,"Molten Egg 2":751,"Black Star":782,"Meat on the Bone":122,"Yang":607,"Mango":660,"Incense Burner":20,"hubris:SlimyHat":83,"TeardropLocket":1139,"Empty Cage":447,"hubris:Icosahedron":400,"Mummified Hand":906,"Gambling Chip":267,"Pantograph":525,"Tiny Chest":1000,"Red Mask":746,"Runic Pyramid":328,"infinitespire:FocusingShard":563,"Orichalcum":660,"Odd Mushroom":773,"Medical Kit":512,"Mercury Hourglass":870,"Calling Bell":660,"Cauldron":500,"Anchor":485,"CaptainsWheel":642,"infinitespire:WardingShard":10,"infinitespire:Satchel":652,"Bag of Marbles":581,"Membership Card":83,"PureWater":0,"hubris:Potato":615}]},"card_choices":[{"not_picked":["Study","ForeignInfluence","JustLucky"],"picked":"SKIP","floor":1},{"not_picked":["infinitespire:SealOfDarkness+","infinitespire:FinalStrike"],"picked":"infinitespire:Fortify","floor":2},{"not_picked":["FlurryOfBlows","Fasting2","FlyingSleeves"],"picked":"SKIP","floor":3},{"not_picked":["ClearTheMind","Fasting2"],"picked":"LessonLearned","floor":7},{"not_picked":["EmptyBody","Meditate","WreathOfFlame"],"picked":"SKIP","floor":11},{"not_picked":["Sanctity","Evaluate","CutThroughFate"],"picked":"SKIP","floor":12},{"not_picked":["Crescendo","FollowUp","CutThroughFate"],"picked":"SKIP","floor":13},{"not_picked":["WaveOfTheHand","JustLucky"],"picked":"TalkToTheHand","floor":14},{"not_picked":["Ragnarok","Establishment"],"picked":"DevaForm","floor":16},{"not_picked":["Protect","ThirdEye","Collect"],"picked":"SKIP","floor":18},{"not_picked":["Conclude+1","Crescendo","Halt"],"picked":"SKIP","floor":21},{"not_picked":["ReachHeaven","ClearTheMind+1","Indignation"],"picked":"SKIP","floor":23}],"player_experience":927362,"relics_obtained":[{"floor":7,"key":"infinitespire:PuzzleCube"},{"floor":9,"key":"Letter Opener"},{"floor":10,"key":"Art of War"},{"floor":12,"key":"Thread and Needle"},{"floor":14,"key":"Ginger"},{"floor":23,"key":"Pen Nib"}],"event_choices":[{"damage_healed":0,"gold_gain":0,"player_choice":"Ignored","damage_taken":131,"max_hp_gain":0,"max_hp_loss":0,"event_name":"betterThird:BetterSerpent","floor":4,"gold_loss":0},{"cards_removed":["Strike_P"],"damage_healed":0,"gold_gain":0,"player_choice":"Card Removal","damage_taken":7,"max_hp_gain":0,"max_hp_loss":0,"event_name":"Golden Wing","floor":5,"gold_loss":0},{"damage_healed":0,"gold_gain":0,"player_choice":"Ignored","damage_taken":0,"max_hp_gain":0,"max_hp_loss":0,"event_name":"Ghosts","floor":19,"gold_loss":0}],"is_beta":false,"boss_relics":[{"not_picked":["Calling Bell","hubris:CrackedHourglass"],"picked":"Sozu"}],"items_purged_floors":[0,0,0,20],"is_endless":false,"potions_floor_spawned":[1,7,11,18,23],"killed_by":"Nightmare","ascension_level":6}}