{"host":"a7kkotolxcg5vljr","time":1608167780,"event":{"mods":["2.2 Compatiblity","AchievementEnabler","Act Like it!","BaseMod","Better Altar","Better Skull","Better Third Choice","Colored Map","Colored Powertips","Downfall","Hermit","Highlight Path","Marisa????????","Minty Spire (QoL Compilation)","Quick Restart","Rare Cards Sparkle","Replay The Spire","Spicy Shops","StSLib","The Cursed","The Disciple","The Servant 0.9.4"],"gold_per_floor":[118,118,133,3,0,35,48,48,48,79,99,113,142,142,142,270,270,296,220,220,252,252,287,287,344,344,344,348,348],"floor_reached":28,"playtime":759,"items_purged":["Looming Evil"],"score":349,"play_id":"e7bff007-ce44-4c3a-b683-16dd04a27b15","local_time":"20201216201620","is_ascension_mode":false,"campfire_choices":[{"floor":15,"key":"REST"},{"data":"1","floor":24,"key":"LIFT"}],"circlet_count":0,"master_deck":["Strike_G","Strike_G","Strike_G","Strike_G","Strike_G","Defend_G","Defend_G","Defend_G","Defend_G","Defend_G","Survivor","Neutralize","Poisoned Stab+1","Deadly Poison","Slice","Poisoned Stab","Quick Slash","Poison Darts","Apotheosis+1","Escape Plan","Dagger Throw","Acrobatics","Replay:Poison Smokescreen","Injury","After Image","Parasite","Sickly","Burst","Sickly","Deadly Poison","Slice+1","Sucker Punch+1"],"relics":["Ring of the Snake","NeowsBlessing","betterThird:SlimedRelic","Replay:PocketPolymizer","Girya","Replay:Baseball","Strawberry","Golden Idol","Replay:Ancient Bell","Replay:Bandana","Replay:WaspNest","The Specimen","Chemical X","Chameleon Ring","Question Card","Nloth\u0027s Gift"],"acts_visited":["Exordium","TheCity"],"potions_floor_usage":[10,10,16,16,25,28],"damage_taken":[{"damage":0,"enemies":"Jaw Worm","floor":1,"turns":1},{"damage":0,"enemies":"Small Slimes","floor":3,"turns":1},{"damage":0,"enemies":"Gremlin Nob","floor":6,"turns":1},{"damage":5,"enemies":"2 Louse","floor":7,"turns":2},{"damage":5,"enemies":"3 Sentries","floor":10,"turns":5},{"damage":0,"enemies":"Looter","floor":11,"turns":2},{"damage":23,"enemies":"Gremlin Gang","floor":12,"turns":4},{"damage":7,"enemies":"Lagavulin","floor":13,"turns":5},{"damage":0,"enemies":"Hexaghost","floor":16,"turns":7},{"damage":8,"enemies":"Spheric Guardian","floor":18,"turns":5},{"damage":0,"enemies":"Chosen","floor":21,"turns":5},{"damage":24,"enemies":"Book of Stabbing","floor":23,"turns":4},{"damage":32,"enemies":"Slavers","floor":25,"turns":5},{"damage":22,"enemies":"Shelled Parasite and Fungi","floor":28,"turns":2}],"seed_played":"-4805737080324941167","potions_obtained":[{"floor":3,"key":"Elixir"},{"floor":7,"key":"DuplicationPotion"},{"floor":10,"key":"Dexterity Potion"},{"floor":13,"key":"LifebloodPotion"},{"floor":18,"key":"Fire Potion"},{"floor":25,"key":"LiquidBronze"}],"is_trial":false,"path_per_floor":["M","?","M","$","?","E","M","?","T","E","M","M","E","?","R","B",null,"M","$","?","M","?","E","R","E","T","?","M"],"character_chosen":"THE_SILENT","items_purchased":["Slice","Poisoned Stab","ReplayTheSpireMod:CursedCoin","Chemical X"],"campfire_rested":1,"item_purchase_floors":[4,4,19,19],"current_hp_per_floor":[70,70,70,70,59,59,54,54,54,49,49,26,26,26,49,49,77,69,69,69,69,69,45,45,13,13,13,0,0],"gold":348,"neow_bonus":"THREE_ENEMY_KILL","is_daily":false,"chose_seed":false,"campfire_upgraded":0,"win_rate":0.0,"timestamp":1608167780,"path_taken":["M","?","M","$","?","E","M","?","T","E","M","M","E","?","R","BOSS","M","$","?","?","?","E","R","E","T","?","?"],"items_purchased_type":["Card","Card","Relic","Relic"],"build_version":"2020-12-13","purchased_purges":1,"victory":false,"max_hp_per_floor":[70,70,70,70,70,70,70,70,70,70,70,70,77,77,77,77,77,77,77,77,77,77,77,77,77,77,77,77,77],"card_choices":[{"not_picked":["Flying Knee","Dodge and Roll"],"picked":"Poisoned Stab","floor":1},{"not_picked":["Dodge and Roll","Sucker Punch"],"picked":"Deadly Poison","floor":3},{"not_picked":["Backstab","Hidden Blade"],"picked":"Quick Slash","floor":6},{"not_picked":["Dodge and Roll","Crippling Poison"],"picked":"Poison Darts","floor":7},{"not_picked":["PiercingWail","Masterful Stab"],"picked":"Escape Plan","floor":10},{"not_picked":["Hidden Blade","Quick Slash"],"picked":"Dagger Throw","floor":11},{"not_picked":["Deflect","Well Laid Plans"],"picked":"Acrobatics","floor":12},{"not_picked":["Distraction","Cloak And Dagger"],"picked":"Replay:Poison Smokescreen","floor":13},{"not_picked":["Unload","Die Die Die"],"picked":"After Image","floor":16},{"not_picked":["Voices","ReplayTheSpireMod:Faulty Equipment"],"picked":"Parasite","floor":17},{"not_picked":["Writhe","AbeCurse"],"picked":"Sickly","floor":17},{"not_picked":["Voices","ReplayTheSpireMod:Restless Dread"],"picked":"hermit:ImpendingDoom","floor":17},{"not_picked":["Acrobatics+1","Dagger Spray"],"picked":"Burst","floor":18},{"not_picked":["Prepared","Dagger Spray"],"picked":"Deadly Poison","floor":21},{"not_picked":["Backflip+1","Choke"],"picked":"Slice+1","floor":23},{"not_picked":["Dodge and Roll","Predator"],"picked":"Sucker Punch+1","floor":25}],"player_experience":338404,"relics_obtained":[{"floor":6,"key":"Replay:PocketPolymizer"},{"floor":9,"key":"Girya"},{"floor":10,"key":"Replay:Baseball"},{"floor":13,"key":"Strawberry"},{"floor":23,"key":"Chameleon Ring"},{"floor":25,"key":"Question Card"}],"event_choices":[{"damage_healed":0,"gold_gain":0,"player_choice":"Grow","damage_taken":0,"max_hp_gain":0,"max_hp_loss":0,"event_name":"Living Wall","floor":2,"gold_loss":0,"cards_upgraded":["Poisoned Stab"]},{"damage_healed":0,"gold_gain":0,"player_choice":"Slimed","damage_taken":11,"max_hp_gain":0,"max_hp_loss":0,"event_name":"betterThird:BetterGoop","floor":5,"gold_loss":3},{"damage_healed":54,"gold_gain":0,"player_choice":"Embrace","damage_taken":0,"max_hp_gain":0,"max_hp_loss":70,"event_name":"betterThird:BetterShining","floor":8,"gold_loss":0},{"damage_healed":0,"gold_gain":0,"player_choice":"Take Wound","damage_taken":0,"relics_obtained":["Golden Idol"],"max_hp_gain":0,"max_hp_loss":0,"event_name":"Golden Idol","floor":14,"gold_loss":0,"cards_obtained":["Injury"]},{"damage_healed":0,"gold_gain":0,"cards_transformed":["hermit:ImpendingDoom"],"player_choice":"Transformed","damage_taken":0,"max_hp_gain":0,"max_hp_loss":0,"event_name":"Transmorgrifier","floor":20,"gold_loss":0,"cards_obtained":["Sickly"]},{"damage_healed":0,"gold_gain":0,"player_choice":"Ignored","damage_taken":0,"max_hp_gain":0,"max_hp_loss":0,"event_name":"Vampires","floor":22,"gold_loss":0},{"damage_healed":0,"gold_gain":0,"player_choice":"Traded Relic","damage_taken":0,"relics_obtained":["Nloth\u0027s Gift"],"max_hp_gain":0,"max_hp_loss":0,"event_name":"N\u0027loth","floor":27,"relics_lost":["ReplayTheSpireMod:CursedCoin"],"gold_loss":0}],"is_beta":false,"boss_relics":[{"not_picked":["Tiny House","Honey Jar"],"picked":"Replay:Ancient Bell"},{"not_picked":["Dream Catcher","Bag of Preparation"],"picked":"Replay:Bandana"},{"not_picked":["ReplayTheSpireMod:Ninjato","Replay:Bottled Snecko"],"picked":"Replay:WaspNest"},{"not_picked":["Durian","FossilizedHelix"],"picked":"The Specimen"}],"items_purged_floors":[19],"is_endless":false,"potions_floor_spawned":[3,7,10,13,18,25],"killed_by":"Shelled Parasite and Fungi","ascension_level":0}}