{"host":"zekcc3vicrep0och","time":1608218232,"event":{"mods":["AchievementEnabler","BaseMod","Colored Map","Colored Powertips","Displayed Cursed Tome","Minty Spire (QoL Compilation)","Relic Stats","StSLib"],"gold_per_floor":[114,114,189,23,23,61,61,80,80,99,137,137,156,175,175,300,300,319,44,44,63,82,82,82],"floor_reached":23,"playtime":754,"items_purged":["Auto Shields"],"score":251,"play_id":"685ad291-6648-479f-a0d2-8922a145dd5c","local_time":"20201217181712","daily_mods":["Specialized","Flight","Lethality"],"is_ascension_mode":false,"campfire_choices":[{"data":"Apotheosis","floor":12.0,"key":"SMITH"},{"floor":15.0,"key":"REST"}],"circlet_count":0,"master_deck":["Strike_B","Defend_B","Defend_B","Defend_B","Defend_B","Zap","Dualcast+1","White Noise","White Noise","White Noise","White Noise","White Noise","Ball Lightning","Apotheosis+1","Chill","Force Field","Conserve Battery","FTL+1","Reboot","Auto Shields+1","Conserve Battery+1","Beam Cell+1","Recycle+1","Coolheaded"],"relics":["Cracked Core","Golden Idol","Strawberry","Pear","Bottled Flame","Sundial","Astrolabe","Sling"],"acts_visited":["Exordium","TheCity"],"potions_floor_usage":[22,23],"damage_taken":[{"damage":9.0,"enemies":"Cultist","floor":1.0,"turns":3.0},{"damage":12.0,"enemies":"3 Sentries","floor":6.0,"turns":2.0},{"damage":8.0,"enemies":"2 Louse","floor":8.0,"turns":2.0},{"damage":14.0,"enemies":"Jaw Worm","floor":10.0,"turns":2.0},{"damage":0.0,"enemies":"Gremlin Nob","floor":11.0,"turns":2.0},{"damage":1.0,"enemies":"2 Fungi Beasts","floor":13.0,"turns":3.0},{"damage":0.0,"enemies":"3 Louse","floor":14.0,"turns":4.0},{"damage":22.0,"enemies":"Hexaghost","floor":16.0,"turns":7.0},{"damage":50.0,"enemies":"3 Byrds","floor":18.0,"turns":5.0},{"damage":1,"enemies":"Chosen","floor":21,"turns":4},{"damage":4,"enemies":"Centurion and Healer","floor":22,"turns":5},{"damage":32,"enemies":"Slavers","floor":23,"turns":2}],"seed_played":"-4230686447748436371","potions_obtained":[{"floor":8.0,"key":"FearPotion"},{"floor":10.0,"key":"Block Potion"},{"floor":13.0,"key":"Dexterity Potion"},{"floor":14.0,"key":"PotionOfCapacity"},{"floor":21,"key":"Energy Potion"}],"is_trial":false,"path_per_floor":["M","?","?","$","?","E","?","M","T","M","E","R","M","M","R","B",null,"M","$","?","M","M","E"],"character_chosen":"DEFECT","items_purchased":["Apotheosis","Sling","Block Potion"],"campfire_rested":1,"item_purchase_floors":[4,19,19],"current_hp_per_floor":[66,66,55,55,55,50,42,34,34,20,20,20,19,19,44,22,86,36,36,36,35,31,0,0],"gold":82,"neow_bonus":"","is_daily":true,"chose_seed":false,"campfire_upgraded":1,"win_rate":0.0,"timestamp":1608218232,"path_taken":["M","?","?","?","?","E","?","M","T","M","E","R","M","M","R","BOSS","M","$","?","?","M","E"],"items_purchased_type":["Card","Relic","Potion"],"build_version":"2020-12-13","purchased_purges":1,"victory":false,"max_hp_per_floor":[75,75,75,75,69,76,86,86,86,86,86,86,86,86,86,86,86,86,86,86,86,86,86,86],"relic_stats":{"counters":[12,41],"Golden Idol":69,"Sundial":[4],"Astrolabe":["Auto Shields","Conserve Battery","Beam Cell"],"obtain_stats":[{"Bottled Flame":9,"Pear":7,"Golden Idol":5,"Sundial":11,"Strawberry":6,"Astrolabe":17,"Cracked Core":0,"Sling":19},{"Bottled Flame":3,"Pear":2,"Golden Idol":1,"Sundial":5,"Strawberry":2,"Astrolabe":8,"Cracked Core":0,"Sling":9},{"Bottled Flame":7,"Pear":5,"Golden Idol":3,"Sundial":11,"Strawberry":5,"Astrolabe":25,"Cracked Core":0,"Sling":30}]},"card_choices":[{"not_picked":["Redo","Self Repair"],"picked":"Ball Lightning","floor":1.0},{"not_picked":["Streamline","Redo","Compile Driver"],"picked":"SKIP","floor":6.0},{"not_picked":["Genetic Algorithm","Reinforced Body"],"picked":"Auto Shields","floor":8.0},{"not_picked":["Steam","Chaos"],"picked":"Chill","floor":10.0},{"not_picked":["Barrage","Ball Lightning"],"picked":"Force Field","floor":11.0},{"not_picked":["Go for the Eyes","Steam"],"picked":"Conserve Battery","floor":13.0},{"not_picked":["Melter","Rebound"],"picked":"FTL","floor":14.0},{"not_picked":["Thunder Strike","Machine Learning"],"picked":"Reboot","floor":16.0},{"not_picked":["Compile Driver","Stack"],"picked":"Recycle+1","floor":18.0},{"not_picked":["Beam Cell","Reinforced Body+1","Reprogram+1"],"picked":"SKIP","floor":21},{"not_picked":["Melter","Streamline"],"picked":"Coolheaded","floor":22}],"player_experience":430619,"relics_obtained":[{"floor":6.0,"key":"Strawberry"},{"floor":9.0,"key":"Bottled Flame"},{"floor":11.0,"key":"Sundial"}],"event_choices":[{"damage_healed":0.0,"max_hp_gain":0.0,"max_hp_loss":0.0,"gold_gain":0.0,"event_name":"Living Wall","player_choice":"Grow","floor":2.0,"gold_loss":0.0,"damage_taken":0.0,"cards_upgraded":["Dualcast"]},{"damage_healed":0.0,"max_hp_gain":0.0,"max_hp_loss":0.0,"gold_gain":75.0,"event_name":"World of Goop","player_choice":"Gather Gold","floor":3.0,"gold_loss":0.0,"damage_taken":11.0},{"damage_healed":0.0,"max_hp_gain":0.0,"max_hp_loss":6.0,"gold_gain":0.0,"event_name":"Golden Idol","player_choice":"Lose Max HP","floor":5.0,"gold_loss":0.0,"damage_taken":0.0,"relics_obtained":["Golden Idol"]},{"damage_healed":0.0,"max_hp_gain":0.0,"max_hp_loss":0.0,"gold_gain":0.0,"event_name":"Scrap Ooze","player_choice":"Success","floor":7.0,"gold_loss":0.0,"damage_taken":18.0,"relics_obtained":["Pear"]},{"damage_healed":0.0,"max_hp_gain":0.0,"max_hp_loss":0.0,"gold_gain":0.0,"event_name":"Accursed Blacksmith","player_choice":"Forge","floor":20.0,"gold_loss":0.0,"damage_taken":0.0,"cards_upgraded":["FTL"]}],"is_beta":false,"boss_relics":[{"not_picked":["Runic Pyramid","Busted Crown"],"picked":"Astrolabe"}],"items_purged_floors":[19],"is_endless":false,"potions_floor_spawned":[8,10,13,14,21],"killed_by":"Slavers","ascension_level":0}}