{"host":"951sez6ulsv0fw1i","time":1608222488,"event":{"mods":["2.2 Compatiblity","Aspiration","BaseMod","Better Third Choice","BetterRewards","CCEM","CapriCore","Conspire","Downfall","Googly Eyes","Hermit","Infinite Spire","JesterMod","Luminous","Mari Mod (Legacy)","Mari\u0027s V1 Patch","Marisa????????","Minty Spire (QoL Compilation)","Potionbrewer","Reimu??????","Shade Mod","StSLib","The Cursed","The Immortal","The Runesmith","The Servant 0.9.4","TheBandit","TheSwordswoman"],"gold_per_floor":[112,125,139,156,156,156,187,147,171,198,212,223,254,264,264,366,366,376,376,388,400,412,412,441,441,441,457,457,470,485,511,511,607,607,623,623,669,217,229,257,257,274,274,290,306,306,340,178,178,178,178],"floor_reached":50,"playtime":2511,"items_purged":[],"score":698,"play_id":"8055e1bc-ba3f-44df-9e55-19654fdaa9dc","local_time":"20201217172808","is_ascension_mode":false,"campfire_choices":[{"data":"hermit:GoldenBullet","floor":6,"key":"SMITH"},{"data":"hermit:TakeCover","floor":15,"key":"SMITH"},{"data":"hermit:FatalDesire","floor":23,"key":"SMITH"},{"floor":28,"key":"REST"},{"floor":32,"key":"RECALL"},{"floor":41,"key":"REST"},{"data":"hermit:Covet","floor":46,"key":"SMITH"},{"data":"expansioncontent:Collect","floor":49,"key":"SMITH"}],"circlet_count":0,"master_deck":["hermit:Strike_Hermit","hermit:Strike_Hermit","hermit:Strike_Hermit","hermit:Strike_Hermit","hermit:Defend_Hermit+1","hermit:Defend_Hermit+1","hermit:Defend_Hermit","hermit:Snapshot","hermit:Covet+1","hermit:TrackingShot","hermit:Glare","hermit:Misfire","hermit:GoldenBullet+1","infinitespire:Collect","hermit:Misfire","hermit:Headshot","hermit:FatalDesire+1","hermit:Glare","hermit:TakeCover+1","hermit:Enervate","hermit:Reprieve+1","hermit:Coalescence","hermit:Horror+1","hermit:CursedWeapon","hermit:Horror","hermit:Virtue+1","expansioncontent:SlimeTackle","Bandage Up","hermit:Ricochet+1","hermit:Grudge","hermit:Roughhouse","hermit:CalledShot+1","hermit:Determination+1","hermit:TakeAim","hermit:Misfire+1","hermit:Roulette+1","hermit:ItchyTrigger+1","expansioncontent:Collect+1"],"relics":["hermit:Momento","NeowsBlessing","MealTicket","PaintedHorse:ReiMu","Runesmith:AutoHammer","infinitespire:Lucky Rock","Strawberry","SlaversCollar","Red Mask","CCEMRelics:DissonantTune","War Paint","Black Star","Ginger","Chemical X","infinitespire:BottledMercury","CCEMRelics:Barrel","aspiration:FetidBarrel","Omamori","conspire:DeflatedDodgeball"],"acts_visited":["Exordium","TheCity","TheBeyond"],"potions_floor_usage":[10,24,32,37,40,45,50,50],"damage_taken":[{"damage":0,"enemies":"Cultist","floor":1,"turns":1},{"damage":0,"enemies":"Small Slimes","floor":2,"turns":1},{"damage":0,"enemies":"Jaw Worm","floor":3,"turns":1},{"damage":2,"enemies":"Large Slime","floor":4,"turns":5},{"damage":15,"enemies":"Gremlin Nob","floor":7,"turns":4},{"damage":9,"enemies":"3 Sentries","floor":10,"turns":5},{"damage":0,"enemies":"Red Slaver","floor":11,"turns":1},{"damage":4,"enemies":"2 Fungi Beasts","floor":12,"turns":3},{"damage":0,"enemies":"Lagavulin","floor":13,"turns":2},{"damage":0,"enemies":"3 Louse","floor":14,"turns":2},{"damage":0,"enemies":"Slime Boss","floor":16,"turns":5},{"damage":0,"enemies":"Spheric Guardian","floor":18,"turns":2},{"damage":13,"enemies":"3 Byrds","floor":20,"turns":4},{"damage":0,"enemies":"Snecko","floor":21,"turns":2},{"damage":14,"enemies":"Shelled Parasite and Fungi","floor":22,"turns":4},{"damage":0,"enemies":"Masked Bandits","floor":24,"turns":2},{"damage":11,"enemies":"Snake Plant","floor":27,"turns":4},{"damage":11,"enemies":"Centurion and Healer","floor":29,"turns":3},{"damage":3,"enemies":"Shelled Parasite and Fungi","floor":30,"turns":4},{"damage":2,"enemies":"Gremlin Leader","floor":31,"turns":3},{"damage":43,"enemies":"conspire:MysteriousRune","floor":33,"turns":7},{"damage":10,"enemies":"Orb Walker","floor":35,"turns":3},{"damage":42,"enemies":"2 Orb Walkers","floor":37,"turns":4},{"damage":29,"enemies":"3 Shapes","floor":39,"turns":3},{"damage":7,"enemies":"Reptomancer","floor":40,"turns":3},{"damage":8,"enemies":"3 Darklings","floor":42,"turns":5},{"damage":5,"enemies":"Writhing Mass","floor":44,"turns":3},{"damage":28,"enemies":"Spire Growth","floor":45,"turns":4},{"damage":6,"enemies":"Giant Head","floor":47,"turns":4},{"damage":71,"enemies":"Time Eater","floor":50,"turns":10}],"seed_played":"-2966207418332978645","potions_obtained":[{"floor":1,"key":"AttackPotion"},{"floor":2,"key":"Dexterity Potion"},{"floor":4,"key":"Explosive Potion"},{"floor":12,"key":"sneckomod:MuddlingPotion"},{"floor":16,"key":"Explosive Potion"},{"floor":22,"key":"MagicPotion:ReiMu"},{"floor":27,"key":"hermit:Tonic"},{"floor":29,"key":"potionbrewer:BlacksmithPotion"},{"floor":39,"key":"PowerPotion"},{"floor":42,"key":"EssenceOfSteel"}],"is_trial":false,"path_per_floor":["M","M","M","M","?","R","E","?","T","E","M","M","E","M","R","B",null,"M","?","M","M","M","R","?","?","T","M","R","M","M","E","R","B",null,"M","?","?","$","M","E","R","M","T","M","M","R","E","$","R","B"],"character_chosen":"HERMIT","items_purchased":["Chemical X","infinitespire:BottledMercury","PowerPotion","expansioncontent:Collect","hexamod:EctoCoolerPotion"],"campfire_rested":2,"item_purchase_floors":[38,38,38,48,48],"current_hp_per_floor":[75,75,75,73,55,55,40,40,40,31,31,27,34,34,34,34,82,82,82,69,69,55,55,55,30,30,23,47,36,41,47,47,12,82,74,74,40,55,26,23,47,43,43,50,34,34,36,51,51,0,0],"gold":178,"neow_bonus":"THREE_ENEMY_KILL","is_daily":false,"chose_seed":false,"campfire_upgraded":5,"win_rate":0.0,"timestamp":1608222488,"path_taken":["M","M","?","M","?","R","E","?","T","E","M","M","E","M","R","BOSS","M","?","?","M","M","R","?","?","T","M","R","M","M","E","R","BOSS","M","?","?","?","M","E","R","?","T","M","?","R","E","$","R","BOSS"],"items_purchased_type":["Relic","Relic","Potion","Card","Potion"],"build_version":"2020-12-13","purchased_purges":0,"victory":false,"max_hp_per_floor":[75,75,75,75,75,75,75,75,75,75,75,75,82,82,82,82,82,82,82,82,82,82,82,82,82,82,82,82,82,82,82,82,82,82,82,82,82,82,82,82,82,82,82,82,82,82,82,82,82,82,82],"card_choices":[{"not_picked":["hermit:Glare","hermit:Ricochet"],"picked":"hermit:TrackingShot","floor":1},{"not_picked":["hermit:Coalescence","hermit:LuckOfTheDraw"],"picked":"hermit:Glare","floor":2},{"not_picked":["hermit:Ricochet","hermit:HighCaliber"],"picked":"hermit:Misfire","floor":3},{"not_picked":["hermit:Misfire","hermit:Roulette"],"picked":"hermit:GoldenBullet","floor":4},{"not_picked":["infinitespire:DeathsTouch","infinitespire:Gouge"],"picked":"infinitespire:Collect","floor":5},{"not_picked":["hermit:Malice","hermit:SprayPray"],"picked":"hermit:Misfire","floor":7},{"not_picked":["hermit:WideOpen","hermit:BodyArmor"],"picked":"hermit:Headshot","floor":10},{"not_picked":["hermit:HighCaliber","hermit:Snipe"],"picked":"hermit:FatalDesire","floor":11},{"not_picked":["hermit:Shortfuse","hermit:Ricochet"],"picked":"hermit:Glare","floor":12},{"not_picked":["hermit:BodyArmor","hermit:Headshot"],"picked":"hermit:TakeCover","floor":13},{"not_picked":["hermit:EyeOfTheStorm","hermit:Dive"],"picked":"hermit:Enervate","floor":14},{"not_picked":["hermit:EternalForm","hermit:OverwhelmingPower"],"picked":"hermit:Reprieve","floor":16},{"not_picked":["hermit:HighCaliber","hermit:Coalescence","hermit:Dive"],"picked":"SKIP","floor":18},{"not_picked":["hermit:Purgatory","hermit:ItchyTrigger+1"],"picked":"hermit:Horror+1","floor":20},{"not_picked":["hermit:Misfire","hermit:Dive"],"picked":"hermit:CursedWeapon","floor":21},{"not_picked":["hermit:Quickdraw","hermit:ItchyTrigger"],"picked":"hermit:Horror","floor":22},{"not_picked":["hermit:Malice","hermit:Glare"],"picked":"hermit:Virtue+1","floor":24},{"not_picked":["hermit:SprayPray","hermit:Spite"],"picked":"hermit:Ricochet+1","floor":27},{"not_picked":["hermit:Snipe","hermit:LuckOfTheDraw","hermit:NoHoldsBarred+1"],"picked":"SKIP","floor":29},{"not_picked":["hermit:ItchyTrigger","hermit:Dive"],"picked":"hermit:Grudge","floor":30},{"not_picked":["hermit:Coalescence","hermit:TrackingShot+1"],"picked":"hermit:Roughhouse","floor":31},{"not_picked":["hermit:Purgatory","hermit:FromBeyond"],"picked":"hermit:Roughhouse","floor":33},{"not_picked":["hermit:FullyLoaded+1","hermit:Shortfuse+1"],"picked":"hermit:CalledShot+1","floor":35},{"not_picked":["hermit:SprayPray","hermit:TrackingShot"],"picked":"hermit:Determination+1","floor":37},{"not_picked":["hermit:EyeOfTheStorm+1","hermit:NoHoldsBarred+1"],"picked":"hermit:TakeAim","floor":39},{"not_picked":["hermit:WideOpen+1","hermit:TakeAim+1","hermit:Coalescence+1"],"picked":"SKIP","floor":40},{"not_picked":["hermit:CalledShot","hermit:Shortfuse"],"picked":"hermit:Misfire+1","floor":42},{"not_picked":["hermit:LowProfile+1","hermit:Coalescence+1"],"picked":"hermit:Roulette+1","floor":44},{"not_picked":["hermit:Roulette+1","hermit:Shortfuse","hermit:LuckOfTheDraw+1"],"picked":"SKIP","floor":45},{"not_picked":["hermit:Virtue","hermit:Grudge"],"picked":"hermit:ItchyTrigger+1","floor":47}],"player_experience":502111,"relics_obtained":[{"floor":7,"key":"MealTicket"},{"floor":9,"key":"Runesmith:AutoHammer"},{"floor":10,"key":"infinitespire:Lucky Rock"},{"floor":13,"key":"Strawberry"},{"floor":24,"key":"Red Mask"},{"floor":26,"key":"CCEMRelics:DissonantTune"},{"floor":31,"key":"War Paint"},{"floor":37,"key":"Ginger"},{"floor":40,"key":"CCEMRelics:Barrel"},{"floor":40,"key":"aspiration:FetidBarrel"},{"floor":47,"key":"Omamori"},{"floor":47,"key":"conspire:DeflatedDodgeball"}],"event_choices":[{"damage_healed":0,"gold_gain":0,"player_choice":"Donate","damage_taken":0,"relics_obtained":["PaintedHorse:ReiMu"],"max_hp_gain":0,"max_hp_loss":0,"event_name":"yidonshenshe","floor":8,"gold_loss":40},{"damage_healed":0,"gold_gain":0,"cards_transformed":["hermit:Defend_Hermit"],"player_choice":"Transformed","damage_taken":0,"max_hp_gain":0,"max_hp_loss":0,"event_name":"Transmorgrifier","floor":19,"gold_loss":0,"cards_obtained":["hermit:Coalescence"]},{"damage_healed":0,"gold_gain":0,"player_choice":"Fought Bandits","damage_taken":0,"max_hp_gain":0,"max_hp_loss":0,"event_name":"Masked Bandits","floor":24,"gold_loss":0},{"damage_healed":0,"gold_gain":0,"player_choice":"POTION CARD CARD ","damage_taken":25,"max_hp_gain":0,"max_hp_loss":0,"event_name":"Knowing Skull","floor":25,"potions_obtained":["hermit:BlackBile"],"gold_loss":0,"cards_obtained":["expansioncontent:SlimeTackle","Bandage Up"]},{"cards_removed":["hermit:Roughhouse"],"damage_healed":0,"gold_gain":0,"player_choice":"Removed Attack","damage_taken":0,"max_hp_gain":0,"max_hp_loss":0,"event_name":"Falling","floor":36,"gold_loss":0},{"damage_healed":0,"gold_gain":0,"player_choice":"Fight","damage_taken":0,"max_hp_gain":0,"max_hp_loss":0,"event_name":"Mysterious Sphere","floor":37,"gold_loss":0}],"is_beta":false,"boss_relics":[{"not_picked":["Busted Crown","Runesmith:UraniumAnvil"],"picked":"SlaversCollar"},{"not_picked":["aspiration:SecretTechniqueScroll","hermit:DentedPlate"],"picked":"Black Star"}],"items_purged_floors":[],"is_endless":false,"potions_floor_spawned":[1,2,4,12,16,22,27,29,39,42,44],"killed_by":"Time Eater","ascension_level":0}}