{"host":"sum4dy402bbv9y4o","time":1608231646,"event":{"mods":["Aspiration","BaseMod","Conspire","Highlight Path","Minty Spire (QoL Compilation)","StSLib"],"gold_per_floor":[118,14,14,30,49,49,83,83,129,129,148,148,177,191,191,267,267,277,291,83,116,116,116,116,116,116,65,65,93,105,123,123,195,195,213,47,47,47,66,66,100,115,115,115,130,130,158,178,178,178,178],"floor_reached":50,"playtime":1943,"items_purged":["Defend_P","Judgement"],"score":1056,"play_id":"f16194aa-6931-482c-8139-5b5c3321595f","local_time":"20201217220046","is_ascension_mode":true,"campfire_choices":[{"data":"Eruption","floor":6,"key":"SMITH"},{"data":"Glass Knife","floor":10,"key":"SMITH"},{"data":"Wallop","floor":12,"key":"SMITH"},{"floor":15,"key":"REST"},{"floor":23,"key":"REST"},{"data":"TalkToTheHand","floor":25,"key":"SMITH"},{"data":"Adaptation","floor":32,"key":"SMITH"},{"data":"Conclude","floor":40,"key":"SMITH"},{"floor":46,"key":"REST"},{"floor":49,"key":"REST"}],"circlet_count":0,"master_deck":["AscendersBane","Eruption+1","Vigilance","Sanctity+1","Wallop+1","Evaluate+1","Choke","Glass Knife+1","Prepared","Tantrum","BowlingBash","FlurryOfBlows","Conclude+1","Adaptation+1","SpiritShield+1","Judgement+1","ClearTheMind+1","TalkToTheHand+1","Panacea","Perseverance+1","TalkToTheHand+1","Infinite Blades","Beam Cell","Ball Lightning","Writhe","FlurryOfBlows+1","Pummel+1"],"relics":["PureWater","White Beast Statue","Art of War","Bronze Scales","Astrolabe","Red Mask","PrismaticShard","TeardropLocket","Happy Flower","Ginger","VioletLotus","War Paint","InkBottle","Vajra","Mercury Hourglass"],"acts_visited":["Exordium","TheCity","TheBeyond"],"potions_floor_usage":[7,16,16,29,33,33,35,41,41,47,50],"damage_taken":[{"damage":12,"enemies":"Small Slimes","floor":1,"turns":4},{"damage":1,"enemies":"Jaw Worm","floor":4,"turns":3},{"damage":0,"enemies":"Cultist","floor":5,"turns":2},{"damage":7,"enemies":"Lagavulin","floor":7,"turns":4},{"damage":0,"enemies":"2 Fungi Beasts","floor":11,"turns":1},{"damage":22,"enemies":"Gremlin Nob","floor":13,"turns":3},{"damage":0,"enemies":"Large Slime","floor":14,"turns":2},{"damage":22,"enemies":"Hexaghost","floor":16,"turns":5},{"damage":0,"enemies":"3 Byrds","floor":18,"turns":3},{"damage":13,"enemies":"Shell Parasite","floor":19,"turns":5},{"damage":0,"enemies":"Masked Bandits","floor":21,"turns":2},{"damage":4,"enemies":"Gremlin Leader","floor":29,"turns":4},{"damage":0,"enemies":"Centurion and Healer","floor":30,"turns":3},{"damage":0,"enemies":"Shelled Parasite and Fungi","floor":31,"turns":3},{"damage":36,"enemies":"conspire:MysteriousRune","floor":33,"turns":7},{"damage":0,"enemies":"Orb Walker","floor":35,"turns":2},{"damage":16,"enemies":"3 Shapes","floor":39,"turns":2},{"damage":4,"enemies":"Giant Head","floor":41,"turns":5},{"damage":13,"enemies":"Sphere and 2 Shapes","floor":42,"turns":4},{"damage":0,"enemies":"Maw","floor":45,"turns":5},{"damage":28,"enemies":"Reptomancer","floor":47,"turns":5},{"damage":9,"enemies":"Writhing Mass","floor":48,"turns":5},{"damage":34,"enemies":"conspire:OrnateMirror","floor":50,"turns":5}],"seed_played":"-3628210790008793491","potions_obtained":[{"floor":1,"key":"PowerPotion"},{"floor":5,"key":"Ancient Potion"},{"floor":11,"key":"Strength Potion"},{"floor":13,"key":"SkillPotion"},{"floor":16,"key":"StancePotion"},{"floor":18,"key":"Swift Potion"},{"floor":29,"key":"PowerPotion"},{"floor":33,"key":"Regen Potion"},{"floor":35,"key":"Strength Potion"},{"floor":39,"key":"FearPotion"},{"floor":41,"key":"FearPotion"},{"floor":42,"key":"AttackPotion"},{"floor":47,"key":"SpeedPotion"}],"is_trial":false,"path_per_floor":["M","$","?","M","M","R","E","?","T","R","M","R","E","M","R","B",null,"M","M","$","?","?","R","$","R","T","$","?","E","M","M","R","B",null,"M","$","?","?","M","R","E","M","T","?","M","R","E","M","R","B"],"character_chosen":"WATCHER","items_purchased":["Evaluate","Panacea","BowlingBash","War Paint"],"campfire_rested":4,"item_purchase_floors":[2,20,27,36],"current_hp_per_floor":[49,49,49,48,48,48,41,41,41,41,41,41,19,19,39,17,55,55,42,42,42,30,50,50,50,50,50,50,46,46,46,46,10,54,59,59,59,68,52,52,48,35,35,31,31,51,23,14,34,0,0],"gold":178,"neow_bonus":"TRANSFORM_CARD","is_daily":false,"chose_seed":false,"campfire_upgraded":6,"win_rate":0.0,"timestamp":1608231646,"path_taken":["M","$","?","M","M","R","E","?","T","R","M","R","E","M","R","BOSS","M","M","$","?","?","R","?","R","T","$","?","E","?","M","R","BOSS","M","$","?","?","M","R","E","M","T","?","?","R","E","M","R","BOSS"],"items_purchased_type":["Card","Card","Card","Relic"],"build_version":"2020-12-13","purchased_purges":2,"victory":false,"max_hp_per_floor":[68,68,68,68,68,68,68,68,68,68,68,68,68,68,68,68,68,68,68,68,68,68,68,68,68,68,68,68,68,68,68,68,68,68,68,68,68,68,68,68,68,68,68,68,68,68,68,68,68,68,68],"card_choices":[{"not_picked":["CutThroughFate","FollowUp"],"picked":"Wallop","floor":1},{"not_picked":["ClearTheMind","CarveReality"],"picked":"Tantrum","floor":4},{"not_picked":["Protect","Prostrate"],"picked":"BowlingBash","floor":5},{"not_picked":["BowlingBash","WheelKick"],"picked":"FlurryOfBlows","floor":7},{"not_picked":["Evaluate","Vault"],"picked":"Conclude","floor":11},{"not_picked":["Wireheading","SpiritShield","JustLucky"],"picked":"SKIP","floor":13},{"not_picked":["Consecrate","JustLucky"],"picked":"Adaptation","floor":14},{"not_picked":["DevaForm","Vault"],"picked":"Judgement","floor":16},{"not_picked":["ClearTheMind","BowlingBash"],"picked":"TalkToTheHand","floor":18},{"not_picked":["ClearTheMind+1","ForeignInfluence","BowlingBash"],"picked":"SKIP","floor":19},{"not_picked":["Indignation+1","Tantrum"],"picked":"Perseverance+1","floor":21},{"not_picked":["FlyingSleeves","Good Instincts"],"picked":"TalkToTheHand+1","floor":29},{"not_picked":["Evolve+1","Dodge and Roll"],"picked":"Infinite Blades","floor":30},{"not_picked":["Exhume","Stack"],"picked":"Beam Cell","floor":31},{"not_picked":["Chaos","Blade Dance"],"picked":"Ball Lightning","floor":35},{"not_picked":["Undo+1","PathToVictory+1","Ghostly Armor"],"picked":"SKIP","floor":39},{"not_picked":["Sweeping Beam","Quick Slash"],"picked":"FlurryOfBlows+1","floor":41},{"not_picked":["Underhanded Strike","Slice"],"picked":"Pummel+1","floor":42},{"not_picked":["Metallicize+1","Blood for Blood+1","Deadly Poison"],"picked":"SKIP","floor":45},{"not_picked":["Masterful Stab","Crescendo","Twin Strike"],"picked":"SKIP","floor":47},{"not_picked":["Sword Boomerang","Heatsinks","Glacier+1"],"picked":"SKIP","floor":48}],"player_experience":2813612,"relics_obtained":[{"floor":7,"key":"White Beast Statue"},{"floor":9,"key":"Art of War"},{"floor":13,"key":"Bronze Scales"},{"floor":21,"key":"Red Mask"},{"floor":22,"key":"PrismaticShard"},{"floor":26,"key":"TeardropLocket"},{"floor":28,"key":"Happy Flower"},{"floor":29,"key":"Ginger"},{"floor":41,"key":"InkBottle"},{"floor":43,"key":"Vajra"},{"floor":47,"key":"Mercury Hourglass"}],"event_choices":[{"damage_healed":0,"gold_gain":0,"player_choice":"Fought Bandits","damage_taken":0,"max_hp_gain":0,"max_hp_loss":0,"event_name":"Masked Bandits","floor":21,"gold_loss":0},{"damage_healed":0,"gold_gain":0,"player_choice":"Relic","damage_taken":0,"max_hp_gain":0,"max_hp_loss":0,"event_name":"Wheel of Change","floor":28,"gold_loss":0},{"cards_removed":["BowlingBash"],"damage_healed":0,"gold_gain":0,"player_choice":"Removed Attack","damage_taken":0,"max_hp_gain":0,"max_hp_loss":0,"event_name":"Falling","floor":37,"gold_loss":0},{"damage_healed":14,"gold_gain":0,"player_choice":"Writhe","damage_taken":0,"max_hp_gain":0,"max_hp_loss":0,"event_name":"Winding Halls","floor":38,"gold_loss":0,"cards_obtained":["Writhe"]},{"damage_healed":0,"gold_gain":0,"player_choice":"Leave","damage_taken":0,"max_hp_gain":0,"max_hp_loss":0,"event_name":"conspire:Investor","floor":44,"gold_loss":0}],"is_beta":false,"boss_relics":[{"not_picked":["Sozu","Ectoplasm"],"picked":"Astrolabe"},{"not_picked":["conspire:RunicOctahedron","conspire:RoyalGoblet"],"picked":"VioletLotus"}],"items_purged_floors":[2,20],"is_endless":false,"potions_floor_spawned":[1,5,11,13,14,16,18,19,21,29,30,31,33,35,39,41,42,45,47,48],"killed_by":"conspire:OrnateMirror","ascension_level":20}}