{"host":"daa8jqyg4gqfaysm","time":1608186981,"event":{"mods":["BaseMod","Colored Powertips","Minty Spire (QoL Compilation)","StSLib"],"gold_per_floor":[112,112,40,52,63,63,95,95,95,95,95,114,114,148,148,246,246,270,270,270,118,137,137,137],"floor_reached":23,"playtime":700,"items_purged":["Strike_R"],"score":345,"play_id":"0bb69dd6-3be1-412f-9618-51d256d18d20","local_time":"20201217143621","is_ascension_mode":true,"campfire_choices":[{"data":"Juggernaut","floor":6,"key":"SMITH"},{"data":"Armaments","floor":10,"key":"SMITH"},{"data":"Twin Strike","floor":13,"key":"SMITH"},{"data":"Bash","floor":15,"key":"SMITH"}],"circlet_count":0,"master_deck":["AscendersBane","Strike_R","Strike_R","Strike_R","Strike_R","Defend_R","Defend_R","Defend_R+1","Defend_R","Bash+1","Juggernaut+1","Armaments+1","Hemokinesis","Flame Barrier+1","Havoc","Shrug It Off","Twin Strike+1","Cleave","Barricade"],"relics":["Burning Blood","Pocketwatch","War Paint","Du-Vu Doll","Bloody Idol","StoneCalendar","Runic Dome"],"acts_visited":["Exordium","TheCity"],"potions_floor_usage":[7,18,23],"damage_taken":[{"damage":19,"enemies":"Small Slimes","floor":1,"turns":5},{"damage":3,"enemies":"Jaw Worm","floor":4,"turns":4},{"damage":7,"enemies":"2 Louse","floor":5,"turns":3},{"damage":13,"enemies":"Gremlin Nob","floor":7,"turns":4},{"damage":5,"enemies":"Lots of Slimes","floor":12,"turns":4},{"damage":6,"enemies":"3 Sentries","floor":14,"turns":9},{"damage":15,"enemies":"The Guardian","floor":16,"turns":10},{"damage":7,"enemies":"2 Thieves","floor":18,"turns":4},{"damage":9,"enemies":"3 Byrds","floor":22,"turns":3},{"damage":85,"enemies":"Slavers","floor":23,"turns":6}],"seed_played":"2674404103810591424","potions_obtained":[{"floor":5,"key":"BlessingOfTheForge"},{"floor":7,"key":"Fire Potion"}],"is_trial":false,"path_per_floor":["M","?","$","M","M","R","E","?","T","R","?","M","R","E","R","B",null,"M","?","?","$","M","E"],"character_chosen":"IRONCLAD","items_purchased":["Hemokinesis","Regen Potion"],"campfire_rested":0,"item_purchase_floors":[3,21],"current_hp_per_floor":[55,60,60,63,62,62,55,44,44,44,44,45,45,45,45,36,63,62,62,62,62,64,0,0],"gold":137,"neow_bonus":"ONE_RANDOM_RARE_CARD","is_daily":false,"chose_seed":false,"campfire_upgraded":4,"win_rate":0.0,"timestamp":1608186981,"path_taken":["M","?","$","M","M","R","E","?","T","R","?","M","R","E","R","BOSS","M","?","?","$","?","E"],"items_purchased_type":["Card","Potion"],"build_version":"2020-12-13","purchased_purges":1,"victory":false,"max_hp_per_floor":[75,80,80,80,80,80,80,80,80,80,72,72,72,72,72,72,72,72,72,72,72,72,72,72],"card_choices":[{"not_picked":["Clash","Pommel Strike"],"picked":"Armaments","floor":1},{"not_picked":["Flex","Clothesline"],"picked":"Flame Barrier","floor":4},{"not_picked":["Thunderclap","Flex"],"picked":"Havoc","floor":5},{"not_picked":["Uppercut","Searing Blow"],"picked":"Shrug It Off","floor":7},{"not_picked":["Headbutt","Warcry"],"picked":"Twin Strike","floor":12},{"not_picked":["Thunderclap","Blood for Blood"],"picked":"Cleave","floor":14},{"not_picked":["Exhume","Bludgeon"],"picked":"Barricade","floor":16},{"not_picked":["Evolve","Pommel Strike","Anger"],"picked":"SKIP","floor":18},{"not_picked":["Iron Wave","Cleave","Sword Boomerang"],"picked":"SKIP","floor":22}],"player_experience":689021,"relics_obtained":[{"floor":7,"key":"Pocketwatch"},{"floor":9,"key":"Du-Vu Doll"},{"floor":14,"key":"StoneCalendar"}],"event_choices":[{"damage_healed":0,"gold_gain":0,"player_choice":"Donut","damage_taken":0,"max_hp_gain":5,"max_hp_loss":0,"event_name":"Big Fish","floor":2,"gold_loss":0},{"damage_healed":0,"gold_gain":0,"player_choice":"Success","damage_taken":11,"relics_obtained":["War Paint"],"max_hp_gain":0,"max_hp_loss":0,"event_name":"Scrap Ooze","floor":8,"gold_loss":0},{"damage_healed":0,"gold_gain":0,"player_choice":"Lose Max HP","damage_taken":0,"relics_obtained":["Golden Idol"],"max_hp_gain":0,"max_hp_loss":8,"event_name":"Golden Idol","floor":11,"gold_loss":0},{"damage_healed":0,"gold_gain":0,"player_choice":"Gave Idol","damage_taken":0,"relics_obtained":["Bloody Idol"],"max_hp_gain":0,"max_hp_loss":0,"event_name":"Forgotten Altar","floor":19,"relics_lost":["Golden Idol"],"gold_loss":0},{"damage_healed":0,"gold_gain":0,"player_choice":"Ignored","damage_taken":0,"max_hp_gain":0,"max_hp_loss":0,"event_name":"N\u0027loth","floor":20,"gold_loss":0}],"is_beta":false,"boss_relics":[{"not_picked":["Runic Cube","SlaversCollar"],"picked":"Runic Dome"}],"items_purged_floors":[21],"is_endless":false,"potions_floor_spawned":[5,7],"killed_by":"Slavers","ascension_level":15}}