{"host":"llpusn9usp8rznkj","time":1608231187,"event":{"mods":["2.2 Compatiblity","BaseMod","Colored Map","Colored Powertips","Conspire","Downfall","Hubris","Minty Spire (QoL Compilation)","Rare Cards Sparkle","Replay The Spire","StSLib","The Cursed"],"gold_per_floor":[114,164,89,124,148,148,192,192,192,246,270,69,69,99,99,117,117],"floor_reached":16,"playtime":376,"items_purged":["Shame"],"score":216,"play_id":"02f0023d-483a-4861-9236-93bbe03d14d3","local_time":"20201217135307","is_ascension_mode":true,"campfire_choices":[{"data":"Bash","floor":6,"key":"SMITH"},{"floor":15,"key":"DIG"}],"circlet_count":0,"master_deck":["AscendersBane","Strike_R","Strike_R","Strike_R","Strike_R","Strike_R","Defend_R","Defend_R","Defend_R","Defend_R","Bash+1","Whirlwind","Disarm+1","Pommel Strike","Limit Break+1"],"relics":["Burning Blood","NeowsBlessing","Ring of Fury","Ring of Greed","Membership Card","Replay:Bandana","Replay:Bottled Steam","Replay:Wax Seal","ReplayTheSpireMod:Ninjato","Replay:Multitool","Blood Vial"],"acts_visited":["Exordium"],"potions_floor_usage":[7,14,16,16],"damage_taken":[{"damage":0,"enemies":"2 Louse","floor":1,"turns":1},{"damage":0,"enemies":"conspire:MimicChest","floor":4,"turns":1},{"damage":0,"enemies":"Small Slimes","floor":5,"turns":1},{"damage":32,"enemies":"Gremlin Nob","floor":7,"turns":4},{"damage":30,"enemies":"3 Sentries","floor":10,"turns":5},{"damage":8,"enemies":"Jaw Worm","floor":11,"turns":3},{"damage":8,"enemies":"Large Slime","floor":14,"turns":3},{"damage":38,"enemies":"Fading Forest","floor":16,"turns":5}],"seed_played":"6727356035993125824","potions_obtained":[{"floor":5,"key":"champ:CounterPotion"},{"floor":10,"key":"champ:CounterPotion"},{"floor":11,"key":"LiquidBronze"},{"floor":14,"key":"sneckomod:MuddlingPotion"}],"is_trial":false,"path_per_floor":["M","?","?","?","M","R","E","?","T","E","M","$","?","M","R","B"],"character_chosen":"IRONCLAD","items_purchased":["Replay:Multitool"],"campfire_rested":0,"item_purchase_floors":[12],"current_hp_per_floor":[74,74,74,75,75,75,49,49,49,25,23,23,23,21,21,0,0],"gold":117,"neow_bonus":"THREE_ENEMY_KILL","is_daily":false,"chose_seed":false,"campfire_upgraded":1,"win_rate":0.0,"timestamp":1608231187,"path_taken":["M","?","?","?","M","R","E","?","T","E","?","$","?","M","R","BOSS"],"items_purchased_type":["Relic"],"build_version":"2020-12-13","purchased_purges":1,"victory":false,"max_hp_per_floor":[75,75,75,75,75,75,75,75,75,75,75,75,75,75,75,75,75],"card_choices":[{"not_picked":["hubris:ReadiedAction","True Grit"],"picked":"Whirlwind","floor":1},{"not_picked":["Run Through","Carnage"],"picked":"Disarm","floor":4},{"not_picked":["Clash","Reckless Charge"],"picked":"Pommel Strike","floor":5},{"not_picked":["ReplayTheSpireMod:Strike From Hell","Run Through","True Grit"],"picked":"SKIP","floor":7},{"not_picked":["ReplayTheSpireMod:Strike From Hell","Heavy Blade","Clash"],"picked":"SKIP","floor":10},{"not_picked":["True Grit","ReplayTheSpireMod:Limb From Limb"],"picked":"Limit Break","floor":11},{"not_picked":["Seeing Red","Blood for Blood","hubris:CleavingFinish"],"picked":"SKIP","floor":14}],"player_experience":1069747,"relics_obtained":[{"floor":2,"key":"Ring of Fury"},{"floor":2,"key":"Ring of Greed"},{"floor":2,"key":"Membership Card"},{"floor":2,"key":"Replay:Bandana"},{"floor":4,"key":"Replay:Bottled Steam"},{"floor":7,"key":"Replay:Wax Seal"},{"floor":10,"key":"ReplayTheSpireMod:Ninjato"},{"floor":15,"key":"Blood Vial"}],"event_choices":[{"cards_removed":["Languid"],"damage_healed":0,"gold_gain":0,"player_choice":"Card Removal","damage_taken":0,"max_hp_gain":0,"max_hp_loss":0,"event_name":"The Cleric","floor":3,"gold_loss":75},{"damage_healed":0,"gold_gain":0,"player_choice":"Forge","damage_taken":0,"max_hp_gain":0,"max_hp_loss":0,"event_name":"Accursed Blacksmith","floor":8,"gold_loss":0,"cards_upgraded":["Disarm"]},{"damage_healed":0,"gold_gain":0,"player_choice":"Upgraded","damage_taken":0,"max_hp_gain":0,"max_hp_loss":0,"event_name":"Upgrade Shrine","floor":13,"gold_loss":0,"cards_upgraded":["Limit Break"]}],"is_beta":false,"boss_relics":[],"items_purged_floors":[12],"is_endless":false,"potions_floor_spawned":[5,10,11,14],"killed_by":"Fading Forest","ascension_level":20}}