{"host":"u4tznopnj1dsdkte","time":1608238206,"event":{"mods":["AchievementEnabler","BaseMod","Colored Map","Colored Powertips","DeckTracker","Highlight Path","Minty Spire (QoL Compilation)","Relic Stats"],"gold_per_floor":[118,137,4,4,18,18,32,32,32],"floor_reached":8,"playtime":339,"items_purged":[],"score":96,"play_id":"52e2fc22-218e-4bf6-9a2d-535b084f590a","local_time":"20201217215006","is_ascension_mode":true,"campfire_choices":[{"floor":6,"key":"REST"}],"circlet_count":0,"master_deck":["AscendersBane","Strike_B","Strike_B","Strike_B","Strike_B","Defend_B","Defend_B","Defend_B","Defend_B","Zap","Dualcast","Beam Cell","Steam","Scrape","Conserve Battery","FTL"],"relics":["Black Star","Kunai"],"acts_visited":["Exordium"],"potions_floor_usage":[7,8],"damage_taken":[{"damage":18,"enemies":"Cultist","floor":1,"turns":6},{"damage":14,"enemies":"Jaw Worm","floor":2,"turns":4},{"damage":10,"enemies":"Small Slimes","floor":5,"turns":4},{"damage":0,"enemies":"2 Fungi Beasts","floor":7,"turns":3},{"damage":56,"enemies":"Lagavulin","floor":8,"turns":9}],"seed_played":"-1741064385612655216","potions_obtained":[{"floor":1,"key":"Dexterity Potion"},{"floor":5,"key":"SteroidPotion"}],"is_trial":false,"path_per_floor":["M","M","$","T","M","R","M","E"],"character_chosen":"DEFECT","items_purchased":["Scrape","Conserve Battery"],"campfire_rested":1,"item_purchase_floors":[3,3],"current_hp_per_floor":[46,32,32,32,22,43,43,0,0],"gold":32,"neow_bonus":"BOSS_RELIC","is_daily":false,"chose_seed":false,"campfire_upgraded":0,"win_rate":0.0,"timestamp":1608238206,"path_taken":["M","?","$","?","M","R","M","E"],"items_purchased_type":["Card","Card"],"build_version":"2020-12-13","purchased_purges":0,"victory":false,"max_hp_per_floor":[71,71,71,71,71,71,71,71,71],"relic_stats":{"counters":[5,26],"Black Star":0,"Kunai":[5],"obtain_stats":[{"Black Star":0,"Kunai":4,"Cracked Core":0},{"Black Star":0,"Kunai":2,"Cracked Core":0},{"Black Star":0,"Kunai":10,"Cracked Core":0}]},"card_choices":[{"not_picked":["Barrage","Undo"],"picked":"Beam Cell","floor":1},{"not_picked":["Rebound","Hologram"],"picked":"Steam","floor":2},{"not_picked":["Chaos","Beam Cell"],"picked":"FTL","floor":5},{"not_picked":["Coolheaded","Compile Driver","Stack"],"picked":"SKIP","floor":7}],"player_experience":1240806,"relics_obtained":[{"floor":4,"key":"Kunai"}],"event_choices":[],"is_beta":false,"boss_relics":[],"items_purged_floors":[],"is_endless":false,"potions_floor_spawned":[1,5],"killed_by":"Lagavulin","ascension_level":20}}