{"host":"78hrz0ylpj9lzvi8","time":1608220603,"event":{"mods":["BaseMod","Bestiary","Block Reminder","Curses Come First","Minty Spire (QoL Compilation)","Quick Restart","Random Character Button","Relic Stats","StSLib"],"gold_per_floor":[368,30,30,43,61,61,94,114,114,94,107,107,133,143,143,215,215,228,239,46,59,69,69,69],"floor_reached":23,"playtime":1420,"items_purged":["Ragnarok"],"score":410,"play_id":"5c780085-fa4e-4ae7-911f-df37f6892740","local_time":"20201217125643","is_ascension_mode":true,"campfire_choices":[{"data":"Eruption","floor":6.0,"key":"SMITH"},{"floor":12.0,"key":"REST"},{"floor":15.0,"key":"REST"}],"circlet_count":0,"master_deck":["AscendersBane","Eruption+1","Vigilance","EmptyFist","BowlingBash","SashWhip","Adaptation+1","Wallop","Protect","Meditate","CutThroughFate","Establishment+1","Fasting2+1","Judgement","WindmillStrike","Vault","Nirvana+1","ThirdEye","Omniscience","SandsOfTime","Vengeance","MentalFortress+1","Perseverance","LikeWater+1"],"relics":["PureWater","Frozen Egg 2","Toy Ornithopter","Tiny Chest","Blue Candle","Pandora\u0027s Box"],"acts_visited":["Exordium","TheCity"],"potions_floor_usage":[23],"damage_taken":[{"damage":0.0,"enemies":"2 Louse","floor":1.0,"turns":3.0},{"damage":4.0,"enemies":"Cultist","floor":4.0,"turns":4.0},{"damage":8.0,"enemies":"Jaw Worm","floor":5.0,"turns":5.0},{"damage":22.0,"enemies":"Lagavulin","floor":7.0,"turns":6.0},{"damage":8.0,"enemies":"Lots of Slimes","floor":8.0,"turns":5.0},{"damage":0.0,"enemies":"Looter","floor":11.0,"turns":3.0},{"damage":12.0,"enemies":"3 Sentries","floor":13.0,"turns":8.0},{"damage":8.0,"enemies":"3 Louse","floor":14.0,"turns":2.0},{"damage":9.0,"enemies":"Slime Boss","floor":16.0,"turns":8.0},{"damage":24.0,"enemies":"2 Thieves","floor":18.0,"turns":4.0},{"damage":0.0,"enemies":"Chosen","floor":19.0,"turns":3.0},{"damage":0.0,"enemies":"Snecko","floor":21.0,"turns":2.0},{"damage":24.0,"enemies":"Centurion and Healer","floor":22.0,"turns":5.0},{"damage":28,"enemies":"Slavers","floor":23,"turns":3}],"seed_played":"8331994472861399387","potions_obtained":[{"floor":4.0,"key":"Strength Potion"},{"floor":8.0,"key":"EssenceOfSteel"},{"floor":10.0,"key":"PowerPotion"},{"floor":11.0,"key":"Dexterity Potion"},{"floor":13.0,"key":"Block Potion"},{"floor":16.0,"key":"BlessingOfTheForge"},{"floor":19.0,"key":"PowerPotion"}],"is_trial":false,"path_per_floor":["M","$","?","M","M","R","E","M","T","?","M","R","E","M","R","B",null,"M","M","$","M","M","E"],"character_chosen":"WATCHER","items_purchased":["Frozen Egg 2","BowlingBash","MentalFortress+1","Perseverance"],"campfire_rested":2,"item_purchase_floors":[2,2,20,20],"current_hp_per_floor":[43,43,43,39,31,31,9,1,1,1,6,26,19,11,31,27,58,34,34,34,34,15,0,0],"gold":69,"neow_bonus":"TWO_FIFTY_GOLD","is_daily":false,"chose_seed":false,"campfire_upgraded":1,"win_rate":0.0,"timestamp":1608220603,"path_taken":["M","$","?","M","?","R","E","M","T","?","M","R","E","M","R","BOSS","M","M","$","M","M","E"],"items_purchased_type":["Relic","Card","Card","Card"],"build_version":"2020-12-13","purchased_purges":1,"victory":false,"max_hp_per_floor":[68,68,68,68,68,68,68,68,68,68,68,68,68,68,68,68,68,68,68,68,68,68,68,68],"relic_stats":{"counters":[14,61],"Blue Candle":[0],"Tiny Chest":0,"Pandora\u0027s Box":["Fasting2","Judgement","WindmillStrike","Vault","Ragnarok","Nirvana","ThirdEye","Omniscience"],"obtain_stats":[{"Blue Candle":13,"Tiny Chest":9,"Pandora\u0027s Box":17,"PureWater":0,"Frozen Egg 2":2,"Toy Ornithopter":7},{"Blue Candle":7,"Tiny Chest":5,"Pandora\u0027s Box":9,"PureWater":0,"Frozen Egg 2":1,"Toy Ornithopter":4},{"Blue Candle":34,"Tiny Chest":23,"Pandora\u0027s Box":44,"PureWater":0,"Frozen Egg 2":3,"Toy Ornithopter":18}],"Toy Ornithopter":25},"card_choices":[{"not_picked":["ThirdEye","Consecrate"],"picked":"EmptyFist","floor":1.0},{"not_picked":["Evaluate","FollowUp"],"picked":"SashWhip","floor":4.0},{"not_picked":["FlurryOfBlows","ReachHeaven"],"picked":"Adaptation+1","floor":5.0},{"not_picked":["ThirdEye","CarveReality"],"picked":"Wallop","floor":7.0},{"not_picked":["BowlingBash","Collect"],"picked":"Protect","floor":8.0},{"not_picked":["EmptyBody","JustLucky"],"picked":"Meditate","floor":11.0},{"not_picked":["Alpha","EmptyBody"],"picked":"CutThroughFate","floor":13.0},{"not_picked":["Prostrate","Evaluate","Indignation"],"picked":"SKIP","floor":14.0},{"not_picked":["Omniscience","SpiritShield"],"picked":"Establishment+1","floor":16.0},{"not_picked":["Sanctity","Wallop"],"picked":"SandsOfTime","floor":18.0},{"not_picked":["CutThroughFate","Consecrate"],"picked":"Vengeance","floor":19.0},{"not_picked":["SignatureMove","FollowUp","BowlingBash"],"picked":"SKIP","floor":21.0},{"not_picked":["Consecrate+1","Evaluate"],"picked":"LikeWater+1","floor":22.0}],"player_experience":949690,"relics_obtained":[{"floor":7.0,"key":"Toy Ornithopter"},{"floor":9.0,"key":"Tiny Chest"},{"floor":13.0,"key":"Blue Candle"}],"event_choices":[{"damage_healed":0.0,"max_hp_gain":0.0,"max_hp_loss":0.0,"gold_gain":0.0,"event_name":"FaceTrader","player_choice":"Leave","floor":3.0,"gold_loss":0.0,"damage_taken":0.0},{"damage_healed":0.0,"max_hp_gain":0.0,"max_hp_loss":0.0,"gold_gain":0.0,"event_name":"The Woman in Blue","player_choice":"Bought 1 Potion","floor":10.0,"gold_loss":0.0,"damage_taken":0.0}],"is_beta":false,"boss_relics":[{"not_picked":["Tiny House","Busted Crown"],"picked":"Pandora\u0027s Box"}],"items_purged_floors":[20],"is_endless":false,"potions_floor_spawned":[4,8,11,13,16,19],"killed_by":"Slavers","ascension_level":20}}