{"host":"u3jctbsl7uavviuy","time":1608194508,"event":{"mods":["BaseMod","BetterRewards","GungeonMod","HololiveMod","Luminous","Marisa（F雨　魔理沙）","Minty Spire (QoL Compilation)","Relic Stats","Replay The Spire","Shop Mod","Spicy Shops","StSLib","TestMod","The Animator","The Cursed","The Gatherer","The Servant 0.9.4","WarShipGirlsR/战舰少女R mod","vexMod","篝火指南"],"gold_per_floor":[112,112,131,149,164,196,4,38,38,55,65,82,116,66,66,161,161,175,175,127,153,176,219,231,5,5,25,59,459,476,504,504,617,617,638,638,657,675,691,490,509,509,509,127,170,195,195,222,74,102,102,102,0,48,84],"floor_reached":56,"playtime":2667,"items_purged":["Strike_B","Writhe","Defend_B"],"score":1768,"play_id":"7b556bb7-ddb1-4f84-8ab4-7660e2ed4101","local_time":"20201217174148","is_ascension_mode":true,"campfire_choices":[{"floor":15,"key":"RECALL"},{"data":"White Noise","floor":24,"key":"SMITH"},{"data":"Dualcast","floor":32,"key":"SMITH"},{"data":"Reboot","floor":42,"key":"SMITH"},{"data":"Hologram","floor":47,"key":"SMITH"},{"data":"Recycle","floor":52,"key":"SMITH"}],"circlet_count":0,"master_deck":["Defend_B","Defend_B","Zap","Dualcast+1","Conserve Battery","Ball Lightning","Ball Lightning","Gash+1","Sunder","Chill","Self Repair","Glacier","White Noise+1","Streamline","Streamline","BootSequence","Turbo","Genetic Algorithm","Scrape","ReplayGash+1","Recycle+1","Machine Learning+1","Blizzard+1","Thunder Strike+1","Cold Snap","Leap","Self Repair+1","Reboot+1","Gash+1","Gash+1","Hologram+1","Hologram+1","Reboot+1","Capacitor","Aggregate","Pot Of Greed","Pot Of Greed","Pot Of Greed","Undo+1","Pot Of Greed"],"relics":["Cracked Core","testmod-FatalChain","DemoMod:WhiteGuonStone","Bag of Marbles","testmod-IWantAll","Eternal Feather","Singing Bowl","Bronze Scales","Replay:Ringing Soul","Replay:Bronze Core","MawBank","Question Card","Letter Opener","Toy Ornithopter","testmod-Acrobat","testmod-SaigiyounoYou","Pen Nib","Replay:Bottled Eggs","DollysMirror","vexMod:Cooldron","testmod-Fortitude","Guide Book","Grinning Jar"],"acts_visited":["Exordium","TheCity","TheBeyond","TheEnding"],"potions_floor_usage":[6,23,27,31,33,33,38,41,46,46,50,50,50,50,50,50,50,50,50,50,55,55,55,55,55,55],"damage_taken":[{"damage":6,"enemies":"Cultist","floor":1,"turns":4},{"damage":0,"enemies":"2 Louse","floor":3,"turns":2},{"damage":5,"enemies":"Jaw Worm","floor":4,"turns":3},{"damage":0,"enemies":"3 Louse","floor":5,"turns":1},{"damage":9,"enemies":"3 Sentries","floor":6,"turns":5},{"damage":16,"enemies":"Lagavulin","floor":8,"turns":7},{"damage":2,"enemies":"2 Fungi Beasts","floor":10,"turns":4},{"damage":0,"enemies":"Looter","floor":11,"turns":2},{"damage":0,"enemies":"Large Slime","floor":12,"turns":5},{"damage":5,"enemies":"Gremlin Nob","floor":13,"turns":3},{"damage":2,"enemies":"The Guardian","floor":16,"turns":9},{"damage":0,"enemies":"2 Thieves","floor":18,"turns":3},{"damage":14,"enemies":"Spheric Guardian","floor":21,"turns":6},{"damage":21,"enemies":"Shelled Parasite and Fungi","floor":22,"turns":4},{"damage":36,"enemies":"Slavers","floor":23,"turns":5},{"damage":17,"enemies":"Snake Plant","floor":27,"turns":3},{"damage":38,"enemies":"Snecko","floor":30,"turns":6},{"damage":29,"enemies":"Book of Stabbing","floor":31,"turns":5},{"damage":32,"enemies":"Pondfish","floor":33,"turns":8},{"damage":0,"enemies":"Orb Walker","floor":35,"turns":3},{"damage":2,"enemies":"3 Shapes","floor":37,"turns":4},{"damage":0,"enemies":"3 Darklings","floor":38,"turns":2},{"damage":0,"enemies":"4 Shapes","floor":39,"turns":2},{"damage":5,"enemies":"Spire Growth","floor":41,"turns":5},{"damage":7,"enemies":"R_Hoarder","floor":45,"turns":8},{"damage":5,"enemies":"Transient","floor":46,"turns":5},{"damage":34,"enemies":"Jaw Worm Horde","floor":48,"turns":6},{"damage":26,"enemies":"Replay:Hell Engine","floor":50,"turns":13},{"damage":51,"enemies":"Shield and Spear","floor":54,"turns":6},{"damage":138,"enemies":"The Heart","floor":55,"turns":10}],"seed_played":"-8732982491775746228","potions_obtained":[{"floor":4,"key":"Venom Potion"},{"floor":5,"key":"SteroidPotion"},{"floor":10,"key":"PotionOfCapacity"},{"floor":11,"key":"Elixir"},{"floor":23,"key":"Energy Potion"},{"floor":27,"key":"testmod-SpacePotion"},{"floor":28,"key":"Doom Potion"},{"floor":31,"key":"Toxic Potion"},{"floor":33,"key":"BlessingOfTheForge"},{"floor":35,"key":"Fire Potion"},{"floor":39,"key":"SkillPotion"},{"floor":41,"key":"SpeedPotion"},{"floor":45,"key":"EntropicBrew"},{"floor":46,"key":"EntropicBrew"}],"is_trial":false,"path_per_floor":["M","?","M","M","M","E","$","E","T","M","M","M","E","?","R","B",null,"M","?","?","M","M","E","R","$","T","M","?","?","M","E","R","B",null,"M","?","M","M","M","R","M","R","T","$","E","M","R","M","R","B",null,"R","$","E","B",null],"character_chosen":"DEFECT","items_purchased":["DemoMod:WhiteGuonStone","Bag of Marbles","testmod-IWantAll","Conserve Battery","Ball Lightning","Gash","Sunder","Eternal Feather","Chill","Self Repair","Glacier","White Noise","Genetic Algorithm","Scrape","ReplayGash+1","Thunder Strike","Pen Nib","DollysMirror","DistilledChaos","vexMod:Cooldron","Guide Book","EntropicBrew"],"campfire_rested":0,"item_purchase_floors":[0,0,0,0,0,0,0,0,0,0,0,0,7,7,7,25,40,44,44,44,49,53],"current_hp_per_floor":[29,29,36,38,38,36,36,29,29,34,36,45,49,49,61,69,86,89,92,92,87,68,41,56,59,59,51,56,56,28,14,32,23,117,120,120,123,126,129,129,131,131,131,134,137,139,139,142,142,142,142,142,142,142,100],"gold":84,"neow_bonus":"","is_daily":false,"chose_seed":false,"campfire_upgraded":5,"win_rate":0.0,"timestamp":1608194508,"path_taken":["M","?","M","M","?","E","$","E","T","M","M","M","E","?","R","BOSS","M","?","?","M","M","E","R","$","T","M","?","?","M","E","R","BOSS","M","?","M","M","M","R","M","R","T","$","E","M","R","M","R","BOSS","R","$","E","BOSS"],"items_purchased_type":["Relic","Relic","Relic","Card","Card","Card","Card","Relic","Card","Card","Card","Card","Card","Card","Card","Card","Relic","Relic","Potion","Relic","Relic","Potion"],"build_version":"2020-12-13","purchased_purges":3,"victory":true,"max_hp_per_floor":[75,75,75,75,75,75,75,77,77,77,79,81,83,83,83,86,86,89,92,92,94,96,98,98,101,101,103,108,108,111,114,114,117,117,120,120,123,126,129,129,131,131,131,134,137,139,139,142,142,142,142,142,142,145,145],"relic_stats":{"Singing Bowl":22,"counters":[168,751],"Bronze Scales":[416],"Eternal Feather":45,"Pen Nib":[12],"Letter Opener":[243],"MawBank":72,"Question Card":20,"obtain_stats":[{"TwistedFunnel":49,"vexMod:MemoryStick":12,"Whetstone":49,"Sling":32,"testmod-BlackFramedGlasses":0,"Replay:Ringing Soul":13,"vexMod:CardConverter":45,"vexMod:EndlessSickness":34,"Replay:Bronze Core":17,"Replay:Bottled Flurry":42,"Replay:Wax Seal":0,"testmod-IntensifyImprint":0,"testmod-TestBox":0,"Pear":45,"Eternal Feather":44,"Pen Nib":25,"Paper Crane":31,"testmod-Fortitude":47,"SlaversCollar":17,"DemoMod:MeatBun":53,"DemoMod:SerJunkan":5,"Lantern":29,"Singing Bowl":6,"Blue Doll":31,"Burning Blood":0,"testmod-CasingShield":32,"Replay:Rubber Ducky":19,"Toolbox":32,"Chemical X":0,"Replay:Bottled Eggs":9,"InkBottle":9,"Ring of the Snake":0,"vexMod:BerryBomb":7,"DemoMod:PartiallyEatenCheese":11,"testmod-CardMagician":6,"PreservedInsect":6,"DemoMod:PinkGuonStone":36,"Geode":43,"Frozen Egg 2":0,"testmod-ConstraintPeriapt":6,"MawBank":40,"testmod-Hope":43,"Orrery":20,"Garlic":30,"Bottled Lightning":8,"Toy Ornithopter":27,"DemoMod:BlueGuonStone":25,"Tiny House":34,"Vajra":23,"testmod-IWantAll":0,"DemoMod:GlassGuonStoneRelic":8,"DollysMirror":44,"Honey Jar":17,"Philosopher\u0027s Stone":34,"Iron Hammer":0,"Toxic Egg 2":29,"DemoMod:ClearGuonStone":11,"Happy Flower":40,"Astrolabe":34,"testmod-FatalChain":13,"Oddly Smooth Stone":53,"Charon\u0027s Ashes":26,"Letter Opener":26,"Question Card":23,"testmod-SaigiyounoYou":34,"testmod-RealStoneCalender":47,"Replay:Baseball":32,"vexMod:Cooldron":44,"Shuriken":27,"testmod-Acrobat":8,"Bronze Scales":8,"Hololive_TheStar":22,"Onion Ring":6,"Molten Egg 2":0,"ReplayTheSpireMod:TigerMarble":26,"Grinning Jar":40,"ReplayFunnel":8,"Incense Burner":13,"DemoMod:WhiteGuonStone":0,"Empty Cage":31,"PrismaticShard":5,"testmod-Charity":39,"ClockworkSouvenir":39,"testmod-Alchemist":22,"Cracked Core":6,"Gremlin Food":43,"DemoMod:Junk":6,"ReplayTheSpireMod:Ninjato":42,"vexMod:ConsolationPrize":26,"Guide Book":36,"Replay:WaspNest":24,"testmod-IndustrialRevolution":0,"White Beast Statue":49,"testmod-Antiphasic":30,"Anchor":0,"Hololive_LightStick":32,"DataDisk":49,"vexMod:BarristanHead":6,"testmod-AssaultLearning":47,"Another Sword":0,"Bag of Marbles":12,"Membership Card":32,"TungstenRod":40},{"TwistedFunnel":79,"vexMod:MemoryStick":6,"Whetstone":23,"Sling":129,"testmod-BlackFramedGlasses":110,"Replay:Ringing Soul":148,"vexMod:CardConverter":76,"vexMod:EndlessSickness":43,"Replay:Bronze Core":149,"Replay:Bottled Flurry":105,"Replay:Wax Seal":56,"testmod-IntensifyImprint":0,"testmod-TestBox":0,"Pear":50,"Eternal Feather":106,"Pen Nib":13,"Paper Crane":69,"testmod-Fortitude":78,"SlaversCollar":119,"DemoMod:MeatBun":54,"DemoMod:SerJunkan":112,"Lantern":42,"Singing Bowl":143,"Blue Doll":16,"Burning Blood":0,"testmod-CasingShield":16,"Replay:Rubber Ducky":10,"Toolbox":129,"Chemical X":0,"Replay:Bottled Eggs":60,"InkBottle":114,"Ring of the Snake":0,"vexMod:BerryBomb":86,"DemoMod:PartiallyEatenCheese":87,"testmod-CardMagician":113,"PreservedInsect":59,"DemoMod:PinkGuonStone":71,"Geode":133,"Frozen Egg 2":0,"testmod-ConstraintPeriapt":28,"MawBank":19,"testmod-Hope":20,"Orrery":35,"Garlic":42,"Bottled Lightning":5,"Toy Ornithopter":40,"DemoMod:BlueGuonStone":96,"Tiny House":17,"Vajra":12,"testmod-IWantAll":0,"DemoMod:GlassGuonStoneRelic":5,"DollysMirror":162,"Honey Jar":33,"Philosopher\u0027s Stone":70,"Iron Hammer":80,"Toxic Egg 2":68,"DemoMod:ClearGuonStone":116,"Happy Flower":46,"Astrolabe":130,"testmod-FatalChain":148,"Oddly Smooth Stone":54,"Charon\u0027s Ashes":13,"Letter Opener":153,"Question Card":153,"testmod-SaigiyounoYou":157,"testmod-RealStoneCalender":22,"Replay:Baseball":16,"vexMod:Cooldron":162,"Shuriken":67,"testmod-Acrobat":29,"Bronze Scales":144,"Hololive_TheStar":94,"Onion Ring":4,"Molten Egg 2":24,"ReplayTheSpireMod:TigerMarble":96,"Grinning Jar":74,"ReplayFunnel":60,"Incense Burner":117,"DemoMod:WhiteGuonStone":138,"Empty Cage":42,"PrismaticShard":112,"testmod-Charity":18,"ClockworkSouvenir":18,"testmod-Alchemist":94,"Cracked Core":113,"Gremlin Food":75,"DemoMod:Junk":113,"ReplayTheSpireMod:Ninjato":20,"vexMod:ConsolationPrize":67,"Guide Book":101,"Replay:WaspNest":38,"testmod-IndustrialRevolution":110,"White Beast Statue":23,"testmod-Antiphasic":98,"Anchor":24,"Hololive_LightStick":129,"DataDisk":137,"vexMod:BarristanHead":28,"testmod-AssaultLearning":52,"Another Sword":0,"Bag of Marbles":32,"Membership Card":16,"TungstenRod":104},{"TwistedFunnel":323,"vexMod:MemoryStick":25,"Whetstone":96,"Sling":559,"testmod-BlackFramedGlasses":434,"Replay:Ringing Soul":638,"vexMod:CardConverter":316,"vexMod:EndlessSickness":180,"Replay:Bronze Core":647,"Replay:Bottled Flurry":407,"Replay:Wax Seal":232,"testmod-IntensifyImprint":0,"testmod-TestBox":0,"Pear":207,"Eternal Feather":411,"Pen Nib":56,"Paper Crane":290,"testmod-Fortitude":321,"SlaversCollar":490,"DemoMod:MeatBun":222,"DemoMod:SerJunkan":439,"Lantern":173,"Singing Bowl":617,"Blue Doll":65,"Burning Blood":0,"testmod-CasingShield":65,"Replay:Rubber Ducky":40,"Toolbox":559,"Chemical X":0,"Replay:Bottled Eggs":248,"InkBottle":453,"Ring of the Snake":0,"vexMod:BerryBomb":343,"DemoMod:PartiallyEatenCheese":345,"testmod-CardMagician":440,"PreservedInsect":244,"DemoMod:PinkGuonStone":300,"Geode":583,"Frozen Egg 2":0,"testmod-ConstraintPeriapt":107,"MawBank":82,"testmod-Hope":86,"Orrery":139,"Garlic":173,"Bottled Lightning":22,"Toy Ornithopter":164,"DemoMod:BlueGuonStone":372,"Tiny House":71,"Vajra":51,"testmod-IWantAll":0,"DemoMod:GlassGuonStoneRelic":22,"DollysMirror":703,"Honey Jar":132,"Philosopher\u0027s Stone":297,"Iron Hammer":329,"Toxic Egg 2":285,"DemoMod:ClearGuonStone":463,"Happy Flower":190,"Astrolabe":566,"testmod-FatalChain":637,"Oddly Smooth Stone":222,"Charon\u0027s Ashes":56,"Letter Opener":665,"Question Card":665,"testmod-SaigiyounoYou":687,"testmod-RealStoneCalender":91,"Replay:Baseball":65,"vexMod:Cooldron":703,"Shuriken":282,"testmod-Acrobat":113,"Bronze Scales":624,"Hololive_TheStar":364,"Onion Ring":17,"Molten Egg 2":98,"ReplayTheSpireMod:TigerMarble":372,"Grinning Jar":308,"ReplayFunnel":248,"Incense Burner":467,"DemoMod:WhiteGuonStone":602,"Empty Cage":173,"PrismaticShard":439,"testmod-Charity":78,"ClockworkSouvenir":78,"testmod-Alchemist":364,"Cracked Core":440,"Gremlin Food":313,"DemoMod:Junk":451,"ReplayTheSpireMod:Ninjato":86,"vexMod:ConsolationPrize":282,"Guide Book":393,"Replay:WaspNest":151,"testmod-IndustrialRevolution":434,"White Beast Statue":96,"testmod-Antiphasic":381,"Anchor":98,"Hololive_LightStick":559,"DataDisk":596,"vexMod:BarristanHead":109,"testmod-AssaultLearning":214,"Another Sword":0,"Bag of Marbles":125,"Membership Card":65,"TungstenRod":402}],"Toy Ornithopter":29},"card_choices":[{"not_picked":["Stack","Steam"],"picked":"Streamline","floor":1},{"not_picked":["Panic Button","Hologram"],"picked":"Streamline","floor":3},{"not_picked":["Rebound","Sweeping Beam"],"picked":"BootSequence","floor":4},{"not_picked":["Storm","Barrage","Redo"],"picked":"SKIP","floor":5},{"not_picked":["Reboot","Ball Lightning"],"picked":"Turbo","floor":6},{"not_picked":["Sweeping Beam","FIFO Queue","Glacier"],"picked":"Singing Bowl","floor":8},{"not_picked":["Streamline","Panic Button"],"picked":"Recycle","floor":10},{"not_picked":["ReplayGash","Steam","Scrape"],"picked":"Singing Bowl","floor":11},{"not_picked":["Capacitor","Go for the Eyes","Loop"],"picked":"Singing Bowl","floor":12},{"not_picked":["ReplayTheSpireMod:Fabricate Wheel","Loop","Streamline"],"picked":"Singing Bowl","floor":13},{"not_picked":["Multi-Cast","Mirror Shield"],"picked":"Machine Learning","floor":16},{"not_picked":["ReplayTheSpireMod:GoodbyeWorld","Barrage"],"picked":"Blizzard+1","floor":18},{"not_picked":["Stack+1","Rip and Tear","Panic Button"],"picked":"Singing Bowl","floor":21},{"not_picked":["Darkness+1","Reprogram","ReplayTheSpireMod:GoodbyeWorld+1"],"picked":"Singing Bowl","floor":22},{"not_picked":["Streamline+1","Machine Learning","Fusion"],"picked":"Singing Bowl","floor":23},{"not_picked":["Melter","Ball Lightning","Hello World","Steam"],"picked":"Singing Bowl","floor":27},{"not_picked":["Rip and Tear","Barrage","Conserve Battery","Streamline"],"picked":"Singing Bowl","floor":28},{"not_picked":["Static Discharge","Capacitor+1","Compile Driver+1"],"picked":"Cold Snap","floor":28},{"not_picked":["Streamline","Steam","ReplayTheSpireMod:Calculation Training"],"picked":"Leap","floor":30},{"not_picked":["Coolheaded+1","White Noise","BootSequence"],"picked":"Self Repair+1","floor":31},{"not_picked":["Fission","Creative AI","ReplayTheSpireMod:Fabricate Wheel"],"picked":"Reboot","floor":33},{"not_picked":["Redo+1","Glacier+1","Tempest"],"picked":"Gash","floor":35},{"not_picked":["Leap+1","Lockon+1","Cold Snap+1"],"picked":"Gash+1","floor":37},{"not_picked":["Steam+1","ReplayTheSpireMod:GoodbyeWorld","ReplaySolidLightProjector"],"picked":"Hologram","floor":38},{"not_picked":["Coolheaded+1","Sunder","Beam Cell"],"picked":"Hologram+1","floor":39},{"not_picked":["ReplayTheSpireMod:Repulse+1","Melter+1","ReplaySort+1","Hologram+1"],"picked":"Singing Bowl","floor":41},{"not_picked":["Barrage","Coolheaded","Cold Snap"],"picked":"Capacitor","floor":45},{"not_picked":["Steam","Skim+1","Conserve Battery","Core Surge"],"picked":"Singing Bowl","floor":46},{"not_picked":["Redo+1","Sweeping Beam+1","Time Bomb"],"picked":"Aggregate","floor":48},{"not_picked":["Chaos","Hello World+1","Gash"],"picked":"Undo+1","floor":54}],"player_experience":388330,"relics_obtained":[{"floor":6,"key":"Singing Bowl"},{"floor":8,"key":"Bronze Scales"},{"floor":13,"key":"Replay:Ringing Soul"},{"floor":23,"key":"Question Card"},{"floor":26,"key":"Letter Opener"},{"floor":28,"key":"Toy Ornithopter"},{"floor":31,"key":"testmod-Acrobat"},{"floor":43,"key":"Replay:Bottled Eggs"},{"floor":45,"key":"testmod-Fortitude"},{"floor":54,"key":"Grinning Jar"}],"event_choices":[{"cards_removed":["Strike_B"],"damage_healed":0,"gold_gain":0,"player_choice":"Purged","damage_taken":0,"max_hp_gain":0,"max_hp_loss":0,"event_name":"Purifier","floor":2,"gold_loss":0},{"cards_removed":["Strike_B"],"damage_healed":0,"gold_gain":0,"player_choice":"Card Removal","damage_taken":0,"max_hp_gain":0,"max_hp_loss":0,"event_name":"The Cleric","floor":14,"gold_loss":50},{"damage_healed":0,"gold_gain":0,"player_choice":"Opened","damage_taken":0,"relics_obtained":["MawBank"],"max_hp_gain":0,"max_hp_loss":0,"event_name":"The Mausoleum","floor":19,"gold_loss":0,"cards_obtained":["Writhe"]},{"damage_healed":0,"gold_gain":400,"player_choice":"Sell","damage_taken":0,"max_hp_gain":0,"max_hp_loss":0,"event_name":"恩洛斯的盘子","floor":29,"relics_lost":["testmod-TestBox"],"gold_loss":0},{"damage_healed":0,"gold_gain":0,"player_choice":"Swap Relic","damage_taken":0,"relics_obtained":["Empty Cage"],"max_hp_gain":0,"max_hp_loss":0,"event_name":"给自己的盒子","floor":36,"relics_lost":["Empty Cage"],"gold_loss":0}],"is_beta":false,"boss_relics":[{"not_picked":["testmod-BloodSacrificeSpiritualization","ReplayTheSpireMod:DimensionalGlitch"],"picked":"Replay:Bronze Core"},{"not_picked":["testmod-TimeTraveler","Sozu"],"picked":"testmod-SaigiyounoYou"}],"items_purged_floors":[0,25,40],"is_endless":false,"potions_floor_spawned":[4,5,10,11,23,27,31,33,35,39,41,45,46],"ascension_level":3}}