{"host":"mn5ze3eyhx81nlo2","time":1608243117,"event":{"mods":["BaseMod","Block Reminder","Challenge The Spire","Downfall","Hermit","Hubris","Infinite Spire","Minty Spire (QoL Compilation)","Quick Restart","Replay The Spire","Shade Mod","StSLib","The Cursed","The Druid","The Hierophant","The Runesmith","Unceasing Turn Reminder"],"gold_per_floor":[99,119,119,119,119,131,131,56,41,69,85,70,83,68,84,187,187,187,220,145,145,145,145],"floor_reached":22,"playtime":1026,"items_purged":[],"score":210,"play_id":"9769a1e1-8346-4cf0-bfbd-a6e8b39346d4","local_time":"20201217221157","is_ascension_mode":true,"campfire_choices":[{"data":"Slimebound:Split","floor":1,"key":"SMITH"},{"floor":3,"key":"RECALL"},{"data":"Slimebound:SelfFormingGoo","floor":8,"key":"SMITH"},{"floor":18,"key":"DIG"},{"data":"Slimebound:CorrosiveSpit","floor":20,"key":"SMITH"}],"circlet_count":0,"master_deck":["Slimebound:Strike_Slimebound","Slimebound:Strike_Slimebound","Slimebound:Strike_Slimebound+1","Slimebound:Tackle","Slimebound:Defend_Slimebound","Slimebound:Defend_Slimebound","Slimebound:Defend_Slimebound","Slimebound:Defend_Slimebound+1","Slimebound:Split+1","Slimebound:CorrosiveSpit+1","Slimebound:SelfFormingGoo+1","Slimebound:SplitMire+1","Regret","Slimebound:SplitLeeching","Slimebound:PressTheAttack","Slimebound:SplitBruiser","Slimebound:Teamwork","Sickly"],"relics":["m_BurningSludge","StoneCalendar","downfall:HeartBlessingRed","Iron Hammer","infinitespire:Cupcake","Bag of Preparation","Happy Flower","downfall:HeartBlessingGreen","Ring of Fury","Ring of Fangs"],"acts_visited":["Exordium","TheCity"],"potions_floor_usage":[10,16,16],"damage_taken":[{"damage":13,"enemies":"Small Slimes","floor":2,"turns":4},{"damage":13,"enemies":"Jaw Worm","floor":6,"turns":3},{"damage":23,"enemies":"downfall:FleeingMerchant","floor":9,"turns":4},{"damage":22,"enemies":"Gremlin Nob","floor":10,"turns":3},{"damage":6,"enemies":"Cultist","floor":11,"turns":2},{"damage":26,"enemies":"downfall:FleeingMerchant","floor":12,"turns":4},{"damage":21,"enemies":"Large Slime","floor":13,"turns":4},{"damage":36,"enemies":"downfall:FleeingMerchant","floor":14,"turns":4},{"damage":12,"enemies":"3 Louse","floor":15,"turns":3},{"damage":52,"enemies":"downfall:Silent","floor":16,"turns":6},{"damage":38,"enemies":"Book of Stabbing","floor":19,"turns":4},{"damage":61,"enemies":"Gremlin Leader","floor":22,"turns":4}],"seed_played":"768041541500054696","potions_obtained":[{"floor":2,"key":"champ:CounterPotion"},{"floor":6,"key":"LiquidBronze"},{"floor":13,"key":"hexamod:EctoCoolerPotion"}],"is_trial":false,"path_per_floor":["R","M","R","?","?","M","T","R","$","E","M","$","M","$","M","B",null,"R","E","R","?","E"],"character_chosen":"SLIMEBOUND","items_purchased":[],"campfire_rested":0,"item_purchase_floors":[],"current_hp_per_floor":[42,49,49,49,49,54,54,54,49,49,49,45,46,36,42,28,60,60,45,45,45,0,0],"gold":145,"neow_bonus":"THREE_RARE_CARDS","is_daily":false,"chose_seed":false,"campfire_upgraded":3,"win_rate":0.0,"timestamp":1608243117,"path_taken":["R","M","R","?","?","M","T","R","$","E","?","$","M","?","M","BOSS","R","E","R","?","E"],"items_purchased_type":[],"build_version":"2020-12-13","purchased_purges":0,"victory":false,"max_hp_per_floor":[60,60,60,60,60,60,60,60,60,60,60,60,60,60,60,60,60,60,60,60,60,60,60],"card_choices":[{"not_picked":["Slimebound:Teamwork","Slimebound:MassFeed"],"picked":"Slimebound:SelfFormingGoo","floor":0},{"not_picked":["Slimebound:FinishingTackle","Slimebound:LeechingTouch"],"picked":"Slimebound:SplitMire","floor":2},{"not_picked":["Slimebound:SplitMire","Slimebound:Schlurp","Slimebound:FormOfPuddle"],"picked":"SKIP","floor":6},{"not_picked":["Slimebound:MegaLick","Slimebound:ComboTackle"],"picked":"Slimebound:SplitLeeching","floor":9},{"not_picked":["Slimebound:MassFeed","Slimebound:Schlurp","Slimebound:RollThrough"],"picked":"SKIP","floor":10},{"not_picked":["Slimebound:FinishingTackle","Slimebound:GoopTackle"],"picked":"Slimebound:PressTheAttack","floor":11},{"not_picked":["Slimebound:RainOfGoop","Pummel","Slimebound:LeechEnergy"],"picked":"SKIP","floor":12},{"not_picked":["Slimebound:RollThrough","Slimebound:SplitMire"],"picked":"Slimebound:SplitBruiser","floor":13},{"not_picked":["Slimebound:Schlurp","Slimebound:LivingWall"],"picked":"Slimebound:Teamwork","floor":14},{"not_picked":["Slimebound:BestDefense","Slimebound:SplitBruiser","Slimebound:GoopSpray"],"picked":"SKIP","floor":15},{"not_picked":["Slimebound:SlimeBrawl+1","Slimebound:GoopSpray","Slimebound:SplitLeeching"],"picked":"SKIP","floor":19}],"player_experience":909964,"relics_obtained":[{"floor":7,"key":"StoneCalendar"},{"floor":10,"key":"Iron Hammer"},{"floor":18,"key":"Bag of Preparation"},{"floor":19,"key":"Happy Flower"},{"floor":21,"key":"Ring of Fury"},{"floor":21,"key":"Ring of Fangs"}],"event_choices":[],"is_beta":false,"boss_relics":[{"not_picked":["Busted Crown","Runesmith:UraniumAnvil"],"picked":"infinitespire:Cupcake"}],"items_purged_floors":[],"is_endless":false,"potions_floor_spawned":[2,6,13],"killed_by":"Gremlin Leader","ascension_level":1}}