{"host":"su73a2bh8339ktv3","time":1608168808,"event":{"mods":["AchievementEnabler","Aspiration","Bard","BaseMod","Beaked The Cultist","Better Altar","Better Match","Better Note","Better Sensory Stone","Better Skull","Better Third Choice","BetterRewards","CCEM","Clawfect","Colored Map","Conspire","Downfall","GifTheSpireLib","Googly Eyes","Halation","Hermit","Highlight Path","Hubris","Hunter ??","Infinite Spire","Jedi Mod","Jorbs\u0027s Wanderer Trilogy","Mad Scientist","Marisa????????","Mimic Mod","Minty Spire (QoL Compilation)","Permanent Neow","Replay The Spire","Shade Mod","Shop Mod","Spicy Shops","StSLib","Stuff the Spire","The Administrix","The Blackbeard","The Bug Knight","The Construct","The Cursed","The Disciple","The Gatherer","The Hierophant","The Jungle","The Mystic","The Necromancer","The Problem Sleuth","The Runesmith","The Servant 0.9.4","The Spell Scribe","The Witch","Unceasing Turn Reminder","[IsaacMod]????","everything is the same but u backflip on backflip","slay the spire mod where everything is the same but ironclad has a cowboy hat"],"gold_per_floor":[99,159,159,169,228,238,268,268,268,268],"floor_reached":9,"playtime":456,"items_purged":[],"score":94,"play_id":"a3df6e58-2fb5-4e85-b105-914044a85ec8","local_time":"20201217123328","is_ascension_mode":false,"campfire_choices":[{"data":"CultistPetCall","floor":1,"key":"SMITH"}],"circlet_count":0,"master_deck":["Strike_Giant","Strike_Giant","Defend_Giant","Defend_Giant","Defend_Giant","Defend_Giant","CultistPetCall+1","EagleFirst","EagleFirst","EagleSecond","Seek Combo","Seek Combo","Regret","Combo Connect","Drunk Grant","HPGrowth_Giant","Combo Defend"],"relics":["StuffTheSpire:OccultApparatus","HushsDoor","conspire:Flyswatter","StuffTheSpire:RedRose","SatanicBible","Peace Pipe","PreservedInsect"],"acts_visited":["Exordium"],"potions_floor_usage":[],"damage_taken":[{"damage":23,"enemies":"HollowMod:MossKnight","floor":2,"turns":4},{"damage":8,"enemies":"Jaw Worm","floor":4,"turns":3},{"damage":0,"enemies":"Replay:BlueRogue","floor":5,"turns":3},{"damage":10,"enemies":"Small Slimes","floor":6,"turns":4},{"damage":14,"enemies":"Cultist","floor":7,"turns":7},{"damage":24,"enemies":"HollowMod:MossKnight","floor":9,"turns":3}],"seed_played":"-8418641039553996380","potions_obtained":[{"floor":0,"key":"Reflective Coating"},{"floor":0,"key":"EntropicBrew"},{"floor":0,"key":"CultistPotion"}],"is_trial":false,"path_per_floor":["R","E","?","M","E","M","MIM","?","E"],"character_chosen":"Giant","items_purchased":[],"campfire_rested":0,"item_purchase_floors":[],"current_hp_per_floor":[60,42,42,34,39,29,15,15,0,0],"gold":268,"neow_bonus":"THREE_SMALL_POTIONS","is_daily":false,"chose_seed":false,"campfire_upgraded":1,"win_rate":0.0,"timestamp":1608168808,"path_taken":["R","E","?","?","E","M","MIM","?","E"],"items_purchased_type":[],"build_version":"2020-12-13","purchased_purges":0,"victory":false,"max_hp_per_floor":[60,65,65,65,70,70,70,70,70,70],"card_choices":[{"not_picked":["Ready_Giant","Revenge Attack"],"picked":"Seek Combo","floor":0},{"not_picked":["Time Travel","CultistPetCall"],"picked":"Seek Combo","floor":2},{"not_picked":["Retain Combo","AttackPoison_Giant"],"picked":"Combo Connect","floor":4},{"not_picked":["HPGrowth_Giant","MultiTurn_Giant"],"picked":"Drunk Grant","floor":5},{"not_picked":["Backflip Giant","Combo Form"],"picked":"HPGrowth_Giant","floor":6},{"not_picked":["Retain Combo","Pummel Giant"],"picked":"Combo Defend","floor":7}],"player_experience":101442,"relics_obtained":[{"floor":2,"key":"conspire:Flyswatter"},{"floor":5,"key":"Peace Pipe"},{"floor":7,"key":"PreservedInsect"}],"event_choices":[],"is_beta":false,"boss_relics":[],"items_purged_floors":[],"is_endless":false,"potions_floor_spawned":[5],"killed_by":"HollowMod:MossKnight","ascension_level":0}}