{"host":"usewcu4ohw2wtmxk","time":1608194258,"event":{"mods":["AchievementEnabler","BaseMod","BetterRewards","Colored Powertips","Minty Spire (QoL Compilation)","Permanent Neow","Quick Restart","Relic Sorter","Relic Stats","Shop Mod","StSLib"],"gold_per_floor":[12,12,12,25,25,25,37,48,99,99,99],"floor_reached":10,"playtime":216,"items_purged":[],"score":116,"play_id":"7670753d-e46b-48cd-ac49-2bbb372d1039","local_time":"20201217163738","is_ascension_mode":true,"campfire_choices":[{"data":"Blade Dance","floor":6.0,"key":"SMITH"}],"circlet_count":0,"master_deck":["AscendersBane","Strike_G","Strike_G","Strike_G","Strike_G","Defend_G","Defend_G","Defend_G","Defend_G","Defend_G","Survivor","Neutralize","Blade Dance+1","Backflip","After Image","Calculated Gamble","Reflex","Blade Dance"],"relics":["Ring of the Snake","Prayer Wheel","Pantograph","Strawberry"],"acts_visited":["Exordium"],"potions_floor_usage":[10],"damage_taken":[{"damage":0.0,"enemies":"Cultist","floor":1.0,"turns":4.0},{"damage":4.0,"enemies":"Jaw Worm","floor":4.0,"turns":5.0},{"damage":0.0,"enemies":"2 Louse","floor":7.0,"turns":3.0},{"damage":12.0,"enemies":"Gremlin Gang","floor":8.0,"turns":6.0},{"damage":21,"enemies":"Lagavulin","floor":10,"turns":7}],"seed_played":"5656769780566617464","potions_obtained":[{"floor":7.0,"key":"DistilledChaos"},{"floor":8.0,"key":"EssenceOfSteel"}],"is_trial":false,"path_per_floor":["M","$","T","M","?","R","M","M","T","E"],"character_chosen":"THE_SILENT","items_purchased":[],"campfire_rested":0,"item_purchase_floors":[],"current_hp_per_floor":[59,59,59,55,55,55,55,43,50,29,29],"gold":99,"neow_bonus":"ONE_RARE_RELIC","is_daily":false,"chose_seed":false,"campfire_upgraded":1,"win_rate":0.0,"timestamp":1608194258,"path_taken":["M","?","?","M","?","R","M","?","T","E"],"items_purchased_type":[],"build_version":"2020-12-13","purchased_purges":0,"victory":false,"max_hp_per_floor":[66,66,66,66,66,66,66,66,73,73,73],"relic_stats":{"counters":[5,24],"Pantograph":0,"Prayer Wheel":4,"obtain_stats":[{"Pantograph":3,"Strawberry":9,"Prayer Wheel":0,"Ring of the Snake":0},{"Pantograph":1,"Strawberry":4,"Prayer Wheel":0,"Ring of the Snake":0},{"Pantograph":4,"Strawberry":18,"Prayer Wheel":0,"Ring of the Snake":0}],"Ring of the Snake":[10]},"card_choices":[{"not_picked":["Poisoned Stab","Calculated Gamble"],"picked":"Blade Dance","floor":1.0},{"not_picked":["Skewer","Deadly Poison","Underhanded Strike"],"picked":"SKIP","floor":1.0},{"not_picked":["Dodge and Roll","Dagger Throw"],"picked":"Backflip","floor":4.0},{"not_picked":["Accuracy","Blade Dance"],"picked":"After Image","floor":4.0},{"not_picked":["Dagger Throw","Concentrate"],"picked":"Reflex","floor":7.0},{"not_picked":["Choke","Calculated Gamble","Deadly Poison"],"picked":"SKIP","floor":7.0},{"not_picked":["Slice","Blur"],"picked":"Blade Dance","floor":8.0},{"not_picked":["Predator","Leg Sweep","Quick Slash"],"picked":"SKIP","floor":8.0}],"player_experience":277931,"relics_obtained":[{"floor":3.0,"key":"Pantograph"},{"floor":9.0,"key":"Strawberry"}],"event_choices":[{"damage_healed":0.0,"max_hp_gain":0.0,"max_hp_loss":0.0,"gold_gain":0.0,"cards_transformed":["Strike_G"],"event_name":"Transmorgrifier","player_choice":"Transformed","floor":5.0,"gold_loss":0.0,"damage_taken":0.0,"cards_obtained":["Calculated Gamble"]}],"is_beta":false,"boss_relics":[],"items_purged_floors":[],"is_endless":false,"potions_floor_spawned":[7,8],"killed_by":"Lagavulin","ascension_level":20}}