{"host":"BK","time":1608167587,"event":{"mods":["BaseMod","Highlight Path","Minty Spire (QoL Compilation)","StSLib"],"gold_per_floor":[117,117,167,185,198,198,198,213,263,283,283,322,322,347,347,445,445,461,486,486,509,71,110,110,110,110],"floor_reached":25,"playtime":1082,"items_purged":[],"score":471,"play_id":"8091742d-d438-4174-bbd6-729d9df8e315","local_time":"20201216181307","is_ascension_mode":true,"campfire_choices":[{"data":"Clothesline","floor":7.0,"key":"SMITH"},{"data":"Bash","floor":13.0,"key":"SMITH"},{"data":"Thunderclap","floor":15.0,"key":"SMITH"}],"circlet_count":0,"master_deck":["AscendersBane","Defend_R","Defend_R","Defend_R","Defend_R","Bash+1","Clothesline+1","Thunderclap+1","Iron Wave+1","Wild Strike","Limit Break","Bludgeon+1","Thunderclap+1","Shrug It Off+1","True Grit","Inflame","Uppercut","Flame Barrier","Flash of Steel","Dual Wield","Bite","Bite","Bite","Bite","Bite"],"relics":["Coffee Dripper","Golden Idol","PreservedInsect","Orichalcum","Astrolabe","Kunai","Peace Pipe"],"acts_visited":["Exordium","TheCity"],"potions_floor_usage":[],"damage_taken":[{"damage":9.0,"enemies":"Small Slimes","floor":1.0,"turns":4.0},{"damage":0.0,"enemies":"Cultist","floor":4.0,"turns":3.0},{"damage":0.0,"enemies":"2 Louse","floor":5.0,"turns":3.0},{"damage":13.0,"enemies":"Blue Slaver","floor":8.0,"turns":2.0},{"damage":5.0,"enemies":"2 Fungi Beasts","floor":10.0,"turns":3.0},{"damage":13.0,"enemies":"Lagavulin","floor":12.0,"turns":5.0},{"damage":0.0,"enemies":"Large Slime","floor":14.0,"turns":4.0},{"damage":15.0,"enemies":"Slime Boss","floor":16.0,"turns":7.0},{"damage":10.0,"enemies":"2 Thieves","floor":18.0,"turns":4.0},{"damage":18.0,"enemies":"Spheric Guardian","floor":19.0,"turns":5.0},{"damage":20.0,"enemies":"Snake Plant","floor":21.0,"turns":3.0},{"damage":27.0,"enemies":"Book of Stabbing","floor":23.0,"turns":5.0},{"damage":8,"enemies":"Gremlin Leader","floor":25,"turns":4}],"seed_played":"32007406035037958","potions_obtained":[{"floor":4.0,"key":"DuplicationPotion"},{"floor":5.0,"key":"Fruit Juice"},{"floor":10.0,"key":"Strength Potion"},{"floor":12.0,"key":"Ancient Potion"},{"floor":19.0,"key":"Fire Potion"}],"is_trial":false,"path_per_floor":["M","?","?","M","M","?","R","M","T","M","?","E","R","M","R","B",null,"M","M","?","M","$","E","?","E"],"character_chosen":"IRONCLAD","items_purchased":["Flame Barrier","Kunai","Flash of Steel"],"campfire_rested":0,"item_purchase_floors":[22,22,22],"current_hp_per_floor":[59,64,56,56,56,56,56,43,43,43,43,30,30,30,30,15,62,52,34,49,29,29,2,2,0,0],"gold":110,"neow_bonus":"BOSS_RELIC","is_daily":false,"chose_seed":false,"campfire_upgraded":3,"win_rate":0.0,"timestamp":1608167587,"path_taken":["M","?","?","M","?","?","R","M","T","M","?","E","R","M","R","BOSS","M","?","?","M","$","E","?","E"],"items_purchased_type":["Card","Relic","Card"],"build_version":"2020-12-07","purchased_purges":0,"victory":false,"max_hp_per_floor":[75,80,80,80,80,72,72,72,72,77,77,77,77,77,77,77,77,77,77,77,77,77,77,53,53,53],"card_choices":[{"not_picked":["Wild Strike","Body Slam"],"picked":"Clothesline","floor":1.0},{"not_picked":["Pummel","Searing Blow","Corruption"],"picked":"SKIP","floor":4.0},{"not_picked":["Blood for Blood","Wild Strike"],"picked":"Thunderclap","floor":5.0},{"not_picked":["Sword Boomerang","Searing Blow","Warcry"],"picked":"SKIP","floor":8.0},{"not_picked":["Cleave","Flex"],"picked":"Iron Wave","floor":10.0},{"not_picked":["Sword Boomerang","Feel No Pain","Cleave"],"picked":"SKIP","floor":12.0},{"not_picked":["Perfected Strike","Flex"],"picked":"Wild Strike","floor":14.0},{"not_picked":["Brutality","Berserk"],"picked":"Limit Break","floor":16.0},{"not_picked":["Clothesline","Anger"],"picked":"True Grit","floor":18.0},{"not_picked":["Feel No Pain","Dark Embrace+1"],"picked":"Inflame","floor":19.0},{"not_picked":["Carnage","Perfected Strike"],"picked":"Uppercut","floor":21.0},{"not_picked":["Seeing Red+1","Clothesline"],"picked":"Dual Wield","floor":23.0}],"player_experience":2366842,"relics_obtained":[{"floor":9.0,"key":"PreservedInsect"},{"floor":12.0,"key":"Orichalcum"},{"floor":23.0,"key":"Peace Pipe"}],"event_choices":[{"damage_healed":0.0,"max_hp_gain":5.0,"max_hp_loss":0.0,"gold_gain":0.0,"event_name":"Big Fish","player_choice":"Donut","floor":2.0,"gold_loss":0.0,"damage_taken":0.0},{"damage_healed":0.0,"max_hp_gain":0.0,"max_hp_loss":0.0,"gold_gain":50.0,"event_name":"FaceTrader","player_choice":"Touch","floor":3.0,"gold_loss":0.0,"damage_taken":8.0},{"damage_healed":0.0,"max_hp_gain":0.0,"max_hp_loss":8.0,"gold_gain":0.0,"event_name":"Golden Idol","player_choice":"Lose Max HP","floor":6.0,"gold_loss":0.0,"damage_taken":0.0,"relics_obtained":["Golden Idol"]},{"damage_healed":0.0,"max_hp_gain":0.0,"max_hp_loss":0.0,"gold_gain":0.0,"event_name":"Accursed Blacksmith","player_choice":"Forge","floor":11.0,"gold_loss":0.0,"damage_taken":0.0,"cards_upgraded":["Iron Wave"]},{"damage_healed":15.0,"max_hp_gain":0.0,"max_hp_loss":0.0,"gold_gain":0.0,"event_name":"The Library","player_choice":"Heal","floor":20.0,"gold_loss":0.0,"damage_taken":0.0},{"damage_healed":0.0,"max_hp_gain":0.0,"max_hp_loss":24.0,"gold_gain":0.0,"event_name":"Vampires","player_choice":"Became a vampire","floor":24.0,"gold_loss":0.0,"damage_taken":0.0,"cards_obtained":["Bite","Bite","Bite","Bite","Bite"]}],"is_beta":true,"boss_relics":[{"not_picked":["Tiny House","Sozu"],"picked":"Astrolabe"}],"items_purged_floors":[],"is_endless":false,"potions_floor_spawned":[4,5,10,12,14,19],"killed_by":"Gremlin Leader","ascension_level":20}}