{"host":"szbnbddwah33j004","time":1608195127,"event":{"mods":["2.2 Compatiblity","AchievementEnabler","Act Like it!","BaseMod","BetterRewards","Colored Map","Energized Spire","Hubris","Minty Spire (QoL Compilation)","StSLib","Strawberry Spire"],"gold_per_floor":[110,110,128,144,170,170,181,213,213,245,245,245,420,434,434,535,535,555,555,555,555],"floor_reached":20,"playtime":1823,"items_purged":[],"score":182,"play_id":"7d7692af-234b-4161-94d8-7005f9e8ccfc","local_time":"20201217025207","is_ascension_mode":false,"campfire_choices":[{"data":"Eruption","floor":6,"key":"SMITH"},{"data":"FlurryOfBlows","floor":11,"key":"SMITH"},{"floor":15,"key":"REST"}],"circlet_count":0,"master_deck":["Strike_P","Strike_P","Strike_P","Strike_P","Defend_P","Defend_P","Defend_P","Defend_P+1","Eruption+1","Vigilance","FlurryOfBlows+1","FearNoEvil+1","Sanctity","Establishment","FlurryOfBlows","Doubt","Blasphemy","EmptyBody"],"relics":["PureWater","NeowsBlessing","Toy Ornithopter","Bag of Marbles","strawberrySpire:MawJerky","Orichalcum","Bottled Flame","Runic Pyramid"],"acts_visited":["Exordium","TheCity"],"potions_floor_usage":[7,14,20,20],"damage_taken":[{"damage":0,"enemies":"2 Louse","floor":1,"turns":1},{"damage":0,"enemies":"Cultist","floor":3,"turns":1},{"damage":0,"enemies":"Small Slimes","floor":4,"turns":2},{"damage":2,"enemies":"Blue Slaver","floor":7,"turns":2},{"damage":33,"enemies":"Lagavulin","floor":8,"turns":5},{"damage":14,"enemies":"Gremlin Nob","floor":10,"turns":4},{"damage":0,"enemies":"Exordium Wildlife","floor":14,"turns":4},{"damage":2,"enemies":"Slime Boss","floor":16,"turns":8},{"damage":8,"enemies":"Chosen","floor":18,"turns":5},{"damage":100041,"enemies":"Masked Bandits","floor":20,"turns":5}],"seed_played":"-1456578049318565789","potions_obtained":[{"floor":4,"key":"AttackPotion"},{"floor":7,"key":"BlessingOfTheForge"},{"floor":16,"key":"LiquidBronze"},{"floor":18,"key":"Energy Potion"}],"is_trial":false,"path_per_floor":["M","?","M","M","T","R","M","E","T","E","R","?","?","M","R","B",null,"M","?","?"],"character_chosen":"WATCHER","items_purchased":[],"campfire_rested":1,"item_purchase_floors":[],"current_hp_per_floor":[72,72,72,72,72,72,70,37,37,27,27,12,12,17,39,37,76,68,68,0,0],"gold":555,"neow_bonus":"THREE_ENEMY_KILL","is_daily":false,"chose_seed":false,"campfire_upgraded":2,"win_rate":0.0,"timestamp":1608195127,"path_taken":["M","?","?","M","?","R","?","E","T","E","R","?","?","M","R","BOSS","M","?","?"],"items_purchased_type":[],"build_version":"2020-12-13","purchased_purges":0,"victory":false,"max_hp_per_floor":[72,72,72,72,72,72,72,72,72,76,76,76,76,76,76,76,76,76,76,76,76],"card_choices":[{"not_picked":["ThirdEye","ForeignInfluence"],"picked":"CarveReality","floor":1},{"not_picked":["Consecrate","Fasting2"],"picked":"FlurryOfBlows","floor":3},{"not_picked":["WheelKick","EmptyBody"],"picked":"FearNoEvil","floor":4},{"not_picked":["SashWhip","CarveReality"],"picked":"Sanctity","floor":7},{"not_picked":["Wallop","JustLucky"],"picked":"Establishment","floor":8},{"not_picked":["EmptyFist","Perseverance"],"picked":"FlurryOfBlows","floor":10},{"not_picked":["SashWhip","CrushJoints","FlyingSleeves"],"picked":"SKIP","floor":14},{"not_picked":["Scrawl","Establishment"],"picked":"Blasphemy","floor":16},{"not_picked":["Weave","Meditate"],"picked":"EmptyBody","floor":18}],"player_experience":63891,"relics_obtained":[{"floor":5,"key":"Bag of Marbles"},{"floor":8,"key":"strawberrySpire:MawJerky"},{"floor":9,"key":"Orichalcum"},{"floor":10,"key":"Bottled Flame"}],"event_choices":[{"cards_removed":["CarveReality"],"damage_healed":0,"gold_gain":0,"player_choice":"Gave Card","damage_taken":0,"relics_obtained":["Toy Ornithopter"],"max_hp_gain":0,"max_hp_loss":0,"event_name":"WeMeetAgain","floor":2,"gold_loss":0},{"damage_healed":0,"gold_gain":0,"player_choice":"Entered Light","damage_taken":15,"max_hp_gain":0,"max_hp_loss":0,"event_name":"Shining Light","floor":12,"gold_loss":0,"cards_upgraded":["Defend_P","FearNoEvil"]},{"damage_healed":0,"gold_gain":175,"player_choice":"AGREE","damage_taken":0,"max_hp_gain":0,"max_hp_loss":0,"event_name":"Liars Game","floor":13,"gold_loss":0,"cards_obtained":["Doubt"]},{"damage_healed":0,"gold_gain":0,"player_choice":"Ignored","damage_taken":0,"max_hp_gain":0,"max_hp_loss":0,"event_name":"Ghosts","floor":19,"gold_loss":0},{"damage_healed":0,"gold_gain":0,"player_choice":"Fought Bandits","damage_taken":0,"max_hp_gain":0,"max_hp_loss":0,"event_name":"Masked Bandits","floor":20,"gold_loss":0}],"is_beta":false,"boss_relics":[{"not_picked":["energizedSpire:EnergizedDie","hubris:TerracottaHorce"],"picked":"Runic Pyramid"}],"items_purged_floors":[],"is_endless":false,"potions_floor_spawned":[4,7,16,18],"killed_by":"Masked Bandits","ascension_level":0}}