{"host":"wdiovb6uv7szux0m","time":1608239749,"event":{"mods":["BaseMod","Minty Spire (QoL Compilation)","StSLib","The Bug Knight","The Druid"],"gold_per_floor":[118,128,144,161,176,210,210,225,270,289,300,300,300,300,300,300,300],"floor_reached":16,"playtime":2453,"items_purged":[],"score":106,"play_id":"043b3069-7406-4cc0-ac21-c43a390e2451","local_time":"20201217121549","is_ascension_mode":false,"campfire_choices":[{"floor":7,"key":"REST"},{"data":"Night Terror","floor":13,"key":"SMITH"},{"floor":15,"key":"REST"}],"circlet_count":0,"master_deck":["Strike_G","Strike_G","Strike_G","Strike_G","Defend_G","Defend_G","Defend_G","Defend_G","Defend_G","Survivor","Neutralize","Blade Dance","Deflect","Blade Dance","Dagger Spray","Flying Knee","Night Terror+1","Cloak And Dagger+1","Escape Plan"],"relics":["Ring of the Snake","NeowsBlessing","Boot","Bag of Preparation"],"acts_visited":["Exordium"],"potions_floor_usage":[6,16,16,16],"damage_taken":[{"damage":0,"enemies":"Cultist","floor":1,"turns":1},{"damage":0,"enemies":"Small Slimes","floor":2,"turns":1},{"damage":0,"enemies":"2 Louse","floor":3,"turns":1},{"damage":4,"enemies":"2 Fungi Beasts","floor":4,"turns":3},{"damage":6,"enemies":"Gremlin Gang","floor":5,"turns":4},{"damage":26,"enemies":"Lagavulin","floor":6,"turns":4},{"damage":8,"enemies":"Exordium Thugs","floor":8,"turns":3},{"damage":7,"enemies":"Large Slime","floor":10,"turns":4},{"damage":0,"enemies":"2 Fungi Beasts","floor":11,"turns":2},{"damage":61,"enemies":"The Guardian","floor":16,"turns":11}],"seed_played":"-1142710634230601976","potions_obtained":[{"floor":5,"key":"SteroidPotion"},{"floor":6,"key":"AttackPotion"},{"floor":8,"key":"Regen Potion"},{"floor":10,"key":"Strength Potion"}],"is_trial":false,"path_per_floor":["M","M","M","M","M","E","R","M","T","M","M","?","R","?","R","B"],"character_chosen":"THE_SILENT","items_purchased":[],"campfire_rested":2,"item_purchase_floors":[],"current_hp_per_floor":[70,70,70,66,60,34,55,47,47,40,40,40,40,33,54,0,0],"gold":300,"neow_bonus":"THREE_ENEMY_KILL","is_daily":false,"chose_seed":false,"campfire_upgraded":1,"win_rate":0.0,"timestamp":1608239749,"path_taken":["M","?","M","M","M","E","R","M","T","M","M","?","R","?","R","BOSS"],"items_purchased_type":[],"build_version":"2020-12-13","purchased_purges":0,"victory":false,"max_hp_per_floor":[70,70,70,70,70,70,70,70,70,70,70,70,70,70,70,70,70],"card_choices":[{"not_picked":["Cloak And Dagger","Flechettes"],"picked":"Blade Dance","floor":1},{"not_picked":["Flechettes","Heel Hook"],"picked":"Deflect","floor":2},{"not_picked":["Quick Slash","Blur"],"picked":"Blade Dance","floor":3},{"not_picked":["Acrobatics","Crippling Poison"],"picked":"Dagger Spray","floor":4},{"not_picked":["Eviscerate","Underhanded Strike"],"picked":"Flying Knee","floor":5},{"not_picked":["Masterful Stab","Deadly Poison","Crippling Poison"],"picked":"SKIP","floor":6},{"not_picked":["Crippling Poison","Underhanded Strike"],"picked":"Night Terror","floor":8},{"not_picked":["Acrobatics","Outmaneuver"],"picked":"Cloak And Dagger","floor":10},{"not_picked":["PiercingWail","Skewer"],"picked":"Escape Plan","floor":11}],"player_experience":1480447,"relics_obtained":[{"floor":6,"key":"Boot"},{"floor":9,"key":"Bag of Preparation"}],"event_choices":[{"damage_healed":0,"gold_gain":0,"player_choice":"Grow","damage_taken":0,"max_hp_gain":0,"max_hp_loss":0,"event_name":"Living Wall","floor":12,"gold_loss":0,"cards_upgraded":["Cloak And Dagger"]},{"cards_removed":["Strike_G"],"damage_healed":0,"gold_gain":0,"player_choice":"Card Removal","damage_taken":7,"max_hp_gain":0,"max_hp_loss":0,"event_name":"Golden Wing","floor":14,"gold_loss":0}],"is_beta":false,"boss_relics":[],"items_purged_floors":[],"is_endless":false,"potions_floor_spawned":[5,6,8,10],"killed_by":"The Guardian","ascension_level":0}}