{"host":"qgwlv9366poilr0p","time":1608239212,"event":{"mods":["BaseMod","Colored Powertips","Conspire","Dota2Spire","Friendly Minions","Halation","Hubris","Infinite Spire","Minty Spire (QoL Compilation)","Relic Stats","Replay The Spire","Shop Mod","StSLib","The Blue Laboratory","Wandering Minibosses","vexMod"],"gold_per_floor":[119,20,20,34,54,54,81,112,137,151,166,141,161,161,161],"floor_reached":14,"playtime":389,"items_purged":[],"score":161,"play_id":"23bd6892-05a7-4740-b4f6-8cb71bd8322f","local_time":"20201217220652","is_ascension_mode":true,"campfire_choices":[{"data":"Defragment","floor":6,"key":"SMITH"}],"circlet_count":0,"master_deck":["AscendersBane","Strike_B","Strike_B+1","Strike_B+1","Strike_B","Defend_B","Defend_B","Defend_B","Defend_B","Zap","Dualcast","Storm","Defragment+1","Conserve Battery","Static Discharge","ReplayRNGCard","Hologram","Coolheaded"],"relics":["Cracked Core","NeowsBlessing","Lantern","Boot","Whetstone","ReplayTheSpireMod:Lightbulb"],"acts_visited":["Exordium"],"potions_floor_usage":[14],"damage_taken":[{"damage":0,"enemies":"2 Louse","floor":1,"turns":1},{"damage":0,"enemies":"Cultist","floor":4,"turns":1},{"damage":0,"enemies":"Jaw Worm","floor":5,"turns":1},{"damage":23,"enemies":"3 Sentries","floor":8,"turns":4},{"damage":1,"enemies":"2 Fungi Beasts","floor":10,"turns":3},{"damage":20,"enemies":"Exordium Thugs","floor":11,"turns":3},{"damage":0,"enemies":"Exordium Wildlife","floor":13,"turns":3},{"damage":30,"enemies":"Gremlin Nob","floor":14,"turns":5}],"seed_played":"4977182040281638588","potions_obtained":[{"floor":1,"key":"blueLaboratory:RememoryPotion"},{"floor":5,"key":"blueLaboratory:BubblePotion"},{"floor":8,"key":"blueLaboratory:FrostheartPotion"}],"is_trial":false,"path_per_floor":["M","$","?","M","M","R","T","E","T","M","M","?","M","E"],"character_chosen":"DEFECT","items_purchased":["Defragment","Conserve Battery"],"campfire_rested":0,"item_purchase_floors":[2,2],"current_hp_per_floor":[64,64,64,64,64,64,64,41,41,40,20,20,20,0,0],"gold":161,"neow_bonus":"THREE_ENEMY_KILL","is_daily":false,"chose_seed":false,"campfire_upgraded":1,"win_rate":0.0,"timestamp":1608239212,"path_taken":["M","$","?","?","M","R","?","E","T","M","?","?","M","E"],"items_purchased_type":["Card","Card"],"build_version":"2020-12-13","purchased_purges":0,"victory":false,"max_hp_per_floor":[71,71,71,71,71,71,71,71,71,71,71,71,71,71,71],"relic_stats":{"counters":[8,21],"Whetstone":["Strike_B","Strike_B"],"Boot":[0],"obtain_stats":[{"Lantern":3,"NeowsBlessing":0,"Whetstone":8,"Cracked Core":0,"Boot":7,"ReplayTheSpireMod:Lightbulb":9},{"Lantern":1,"NeowsBlessing":0,"Whetstone":4,"Cracked Core":0,"Boot":3,"ReplayTheSpireMod:Lightbulb":4},{"Lantern":1,"NeowsBlessing":0,"Whetstone":7,"Cracked Core":0,"Boot":3,"ReplayTheSpireMod:Lightbulb":7}]},"card_choices":[{"not_picked":["Beam Cell","Leap"],"picked":"Storm","floor":1},{"not_picked":["conspire:Rain","Recycle"],"picked":"Static Discharge","floor":4},{"not_picked":["Go for the Eyes","Leap","Conserve Battery"],"picked":"SKIP","floor":5},{"not_picked":["Fusion","Turbo","Hello World"],"picked":"SKIP","floor":8},{"not_picked":["Hologram","Redo"],"picked":"ReplayRNGCard","floor":10},{"not_picked":["Heatsinks","Lockon"],"picked":"Hologram","floor":11},{"not_picked":["ReplayTheSpireMod:Calculation Training","hubris:PowerSurge"],"picked":"Coolheaded","floor":13}],"player_experience":1064497,"relics_obtained":[{"floor":7,"key":"Boot"},{"floor":8,"key":"Whetstone"},{"floor":9,"key":"ReplayTheSpireMod:Lightbulb"}],"event_choices":[{"damage_healed":0,"gold_gain":0,"player_choice":"Gave Potion","damage_taken":0,"relics_obtained":["Lantern"],"max_hp_gain":0,"max_hp_loss":0,"event_name":"WeMeetAgain","floor":3,"gold_loss":0}],"is_beta":false,"boss_relics":[],"items_purged_floors":[],"is_endless":false,"potions_floor_spawned":[1,5,8],"killed_by":"Gremlin Nob","ascension_level":15}}