{"host":"gk5m6v7zec9neb0j","time":1608188619,"event":{"mods":["AchievementEnabler","AlwaysNeverKeys","BaseMod","BetterRewards","Block Reminder","Minty Spire (QoL Compilation)","Rare Cards Sparkle","Relic Stats","StSLib"],"gold_per_floor":[112,126,144,144,154,154,189,209,209,209,224,149,149,162,162,265,265,276,294,564,111,129,129,139,139,212,229,104,104,118,130,130,225,225,244,94,104,54,68,68,101,116,116,116,129,129,145,164,164,164,164],"floor_reached":50,"playtime":1835,"items_purged":["Strike_R","Strike_R","Decay","Endless Agony"],"score":682,"play_id":"5bcd937d-688b-4fe4-85a3-1c4f19e8c805","local_time":"20201217020339","is_ascension_mode":false,"campfire_choices":[{"data":"Bash","floor":6,"key":"SMITH"},{"data":"Inflame","floor":10,"key":"SMITH"},{"data":"Caltrops","floor":15,"key":"SMITH"},{"floor":23,"key":"REST"},{"floor":25,"key":"REST"},{"data":"Berserk","floor":29,"key":"SMITH"},{"floor":32,"key":"REST"},{"floor":40,"key":"REST"},{"data":"Vault","floor":44,"key":"SMITH"},{"floor":46,"key":"REST"},{"floor":49,"key":"REST"}],"circlet_count":0,"master_deck":["Strike_R","Strike_R","Strike_R+1","Defend_R+1","Defend_R","Defend_R+1","Defend_R+1","Bash+1","Inflame","Inflame+1","Caltrops+1","ThirdEye","Consecrate","FollowUp","Go for the Eyes","Berserk+1","Shrug It Off","FollowUp","Bandage Up","Metallicize+1","Finisher","Twin Strike","Vault+1","Heavy Blade+1","Twin Strike","Parasite"],"relics":["Burning Blood","Chemical X","Du-Vu Doll","Pocketwatch","PrismaticShard","Thread and Needle","War Paint","Shuriken","SlaversCollar","Orrery","Matryoshka","Runic Dome","Bag of Marbles","Molten Egg 2","The Courier"],"acts_visited":["Exordium","TheCity","TheBeyond"],"potions_floor_usage":[24,30,33],"damage_taken":[{"damage":0,"enemies":"2 Louse","floor":1,"turns":3},{"damage":0,"enemies":"Cultist","floor":2,"turns":3},{"damage":0,"enemies":"Small Slimes","floor":3,"turns":4},{"damage":0,"enemies":"2 Fungi Beasts","floor":5,"turns":3},{"damage":9,"enemies":"3 Sentries","floor":7,"turns":6},{"damage":0,"enemies":"Lots of Slimes","floor":8,"turns":3},{"damage":0,"enemies":"Exordium Thugs","floor":11,"turns":4},{"damage":0,"enemies":"3 Louse","floor":14,"turns":3},{"damage":0,"enemies":"The Guardian","floor":16,"turns":9},{"damage":25,"enemies":"2 Thieves","floor":18,"turns":4},{"damage":17,"enemies":"Spheric Guardian","floor":19,"turns":3},{"damage":5,"enemies":"Centurion and Healer","floor":22,"turns":6},{"damage":38,"enemies":"Shelled Parasite and Fungi","floor":24,"turns":5},{"damage":19,"enemies":"Snake Plant","floor":27,"turns":4},{"damage":26,"enemies":"3 Cultists","floor":30,"turns":5},{"damage":10,"enemies":"Sentry and Sphere","floor":31,"turns":6},{"damage":74,"enemies":"Automaton","floor":33,"turns":9},{"damage":0,"enemies":"Orb Walker","floor":35,"turns":4},{"damage":42,"enemies":"3 Darklings","floor":37,"turns":7},{"damage":26,"enemies":"4 Shapes","floor":39,"turns":6},{"damage":27,"enemies":"Giant Head","floor":41,"turns":9},{"damage":12,"enemies":"Jaw Worm Horde","floor":42,"turns":5},{"damage":5,"enemies":"Transient","floor":45,"turns":6},{"damage":21,"enemies":"Writhing Mass","floor":47,"turns":6},{"damage":12,"enemies":"4 Shapes","floor":48,"turns":6},{"damage":119,"enemies":"Awakened One","floor":50,"turns":7}],"seed_played":"-7865475926501740828","potions_obtained":[{"floor":2,"key":"FairyPotion"},{"floor":11,"key":"BloodPotion"},{"floor":16,"key":"Dexterity Potion"},{"floor":24,"key":"Regen Potion"},{"floor":30,"key":"SpeedPotion"},{"floor":33,"key":"BlessingOfTheForge"}],"is_trial":false,"path_per_floor":["M","M","M","?","M","R","E","M","T","R","M","$","?","M","R","B",null,"M","M","?","$","M","R","M","R","T","M","$","R","M","M","R","B",null,"M","$","M","$","M","R","E","M","T","R","M","R","M","M","R","B"],"character_chosen":"IRONCLAD","items_purchased":["Chemical X","Inflame","Inflame","PrismaticShard","Berserk","Shrug It Off","Orrery","Twin Strike"],"campfire_rested":6,"item_purchase_floors":[0,0,0,0,21,21,21,38],"current_hp_per_floor":[38,44,50,50,56,56,53,59,59,59,65,65,49,55,55,61,80,61,50,23,23,28,52,40,64,64,51,51,51,35,35,59,10,80,80,80,48,48,32,56,39,37,37,37,42,66,55,53,77,0,0],"gold":164,"neow_bonus":"","is_daily":false,"chose_seed":false,"campfire_upgraded":5,"win_rate":0.0,"timestamp":1608188619,"path_taken":["M","M","M","?","?","R","E","M","T","R","M","$","?","M","R","BOSS","M","M","?","$","M","R","?","R","T","M","$","R","M","M","R","BOSS","M","$","M","$","M","R","E","?","T","R","M","R","M","M","R","BOSS"],"items_purchased_type":["Relic","Card","Card","Relic","Card","Card","Relic","Card"],"build_version":"2020-12-13","purchased_purges":4,"victory":false,"max_hp_per_floor":[80,80,80,80,80,80,80,80,80,80,80,80,80,80,80,80,80,80,80,80,80,80,80,80,80,80,80,80,80,80,80,80,80,80,80,80,80,80,80,80,80,80,80,80,80,80,80,80,80,80,80],"relic_stats":{"counters":[353,1767],"Shuriken":[129],"Chemical X":[1],"War Paint":["Defend_R","Defend_R"],"obtain_stats":[{"Whetstone":45,"Ginger":48,"Bottled Tornado":12,"Boot":40,"Old Coin":9,"Blood Vial":54,"Sundial":43,"Fusion Hammer":34,"Kunai":3,"Runic Cube":34,"Pear":6,"Blue Candle":9,"Eternal Feather":6,"Pen Nib":9,"Akabeko":37,"SlaversCollar":17,"Runic Dome":17,"Bird Faced Urn":0,"MutagenicStrength":27,"Mark of Pain":34,"StrikeDummy":47,"Unceasing Top":0,"Regal Pillow":9,"Singing Bowl":42,"StoneCalendar":0,"Bag of Preparation":41,"Ancient Tea Set":6,"Burning Blood":0,"Matryoshka":27,"WingedGreaves":11,"Chemical X":0,"Paper Frog":9,"Potion Belt":43,"Lee\u0027s Waffle":0,"Golden Idol":4,"Self Forming Clay":25,"Thread and Needle":0,"The Courier":13,"Omamori":13,"Frozen Egg 2":8,"MawBank":9,"Orrery":0,"Turnip":13,"Art of War":26,"Champion Belt":23,"Toy Ornithopter":9,"Ice Cream":0,"Calipers":0,"Gremlin Horn":24,"CeramicFish":11,"Vajra":19,"Sozu":17,"Lizard Tail":25,"Centennial Puzzle":26,"HornCleat":54,"Strawberry":43,"Toxic Egg 2":25,"Girya":0,"Happy Flower":0,"Dead Branch":13,"Oddly Smooth Stone":54,"Charon\u0027s Ashes":0,"Letter Opener":26,"War Paint":55,"Question Card":9,"Du-Vu Doll":43,"OrangePellets":0,"Bottled Flame":54,"Shuriken":0,"Bronze Scales":0,"Molten Egg 2":26,"Nloth\u0027s Gift":20,"Pocketwatch":47,"Meat on the Bone":28,"Darkstone Periapt":26,"SacredBark":34,"Black Blood":17,"Mango":26,"Juzu Bracelet":3,"Incense Burner":0,"Empty Cage":17,"PrismaticShard":0,"ClockworkSouvenir":0,"Nunchaku":36,"Dream Catcher":25,"TheAbacus":37,"Mummified Hand":0,"Gambling Chip":13,"Tiny Chest":24,"Red Mask":41,"Red Skull":4,"Runic Pyramid":34,"Orichalcum":20,"Odd Mushroom":14,"White Beast Statue":2,"Mercury Hourglass":30,"Peace Pipe":0,"Anchor":12,"Bag of Marbles":0,"Membership Card":0,"FossilizedHelix":0,"TungstenRod":36},{"Whetstone":46,"Ginger":104,"Bottled Tornado":137,"Boot":102,"Old Coin":4,"Blood Vial":49,"Sundial":149,"Fusion Hammer":98,"Kunai":2,"Runic Cube":296,"Pear":111,"Blue Candle":112,"Eternal Feather":25,"Pen Nib":56,"Akabeko":221,"SlaversCollar":36,"Runic Dome":61,"Bird Faced Urn":129,"MutagenicStrength":292,"Mark of Pain":70,"StrikeDummy":47,"Unceasing Top":0,"Regal Pillow":157,"Singing Bowl":102,"StoneCalendar":80,"Bag of Preparation":196,"Ancient Tea Set":84,"Burning Blood":0,"Matryoshka":118,"WingedGreaves":26,"Chemical X":50,"Paper Frog":33,"Potion Belt":102,"Lee\u0027s Waffle":231,"Golden Idol":2,"Self Forming Clay":265,"Thread and Needle":154,"The Courier":15,"Omamori":27,"Frozen Egg 2":25,"MawBank":13,"Orrery":9,"Turnip":59,"Art of War":117,"Champion Belt":66,"Toy Ornithopter":181,"Ice Cream":80,"Calipers":80,"Gremlin Horn":39,"CeramicFish":33,"Vajra":140,"Sozu":306,"Lizard Tail":39,"Centennial Puzzle":39,"HornCleat":174,"Strawberry":124,"Toxic Egg 2":117,"Girya":50,"Happy Flower":80,"Dead Branch":88,"Oddly Smooth Stone":326,"Charon\u0027s Ashes":50,"Letter Opener":67,"War Paint":79,"Question Card":135,"Du-Vu Doll":149,"OrangePellets":19,"Bottled Flame":106,"Shuriken":0,"Bronze Scales":29,"Molten Egg 2":165,"Nloth\u0027s Gift":115,"Pocketwatch":172,"Meat on the Bone":216,"Darkstone Periapt":93,"SacredBark":219,"Black Blood":16,"Mango":141,"Juzu Bracelet":10,"Incense Burner":107,"Empty Cage":160,"PrismaticShard":327,"ClockworkSouvenir":0,"Nunchaku":42,"Dream Catcher":141,"TheAbacus":99,"Mummified Hand":50,"Gambling Chip":34,"Tiny Chest":92,"Red Mask":148,"Red Skull":32,"Runic Pyramid":41,"Orichalcum":17,"Odd Mushroom":28,"White Beast Statue":10,"Mercury Hourglass":69,"Peace Pipe":0,"Anchor":59,"Bag of Marbles":50,"Membership Card":0,"FossilizedHelix":129,"TungstenRod":193},{"Whetstone":235,"Ginger":445,"Bottled Tornado":578,"Boot":443,"Old Coin":20,"Blood Vial":254,"Sundial":607,"Fusion Hammer":434,"Kunai":11,"Runic Cube":1471,"Pear":468,"Blue Candle":470,"Eternal Feather":132,"Pen Nib":288,"Akabeko":1053,"SlaversCollar":194,"Runic Dome":314,"Bird Faced Urn":552,"MutagenicStrength":1449,"Mark of Pain":351,"StrikeDummy":240,"Unceasing Top":0,"Regal Pillow":630,"Singing Bowl":443,"StoneCalendar":388,"Bag of Preparation":876,"Ancient Tea Set":396,"Burning Blood":0,"Matryoshka":499,"WingedGreaves":139,"Chemical X":262,"Paper Frog":177,"Potion Belt":443,"Lee\u0027s Waffle":1104,"Golden Idol":11,"Self Forming Clay":1293,"Thread and Needle":621,"The Courier":70,"Omamori":150,"Frozen Egg 2":132,"MawBank":57,"Orrery":48,"Turnip":301,"Art of War":496,"Champion Belt":329,"Toy Ornithopter":757,"Ice Cream":388,"Calipers":388,"Gremlin Horn":203,"CeramicFish":177,"Vajra":586,"Sozu":1538,"Lizard Tail":203,"Centennial Puzzle":203,"HornCleat":729,"Strawberry":538,"Toxic Egg 2":496,"Girya":262,"Happy Flower":388,"Dead Branch":406,"Oddly Smooth Stone":1624,"Charon\u0027s Ashes":262,"Letter Opener":332,"War Paint":381,"Question Card":574,"Du-Vu Doll":607,"OrangePellets":106,"Bottled Flame":448,"Shuriken":0,"Bronze Scales":164,"Molten Egg 2":671,"Nloth\u0027s Gift":488,"Pocketwatch":718,"Meat on the Bone":1028,"Darkstone Periapt":419,"SacredBark":1044,"Black Blood":80,"Mango":587,"Juzu Bracelet":50,"Incense Burner":454,"Empty Cage":646,"PrismaticShard":1631,"ClockworkSouvenir":0,"Nunchaku":221,"Dream Catcher":587,"TheAbacus":436,"Mummified Hand":262,"Gambling Chip":183,"Tiny Chest":417,"Red Mask":605,"Red Skull":173,"Runic Pyramid":217,"Orichalcum":95,"Odd Mushroom":152,"White Beast Statue":50,"Mercury Hourglass":341,"Peace Pipe":0,"Anchor":301,"Bag of Marbles":262,"Membership Card":0,"FossilizedHelix":552,"TungstenRod":854}],"Burning Blood":1955,"Pocketwatch":[96]},"card_choices":[{"not_picked":["Self Repair","Armaments"],"picked":"Caltrops","floor":1},{"not_picked":["Redo","Auto Shields"],"picked":"ThirdEye","floor":2},{"not_picked":["Redo","DeceiveReality"],"picked":"Consecrate","floor":3},{"not_picked":["Sword Boomerang","Outmaneuver","EmptyBody"],"picked":"SKIP","floor":5},{"not_picked":["Dash","Fission"],"picked":"FollowUp","floor":7},{"not_picked":["Force Field","Rebound","Shockwave"],"picked":"SKIP","floor":8},{"not_picked":["WreathOfFlame","Perfected Strike","EmptyFist"],"picked":"SKIP","floor":11},{"not_picked":["Halt","Redo","Enlightenment"],"picked":"SKIP","floor":14},{"not_picked":["Hello World","Headbutt+1"],"picked":"Go for the Eyes","floor":18},{"not_picked":["Reinforced Body","Bane+1"],"picked":"Endless Agony","floor":19},{"not_picked":["Poisoned Stab","Halt"],"picked":"FollowUp","floor":21},{"not_picked":["Streamline","Wild Strike"],"picked":"Bandage Up","floor":21},{"not_picked":["Rebound","BowlingBash"],"picked":"Metallicize+1","floor":21},{"not_picked":["Forethought+1","Aggregate"],"picked":"Finisher","floor":22},{"not_picked":["Impatience+1","Sucker Punch","Trip+1"],"picked":"SKIP","floor":24},{"not_picked":["Prostrate","CrushJoints","Loop"],"picked":"SKIP","floor":27},{"not_picked":["Dagger Spray","Rebound","Halt"],"picked":"SKIP","floor":30},{"not_picked":["Deep Breath","Body Slam+1"],"picked":"Twin Strike","floor":31},{"not_picked":["Grand Finale","Multi-Cast"],"picked":"Vault","floor":33},{"not_picked":["Dagger Spray","Skewer","FearNoEvil"],"picked":"SKIP","floor":35},{"not_picked":["Cleave+1","Genetic Algorithm+1"],"picked":"Heavy Blade+1","floor":37},{"not_picked":["Backflip","Rampage+1","Wild Strike"],"picked":"SKIP","floor":39},{"not_picked":["Blizzard","Purity+1","Heel Hook+1"],"picked":"SKIP","floor":41},{"not_picked":["Twin Strike+1","The Bomb","Prepared"],"picked":"SKIP","floor":42},{"not_picked":["BowlingBash+1","Dagger Spray+1","Thunderclap+1"],"picked":"SKIP","floor":45},{"not_picked":["Crescendo+1","Flying Knee+1","Immolate+1"],"picked":"SKIP","floor":47},{"not_picked":["Prepared+1","Skim+1","WheelKick+1"],"picked":"SKIP","floor":48}],"player_experience":687916,"relics_obtained":[{"floor":7,"key":"War Paint"},{"floor":9,"key":"Shuriken"},{"floor":26,"key":"Matryoshka"},{"floor":41,"key":"Bag of Marbles"},{"floor":43,"key":"Molten Egg 2"},{"floor":43,"key":"The Courier"}],"event_choices":[{"damage_healed":0,"gold_gain":0,"player_choice":"Cursed","damage_taken":0,"max_hp_gain":0,"max_hp_loss":0,"event_name":"Wheel of Change","floor":4,"gold_loss":0,"cards_obtained":["Decay"]},{"damage_healed":0,"gold_gain":0,"player_choice":"Entered Light","damage_taken":16,"max_hp_gain":0,"max_hp_loss":0,"event_name":"Shining Light","floor":13,"gold_loss":0,"cards_upgraded":["Strike_R","Defend_R"]},{"damage_healed":0,"gold_gain":270,"player_choice":"GOLD GOLD GOLD ","damage_taken":27,"max_hp_gain":0,"max_hp_loss":0,"event_name":"Knowing Skull","floor":20,"potions_obtained":[],"gold_loss":0,"cards_obtained":[]}],"is_beta":false,"boss_relics":[{"not_picked":["Coffee Dripper","Ectoplasm"],"picked":"SlaversCollar"},{"not_picked":["Black Star","Snecko Eye"],"picked":"Runic Dome"}],"items_purged_floors":[12,21,28,36],"is_endless":false,"potions_floor_spawned":[2,5,11,16,18,24,30,33,42,47,48],"killed_by":"Awakened One","ascension_level":0}}