{"host":"a1eatafr7pisesky","time":1608234191,"event":{"mods":["BaseMod","Colored Map","DeckTracker","Highlight Path","Keyboard Shortcuts","Minty Spire (QoL Compilation)","Permanent Neow","Random Character Button","StSLib","SuperFastMode","everything is the same but u backflip on backflip"],"gold_per_floor":[112,112,112,132,57,57,7,40,67,79,125,167,179,203,215,227,227],"floor_reached":16,"playtime":358,"items_purged":["Strike_R"],"score":183,"play_id":"552eae2f-30a7-4128-86d8-1302d7f451c1","local_time":"20201218044311","is_ascension_mode":true,"campfire_choices":[{"data":"Flex","floor":6,"key":"SMITH"},{"data":"Offering","floor":13,"key":"SMITH"},{"floor":15,"key":"REST"}],"circlet_count":0,"master_deck":["Strike_R","Strike_R+1","Strike_R","Defend_R","Defend_R","Defend_R","Defend_R+1","Bash","Flex+1","Shrug It Off","Evolve","Sword Boomerang","Offering+1","Rage"],"relics":["Burning Blood","NeowsBlessing","Pantograph","MawBank","Art of War","Odd Mushroom"],"acts_visited":["Exordium"],"potions_floor_usage":[16,16],"damage_taken":[{"damage":0,"enemies":"2 Louse","floor":1,"turns":1},{"damage":0,"enemies":"Jaw Worm","floor":4,"turns":1},{"damage":0,"enemies":"Gremlin Nob","floor":8,"turns":1},{"damage":36,"enemies":"3 Sentries","floor":11,"turns":8},{"damage":34,"enemies":"The Mushroom Lair","floor":12,"turns":5},{"damage":3,"enemies":"Small Slimes","floor":14,"turns":3},{"damage":70,"enemies":"The Guardian","floor":16,"turns":14}],"seed_played":"7082214161266827615","potions_obtained":[{"floor":4,"key":"SkillPotion"},{"floor":14,"key":"PowerPotion"}],"is_trial":false,"path_per_floor":["M","?","?","M","$","R","?","E","T","$","E","?","R","M","R","B"],"character_chosen":"IRONCLAD","items_purchased":[],"campfire_rested":1,"item_purchase_floors":[],"current_hp_per_floor":[78,62,67,73,73,73,73,79,79,79,49,21,21,24,49,4,4],"gold":227,"neow_bonus":"THREE_ENEMY_KILL","is_daily":false,"chose_seed":false,"campfire_upgraded":2,"win_rate":0.0,"timestamp":1608234191,"path_taken":["M","?","?","M","$","R","?","E","T","?","E","?","R","M","R","BOSS"],"items_purchased_type":[],"build_version":"2020-12-13","purchased_purges":1,"victory":false,"max_hp_per_floor":[80,80,85,85,85,85,85,85,85,85,85,85,85,85,85,85,85],"card_choices":[{"not_picked":["Rupture","Headbutt"],"picked":"Flex","floor":1},{"not_picked":["Clothesline","Thunderclap"],"picked":"Shrug It Off","floor":4},{"not_picked":["Clash","Havoc"],"picked":"Evolve","floor":8},{"not_picked":["Infernal Blade","Rampage"],"picked":"Sword Boomerang","floor":11},{"not_picked":["Sever Soul","Searing Blow"],"picked":"Offering","floor":12},{"not_picked":["Havoc","True Grit"],"picked":"Rage","floor":14}],"player_experience":217101,"relics_obtained":[{"floor":8,"key":"Pantograph"},{"floor":9,"key":"MawBank"},{"floor":11,"key":"Art of War"},{"floor":12,"key":"Odd Mushroom"}],"event_choices":[{"damage_healed":0,"gold_gain":0,"player_choice":"Entered Light","damage_taken":16,"max_hp_gain":0,"max_hp_loss":0,"event_name":"Shining Light","floor":2,"gold_loss":0,"cards_upgraded":["Defend_R","Strike_R"]},{"damage_healed":0,"gold_gain":0,"player_choice":"Donut","damage_taken":0,"max_hp_gain":5,"max_hp_loss":0,"event_name":"Big Fish","floor":3,"gold_loss":0},{"cards_removed":["Strike_R"],"damage_healed":0,"gold_gain":0,"player_choice":"Card Removal","damage_taken":0,"max_hp_gain":0,"max_hp_loss":0,"event_name":"The Cleric","floor":7,"gold_loss":50},{"damage_healed":0,"gold_gain":0,"player_choice":"Fought Mushrooms","damage_taken":0,"max_hp_gain":0,"max_hp_loss":0,"event_name":"Mushrooms","floor":12,"gold_loss":0}],"is_beta":false,"boss_relics":[],"items_purged_floors":[5],"is_endless":false,"potions_floor_spawned":[4,14],"killed_by":"The Guardian","ascension_level":8}}