{"host":"qwie84gwfccqh4mc","time":1608224963,"event":{"mods":["Ascension Reborn","BaseMod","Challenge The Spire","Downfall","Minty Spire (QoL Compilation)","Prisma Mod","Quick Restart","Relic Stats","Replay The Spire","Spicy Shops","StSLib","The Dragon Tamer","【功能Mod】混沌之环修复补丁"],"gold_per_floor":[119,119,131,86,106,137,137,148,148,323,323,346,380,380,380,293,293,395,395,408,259,259,259,259,2,2,2,2,2,2,16,16,48,72,87,87,191,191,207,273,287,297,313,313,328,177,251,301,301,301,301,301],"floor_reached":50,"playtime":2894,"items_purged":["ReplayTheSpireMod:Faulty Equipment+1"],"score":569,"play_id":"aff6c191-6270-4512-b0bb-adb05d255e68","local_time":"20201218010923","is_ascension_mode":true,"metric_token":855,"campfire_choices":[{"floor":7.0,"key":"RECALL"},{"data":"DTMod:WarmUp","floor":17.0,"key":"SMITH"},{"data":"DTMod:SwitchingTactic","floor":27.0,"key":"SMITH"},{"data":"DTMod:MasterPlan","floor":29.0,"key":"SMITH"},{"data":"DTMod:BlazingStrike","floor":36.0,"key":"SMITH"},{"data":"DTMod:BurningForce","floor":44,"key":"SMITH"}],"dtmod_dragon_data":[50,50,1,2,8,6],"circlet_count":0,"master_deck":["DTMod:DoubleHit","DTMod:TargetDefense","DTMod:TargetDefense","DTMod:TargetDefense","DTMod:SwitchingTactic+1","DTMod:BuildUp+1","DTMod:SneakAttack","DTMod:WarmUp+1","DTMod:BlazingStrike+1","DTMod:Feint","DTMod:Feint","DTMod:Cover","DTMod:MasterPlan+1","DTMod:HeadStart+1","DTMod:ShadowImage+1","DTMod:ShieldDrain+1","Slimebound:Tackle+1","Slimebound:Tackle+1","Slimebound:Tackle+1","DTMod:Conduct+1","DTMod:Training+1","DTMod:DragonDance+1","DTMod:Multitask+1","DTMod:Coolant+1","DTMod:BurningForce+1","DTMod:BuildUp+1","DTMod:Cover+1","DTMod:ShieldDrain+1","DTMod:RunningTactic+1","DTMod:HeatWave+1","Sickly"],"relics":["DTMod:PactStone","NeowsBlessing","Oddly Smooth Stone","Golden Egg","Odd Mushroom","DTMod:AncientBone","ReplayTheSpireMod:CursedCoin","SlaversCollar","Akabeko","Toxic Egg 2","Red Mask","Whetstone","Busted Crown","Darkstone Periapt","Question Card","Ring of Misfortune","Ring of Greed","Tiny Chest","MealTicket"],"acts_visited":["Exordium","TheCity","TheBeyond"],"potions_floor_usage":[43,43,50],"damage_taken":[{"damage":0.0,"enemies":"Small Slimes","floor":1.0,"turns":1.0},{"damage":0.0,"enemies":"Cultist","floor":3.0,"turns":1.0},{"damage":0.0,"enemies":"Jaw Worm","floor":5.0,"turns":1.0},{"damage":0.0,"enemies":"Gremlin Nob","floor":6.0,"turns":3.0},{"damage":0.0,"enemies":"Blue Slaver","floor":8.0,"turns":3.0},{"damage":6.0,"enemies":"The Mushroom Lair","floor":12.0,"turns":4.0},{"damage":4.0,"enemies":"3 Sentries","floor":13.0,"turns":3.0},{"damage":14.0,"enemies":"The Guardian","floor":18.0,"turns":10.0},{"damage":0.0,"enemies":"Shell Parasite","floor":20.0,"turns":5.0},{"damage":0.0,"enemies":"2 Thieves","floor":31.0,"turns":3.0},{"damage":0.0,"enemies":"Masked Bandits","floor":33.0,"turns":3.0},{"damage":0.0,"enemies":"Shelled Parasite and Fungi","floor":35.0,"turns":4.0},{"damage":0.0,"enemies":"Automaton","floor":37.0,"turns":8.0},{"damage":0.0,"enemies":"3 Shapes","floor":39.0,"turns":3.0},{"damage":0.0,"enemies":"3 Darklings","floor":41.0,"turns":5.0},{"damage":25,"enemies":"4 Shapes","floor":42,"turns":3},{"damage":0,"enemies":"Maw","floor":43,"turns":7},{"damage":0,"enemies":"Sphere and 2 Shapes","floor":45,"turns":2},{"damage":8,"enemies":"Awakened One","floor":50,"turns":1}],"seed_played":"-1405774066140144095","potions_obtained":[{"floor":5.0,"key":"Elixir"},{"floor":12.0,"key":"Toxic Potion"},{"floor":33.0,"key":"AttackPotion"},{"floor":37.0,"key":"GamblersBrew"},{"floor":39.0,"key":"Block Potion"},{"floor":43,"key":"Languid Potion"},{"floor":45,"key":"AttackPotion"}],"is_trial":false,"path_per_floor":["M","?","M","$","M","E","R","M","T","?","?","?","E","PTL","PTL","$","R","B",null,"M","$","?","PTL","PTL","$","?","R","?","R","T","M","$","?","T","M","R","B",null,"M","?","M","M","M","R","M","$","T","?","?","B"],"character_chosen":"THE_DT","items_purchased":["DTMod:WarmUp","ReplayTheSpireMod:CursedCoin","DTMod:HeadStart","Akabeko","Toxic Egg 2","DTMod:RunningTactic+1","DTMod:HeatWave"],"campfire_rested":0,"item_purchase_floors":[4,16,16,21,25,46,46],"current_hp_per_floor":[45,45,45,45,45,45,45,45,45,45,45,39,35,35,35,35,35,21,45,45,45,45,45,45,45,45,45,45,45,45,45,45,45,45,45,45,45,45,45,27,27,2,2,2,2,2,2,8,8,0,0,0],"gold":301,"neow_bonus":"THREE_ENEMY_KILL","is_daily":false,"chose_seed":false,"campfire_upgraded":5,"win_rate":0.0,"timestamp":1608224963,"path_taken":["M","?","M","?","?","E","R","M","T","?","?","?","E","PTL","PTL","$","R","BOSS","M","$","?","PTL","PTL","$","?","R","?","R","T","?","?","?","?","M","R","BOSS","M","?","?","M","M","R","M","$","T","?","?","BOSS"],"items_purchased_type":["Card","Relic","Card","Relic","Relic","Card","Card"],"build_version":"2020-12-13","purchased_purges":1,"victory":false,"max_hp_per_floor":[45,45,45,45,45,45,45,45,45,45,45,45,45,45,45,45,45,45,45,45,45,45,45,45,45,45,45,45,45,45,45,45,45,45,45,45,45,45,45,45,45,45,45,45,45,45,45,51,51,51,51,51],"relic_stats":{"Darkstone Periapt":6,"Busted Crown":14,"counters":[19,70],"Tiny Chest":0,"MealTicket":0,"Whetstone":["DTMod:ShieldDrain","DTMod:BuildUp"],"Question Card":1,"obtain_stats":[{"Darkstone Periapt":40,"Golden Egg":9,"NeowsBlessing":0,"ReplayTheSpireMod:CursedCoin":16,"DTMod:AncientBone":13,"Oddly Smooth Stone":6,"Whetstone":34,"Ring of Greed":48,"Odd Mushroom":12,"Question Card":47,"Akabeko":21,"SlaversCollar":19,"Busted Crown":38,"DTMod:PactStone":0,"Ring of Misfortune":48,"Tiny Chest":48,"MealTicket":48,"Red Mask":33,"Toxic Egg 2":25},{"Darkstone Periapt":14,"Golden Egg":5,"NeowsBlessing":0,"ReplayTheSpireMod:CursedCoin":7,"DTMod:AncientBone":7,"Oddly Smooth Stone":4,"Whetstone":11,"Ring of Greed":18,"Odd Mushroom":6,"Question Card":18,"Akabeko":9,"SlaversCollar":8,"Busted Crown":13,"DTMod:PactStone":0,"Ring of Misfortune":18,"Tiny Chest":18,"MealTicket":18,"Red Mask":11,"Toxic Egg 2":9},{"Darkstone Periapt":52,"Golden Egg":9,"NeowsBlessing":0,"ReplayTheSpireMod:CursedCoin":16,"DTMod:AncientBone":16,"Oddly Smooth Stone":6,"Whetstone":37,"Ring of Greed":69,"Odd Mushroom":13,"Question Card":69,"Akabeko":31,"SlaversCollar":26,"Busted Crown":49,"DTMod:PactStone":0,"Ring of Misfortune":69,"Tiny Chest":69,"MealTicket":69,"Red Mask":37,"Toxic Egg 2":31}]},"card_choices":[{"not_picked":["DTMod:Threaten","DTMod:Hide"],"picked":"DTMod:BuildUp","floor":1.0},{"not_picked":["DTMod:Weaken","DTMod:StunTrap"],"picked":"DTMod:SneakAttack","floor":3.0},{"not_picked":["DTMod:Adaptation","DTMod:BizarreTactic"],"picked":"DTMod:BlazingStrike","floor":5.0},{"not_picked":["DTMod:BlazingStrike","DTMod:ComboAttack"],"picked":"DTMod:Feint","floor":6.0},{"not_picked":["DTMod:Weaken","DTMod:Hide"],"picked":"DTMod:Feint","floor":8.0},{"not_picked":["DTMod:ShieldDrain","DTMod:Overwhelm"],"picked":"DTMod:Cover","floor":12.0},{"not_picked":["DTMod:GhostSkin","DTMod:BurningEnergy"],"picked":"DTMod:MasterPlan","floor":13.0},{"not_picked":["DTMod:SealedStrike","DTMod:StunTrap"],"picked":"DTMod:ShadowImage","floor":18.0},{"not_picked":["DTMod:CleansingStrike","DTMod:Hide"],"picked":"DTMod:ShieldDrain","floor":20.0},{"not_picked":["DTMod:Feint","DTMod:MagicField+1"],"picked":"DTMod:Conduct+1","floor":31.0},{"not_picked":["DTMod:LightShield+1","DTMod:ForkedFire"],"picked":"DTMod:Training+1","floor":33.0},{"not_picked":["DTMod:ComboAttack","DTMod:CleansingStrike"],"picked":"DTMod:DragonDance+1","floor":35.0},{"not_picked":["DTMod:FierySynthesis","DTMod:Inferno"],"picked":"DTMod:Multitask","floor":37.0},{"not_picked":["DTMod:CleansingStrike"],"picked":"SKIP","floor":39.0},{"not_picked":[],"picked":"DTMod:Coolant+1","floor":40.0},{"not_picked":[],"picked":"DTMod:BurningForce","floor":41.0},{"not_picked":[],"picked":"DTMod:BuildUp+1","floor":42},{"not_picked":[],"picked":"DTMod:Cover+1","floor":43},{"not_picked":[],"picked":"DTMod:ShieldDrain+1","floor":45}],"player_experience":128855,"relics_obtained":[{"floor":6.0,"key":"Oddly Smooth Stone"},{"floor":9.0,"key":"Golden Egg"},{"floor":12.0,"key":"Odd Mushroom"},{"floor":13.0,"key":"DTMod:AncientBone"},{"floor":33.0,"key":"Red Mask"},{"floor":34.0,"key":"Whetstone"},{"floor":40.0,"key":"Darkstone Periapt"},{"floor":47,"key":"Question Card"},{"floor":48,"key":"Ring of Misfortune"},{"floor":48,"key":"Ring of Greed"},{"floor":48,"key":"Tiny Chest"},{"floor":48,"key":"MealTicket"}],"event_choices":[{"cards_removed":["DTMod:TargetDefense"],"damage_healed":0.0,"max_hp_gain":0.0,"max_hp_loss":0.0,"gold_gain":0.0,"event_name":"Purifier","player_choice":"Purged","floor":2.0,"gold_loss":0.0,"damage_taken":0.0},{"damage_healed":0.0,"max_hp_gain":0.0,"max_hp_loss":0.0,"gold_gain":175.0,"event_name":"Liars Game","player_choice":"AGREE","floor":10.0,"gold_loss":0.0,"damage_taken":0.0,"cards_obtained":["Doubt"]},{"cards_removed":["Doubt"],"damage_healed":0.0,"max_hp_gain":0.0,"max_hp_loss":0.0,"gold_gain":0.0,"event_name":"Living Wall","player_choice":"Forget","floor":11.0,"gold_loss":0.0,"damage_taken":0.0},{"damage_healed":0.0,"max_hp_gain":0.0,"max_hp_loss":0.0,"gold_gain":0.0,"event_name":"Mushrooms","player_choice":"Fought Mushrooms","floor":12.0,"gold_loss":0.0,"damage_taken":0.0},{"damage_healed":0.0,"max_hp_gain":0.0,"max_hp_loss":0.0,"gold_gain":0.0,"event_name":"Ghosts","player_choice":"Ignored","floor":22.0,"gold_loss":0.0,"damage_taken":0.0},{"damage_healed":0.0,"max_hp_gain":0.0,"max_hp_loss":0.0,"gold_gain":0.0,"event_name":"Vampires","player_choice":"Ignored","floor":28.0,"gold_loss":0.0,"damage_taken":0.0},{"damage_healed":0.0,"max_hp_gain":0.0,"max_hp_loss":0.0,"gold_gain":0.0,"event_name":"Masked Bandits","player_choice":"Fought Bandits","floor":33.0,"gold_loss":0.0,"damage_taken":0.0},{"damage_healed":0,"gold_gain":0,"player_choice":"Took Portal","damage_taken":0,"max_hp_gain":0,"max_hp_loss":0,"event_name":"SecretPortal","floor":49,"gold_loss":0}],"is_beta":false,"boss_relics":[{"not_picked":["Replay:Bronze Core","Ectoplasm"],"picked":"SlaversCollar"},{"not_picked":["DTMod:TheChair","Kintsugi"],"picked":"Busted Crown"}],"items_purged_floors":[16],"is_endless":false,"potions_floor_spawned":[5,12,33,37,39,43,45],"killed_by":"Awakened One","ascension_level":0}}