{"host":"vpa65ctvwhttzxlr","time":1608173724,"event":{"mods":["BaseMod","Duelist Mod","GifTheSpireLib","Minty Spire (QoL Compilation)","StSLib","everything is the same but u backflip on backflip"],"gold_per_floor":[136,188,207,133,143,177,194,16,40,40,71,71,87,100,100,195,195,214,49,69,69,82,82,111,111,111,121,140,169,180,190,190,287,287,299,346,27,38,0,81,33,52,52,65,65,75,75,88,88,88,88,88,14,44,44],"floor_reached":56,"playtime":4152,"items_purged":["theDuelist:BeaverWarrior"],"score":1353,"play_id":"7daedb5a-e34b-4752-b473-9a8647a79d66","local_time":"20201216205524","is_ascension_mode":false,"campfire_choices":[{"floor":10,"key":"RECALL"},{"data":"theDuelist:FusionFire","floor":15,"key":"SMITH"},{"data":"theDuelist:GravityLash","floor":23,"key":"SMITH"},{"data":"theDuelist:SwordsConcealing","floor":25,"key":"SMITH"},{"data":"theDuelist:InfernoFireBlast+1","floor":32,"key":"SMITH"},{"data":"theDuelist:WhiteHowling","floor":45,"key":"SMITH"},{"floor":47,"key":"REST"},{"data":"theDuelist:AmuletAmbition+1","floor":49,"key":"SMITH"},{"data":"theDuelist:Raigeki","floor":52,"key":"SMITH"}],"circlet_count":0,"master_deck":["theDuelist:CastleWalls","theDuelist:FusionFire+1","Dramatic Entrance","theDuelist:GiantSoldier","theDuelist:GravityLash+1","theDuelist:ScrapFactory","theDuelist:ElectromagneticShield","theDuelist:SwordsConcealing+1","theDuelist:FinalFlame","theDuelist:FuryFire","theDuelist:CastleWalls","theDuelist:SwordsConcealing+1","theDuelist:SpellShatteringArrow","theDuelist:RainbowLife","theDuelist:BigFire","theDuelist:HammerShot","theDuelist:SpiritHarp","theDuelist:Eva","theDuelist:MeteorDestruction","theDuelist:BeaverWarrior","theDuelist:StarBlast+1","theDuelist:SwordDeepSeated","theDuelist:GiantSoldier","theDuelist:Tuningware","theDuelist:Sparks","theDuelist:Sparks","theDuelist:YamiForm","theDuelist:InfernoFireBlast+2","theDuelist:Tuningware+1","theDuelist:Mudora","theDuelist:AmuletAmbition+2","theDuelist:Tuningware","theDuelist:WhiteHowling+1","theDuelist:RainbowNeos+1","theDuelist:Raigeki+1","theDuelist:ImperialOrder"],"relics":["theDuelist:MillenniumPuzzle","theDuelist:CardPoolRelic","theDuelist:CardPoolBasicRelic","theDuelist:BoosterPackPoolRelic","theDuelist:CardPoolAddRelic","theDuelist:CardPoolMinusRelic","theDuelist:CardPoolSaveRelic","theDuelist:CardPoolOptionsRelic","NeowsBlessing","Girya","CaptainsWheel","Dead Branch","Centennial Puzzle","Bag of Marbles","Happy Flower","theDuelist:GamblerChip","theDuelist:CursedHealer","Smiling Mask","Boot","Tiny Chest","Busted Crown","Gambling Chip","Oddly Smooth Stone","theDuelist:MillenniumPeriapt","theDuelist:MetronomeRelicD","StrikeDummy"],"acts_visited":["Exordium","TheCity","TheBeyond","TheEnding"],"potions_floor_usage":[11,16,24,24,30,33,35,35,35,35,36,46,55,55],"damage_taken":[{"damage":0,"enemies":"Small Slimes","floor":1,"turns":1},{"damage":0,"enemies":"Small Slimes","floor":2,"turns":1},{"damage":0,"enemies":"Cultist","floor":3,"turns":1},{"damage":0,"enemies":"2 Louse","floor":5,"turns":2},{"damage":0,"enemies":"Lagavulin","floor":6,"turns":5},{"damage":2,"enemies":"Red Slaver","floor":7,"turns":3},{"damage":0,"enemies":"Gremlin Nob","floor":11,"turns":2},{"damage":0,"enemies":"Exordium Wildlife","floor":13,"turns":3},{"damage":0,"enemies":"Exordium Thugs","floor":14,"turns":2},{"damage":22,"enemies":"The Guardian","floor":16,"turns":6},{"damage":0,"enemies":"Shell Parasite","floor":18,"turns":6},{"damage":7,"enemies":"Spheric Guardian","floor":20,"turns":6},{"damage":0,"enemies":"Shelled Parasite and Fungi","floor":22,"turns":8},{"damage":0,"enemies":"theDuelist:KaibaA2","floor":24,"turns":4},{"damage":0,"enemies":"Snake Plant","floor":27,"turns":3},{"damage":0,"enemies":"Snecko","floor":28,"turns":5},{"damage":9,"enemies":"Gremlin Leader","floor":29,"turns":7},{"damage":0,"enemies":"Centurion and Healer","floor":30,"turns":8},{"damage":13,"enemies":"Snake Plant","floor":31,"turns":3},{"damage":0,"enemies":"Collector","floor":33,"turns":8},{"damage":0,"enemies":"3 Darklings","floor":35,"turns":5},{"damage":32,"enemies":"2 Orb Walkers","floor":36,"turns":4},{"damage":0,"enemies":"Orb Walker","floor":38,"turns":4},{"damage":21,"enemies":"3 Darklings","floor":42,"turns":3},{"damage":0,"enemies":"4 Shapes","floor":44,"turns":4},{"damage":0,"enemies":"Writhing Mass","floor":46,"turns":5},{"damage":3,"enemies":"Spire Growth","floor":48,"turns":3},{"damage":7,"enemies":"Donu and Deca","floor":50,"turns":9},{"damage":5,"enemies":"Shield and Spear","floor":54,"turns":9},{"damage":16,"enemies":"The Heart","floor":55,"turns":9}],"seed_played":"-4141677930324206849","potions_obtained":[{"floor":3,"key":"theDuelist:VoidBottle"},{"floor":5,"key":"theDuelist:VampireVial"},{"floor":6,"key":"FearPotion"},{"floor":11,"key":"EntropicBrew"},{"floor":12,"key":"theDuelist:GiftPotion"},{"floor":18,"key":"theDuelist:IcePotion"},{"floor":28,"key":"theDuelist:BurningPotionB"},{"floor":30,"key":"Ancient Potion"},{"floor":33,"key":"theDuelist:DestructPotionPot"},{"floor":35,"key":"DuplicationPotion"},{"floor":44,"key":"theDuelist:SealedPackE"},{"floor":54,"key":"FearPotion"}],"is_trial":false,"path_per_floor":["M","?","M","?","M","E","M","$","T","R","E","?","M","M","R","B",null,"M","$","M","?","M","R","E","R","T","M","M","E","M","M","R","B",null,"M","?","$","M","?","T","$","M","T","M","R","M","R","M","R","B",null,"R","$","E","B",null],"character_chosen":"THE_DUELIST","items_purchased":["theDuelist:FusionFire","theDuelist:ElectromagneticShield","theDuelist:YamiForm","theDuelist:RainbowLife","theDuelist:Mudora","Oddly Smooth Stone","theDuelist:GravityAxe","theDuelist:Tuningware","theDuelist:ImperialOrder"],"campfire_rested":1,"item_purchase_floors":[8,8,19,19,37,37,37,41,53],"current_hp_per_floor":[80,80,80,80,80,80,78,78,78,78,78,78,78,78,78,63,80,80,80,73,80,80,80,80,80,80,80,80,71,71,58,58,58,80,84,52,52,52,52,52,52,31,31,31,31,31,56,53,53,46,84,84,84,79,63],"gold":44,"neow_bonus":"THREE_ENEMY_KILL","is_daily":false,"chose_seed":false,"campfire_upgraded":7,"win_rate":0.0,"timestamp":1608173724,"path_taken":["M","?","?","?","M","E","?","?","T","R","E","?","M","?","R","BOSS","M","$","M","?","M","R","E","R","T","M","M","E","?","M","R","BOSS","M","?","$","M","?","?","?","M","T","M","R","M","R","M","R","BOSS","R","$","E","BOSS"],"items_purchased_type":["Card","Card","Card","Card","Card","Relic","Card","Card","Card"],"build_version":"2020-12-13","purchased_purges":1,"victory":true,"max_hp_per_floor":[80,80,80,80,80,80,80,80,80,80,80,80,80,80,80,80,80,80,80,80,80,80,80,80,80,80,80,80,80,80,80,80,80,80,84,84,84,84,84,84,84,84,84,84,84,84,84,84,84,84,84,84,84,84,84],"card_choices":[{"not_picked":["theDuelist:RainbowNeos","theDuelist:DarkBurningAttack","theDuelist:WormApocalypse","theDuelist:CombinationAttack"],"picked":"theDuelist:SwordDeepSeated","floor":1},{"not_picked":["theDuelist:SpiritHarp","theDuelist:Eva","theDuelist:MagnumShield","theDuelist:DarkBurningAttack"],"picked":"theDuelist:BigFire","floor":2},{"not_picked":["theDuelist:Hinotama","theDuelist:MillenniumGolem","theDuelist:WormWarlord","theDuelist:DarklordSuperbia"],"picked":"theDuelist:HammerShot","floor":3},{"not_picked":["theDuelist:SwordDeepSeated","theDuelist:Eva","theDuelist:MagnumShield","theDuelist:OnslaughtFireKings"],"picked":"theDuelist:SpellShatteringArrow","floor":5},{"not_picked":["theDuelist:DestroyerGolem","theDuelist:LightningVortex","theDuelist:RainbowOverdragon","theDuelist:Mudora"],"picked":"theDuelist:FuryFire","floor":6},{"not_picked":["theDuelist:SpellShatteringArrow","theDuelist:Hinotama","theDuelist:CoreBlaster","theDuelist:PsychicShockwave"],"picked":"theDuelist:MeteorDestruction","floor":7},{"not_picked":["theDuelist:FrontierWiseman","theDuelist:BlackPendant","theDuelist:PreventRat","theDuelist:BattleOx"],"picked":"theDuelist:Tuningware","floor":11},{"not_picked":["theDuelist:Hinotama","theDuelist:PowerKaishin","theDuelist:Invigoration","theDuelist:AfterGenocide"],"picked":"theDuelist:Eva","floor":13},{"not_picked":["theDuelist:CircleFireKings","theDuelist:BlackPendant","theDuelist:Eva","theDuelist:GiantTrunade"],"picked":"theDuelist:SpiritHarp","floor":14},{"not_picked":["theDuelist:Wildfire","theDuelist:SwordsRevealing","theDuelist:Raigeki","theDuelist:AmuletAmbition"],"picked":"theDuelist:SwordsConcealing","floor":16},{"not_picked":["theDuelist:WhiteHowling","theDuelist:GravityAxe+1","theDuelist:Electrowhip","theDuelist:MiraculousDescent"],"picked":"theDuelist:SwordsConcealing+1","floor":18},{"not_picked":["theDuelist:BerserkerCrush","theDuelist:SolarWindJammer+1","theDuelist:CharcoalInpachi","theDuelist:FrontierWiseman"],"picked":"theDuelist:Electrowhip+1","floor":20},{"not_picked":["theDuelist:SwordsRevealing+1","theDuelist:PineappleBlast+1","theDuelist:LightningBlade","theDuelist:FeatherShot"],"picked":"theDuelist:GravityLash","floor":22},{"not_picked":["theDuelist:LightningBlade+1","theDuelist:CrossAttack+1"],"picked":"theDuelist:StarBlast+1","floor":24},{"not_picked":["Enlightenment","Metamorphosis","Secret Weapon"],"picked":"Dramatic Entrance","floor":27},{"not_picked":["theDuelist:RainbowNeos","theDuelist:KamionTimelord","theDuelist:HappyLover","theDuelist:Eva"],"picked":"theDuelist:Blockman","floor":28},{"not_picked":["theDuelist:RainbowNeos","theDuelist:PowerWall","theDuelist:Tuningware","theDuelist:EgoBoost"],"picked":"theDuelist:SolarWindJammer","floor":29},{"not_picked":["theDuelist:DoubleTool+1","theDuelist:CoreBlaster","theDuelist:SpellShatteringArrow","theDuelist:CombinationAttack"],"picked":"theDuelist:InfernoFireBlast+1","floor":30},{"not_picked":["theDuelist:MagicalStone","theDuelist:Graverobber","theDuelist:DarkFactory","theDuelist:AfterGenocide"],"picked":"theDuelist:BlackPendant+1","floor":31},{"not_picked":["theDuelist:RainbowNeos","theDuelist:KamionTimelord+1","theDuelist:HappyLover","theDuelist:RainbowOverdragon"],"picked":"theDuelist:RainbowKuriboh","floor":33},{"not_picked":["theDuelist:SpellShatteringArrow+1","theDuelist:OnslaughtFireKings+1"],"picked":"theDuelist:SpiritHarp+1","floor":35},{"not_picked":["theDuelist:BlackPendant","theDuelist:PreventRat"],"picked":"theDuelist:Tuningware+1","floor":36},{"not_picked":["theDuelist:SwordsRevealing","theDuelist:Mathematician"],"picked":"theDuelist:AmuletAmbition+1","floor":38},{"not_picked":["theDuelist:CrystalRaigeki","theDuelist:MiraculousDescent"],"picked":"theDuelist:WhiteHowling","floor":42},{"not_picked":["theDuelist:SwordDeepSeated","theDuelist:MagnumShield+1"],"picked":"theDuelist:RainbowNeos+1","floor":44},{"not_picked":["theDuelist:SwordsRevealing","theDuelist:ForbiddenLance"],"picked":"theDuelist:Raigeki","floor":46},{"not_picked":["theDuelist:BlackPendant","theDuelist:PreventRat+1"],"picked":"theDuelist:Tuningware+1","floor":48},{"not_picked":["theDuelist:CoreBlaster+4","theDuelist:LightningVortex+1"],"picked":"theDuelist:SparkBlaster+4","floor":54}],"player_experience":273454,"relics_obtained":[{"floor":2,"key":"Girya"},{"floor":2,"key":"CaptainsWheel"},{"floor":2,"key":"Dead Branch"},{"floor":6,"key":"Bag of Marbles"},{"floor":11,"key":"Happy Flower"},{"floor":24,"key":"Smiling Mask"},{"floor":26,"key":"Boot"},{"floor":29,"key":"Tiny Chest"},{"floor":36,"key":"Gambling Chip"},{"floor":40,"key":"theDuelist:MillenniumPeriapt"},{"floor":43,"key":"theDuelist:MetronomeRelicD"},{"floor":54,"key":"StrikeDummy"}],"event_choices":[{"damage_healed":0,"gold_gain":0,"player_choice":"Fight","duelist":true,"damage_taken":0,"max_hp_gain":0,"max_hp_loss":0,"event_name":"Battle City","floor":2,"gold_loss":0},{"damage_healed":0,"gold_gain":0,"player_choice":"Paid Gold","damage_taken":0,"relics_obtained":["Centennial Puzzle"],"max_hp_gain":0,"max_hp_loss":0,"event_name":"WeMeetAgain","floor":4,"gold_loss":74},{"damage_healed":0,"gold_gain":0,"player_choice":"Got Potions","damage_taken":0,"max_hp_gain":0,"max_hp_loss":0,"event_name":"Lab","floor":12,"gold_loss":0},{"damage_healed":0,"gold_gain":0,"player_choice":"Succumb - +25HP/Cursed Relic","duelist":true,"damage_taken":0,"max_hp_gain":0,"max_hp_loss":0,"event_name":"Tomb of the Nameless","floor":21,"gold_loss":0},{"damage_healed":0,"gold_gain":0,"player_choice":"Fight","damage_taken":0,"max_hp_gain":0,"max_hp_loss":0,"event_name":"Mysterious Sphere","floor":36,"gold_loss":0},{"damage_healed":0,"gold_gain":0,"player_choice":"Purchased Reinforcements for 38 Gold.","duelist":true,"damage_taken":0,"max_hp_gain":0,"max_hp_loss":0,"event_name":"Card Trader","floor":39,"gold_loss":0}],"is_beta":false,"boss_relics":[{"not_picked":["Pandora\u0027s Box","Ectoplasm"],"picked":"theDuelist:GamblerChip"},{"not_picked":["theDuelist:MillenniumKey","Snecko Eye"],"picked":"Busted Crown"}],"items_purged_floors":[8],"is_endless":false,"potions_floor_spawned":[3,5,6,11,18,28,30,33,35,44,54],"ascension_level":0}}