{"host":"utqe55yv0jihe4d6","time":1608169056,"event":{"mods":["2.2 Compatiblity","AchievementEnabler","BaseMod","Block Reminder","Colored Map","Colored Powertips","Minty Spire (QoL Compilation)","Quick Restart","Rare Cards Sparkle","Relic Stats","SuperFastMode"],"gold_per_floor":[117,132,132,151,32,32,49,49,49,60,60,71,102,114,114,189,189,206,225,225,244,244,244,270,270,295,325,325,325,325,341,341,414,414,425,435,460,514,524,552,552,580,604,619,633,658,880,910,910,910,910,910],"floor_reached":51,"playtime":2397,"items_purged":["Strike_G"],"score":1724,"play_id":"134a9281-8679-4f8e-aa2f-b72c143e14ee","local_time":"20201216203736","is_ascension_mode":true,"campfire_choices":[{"data":"Crippling Poison","floor":6.0,"key":"SMITH"},{"data":"Noxious Fumes","floor":8.0,"key":"SMITH"},{"data":"Dagger Spray","floor":11.0,"key":"SMITH"},{"data":"Deadly Poison","floor":15.0,"key":"SMITH"},{"floor":23.0,"key":"REST"},{"floor":25.0,"key":"REST"},{"data":"Ghostly","floor":30.0,"key":"SMITH"},{"data":"Ghostly","floor":32.0,"key":"SMITH"},{"floor":41.0,"key":"RECALL"},{"floor":49.0,"key":"REST"}],"circlet_count":0,"master_deck":["AscendersBane","Defend_G+1","Defend_G+1","Defend_G+1","Defend_G+1","Defend_G+1","Survivor","Neutralize","Deadly Poison+1","Dagger Spray+1","Crippling Poison+1","Noxious Fumes+1","Crippling Poison","Tools of the Trade","Predator","Corpse Explosion","Infinite Blades+1","Finisher","Ghostly+1","Ghostly+1","Ghostly","Cloak And Dagger+1","PiercingWail","Bite","Bite","Bite","Bite","Bite","Well Laid Plans+1","After Image+1","Acrobatics+1","Footwork+1","Bouncing Flask+1","PiercingWail+1"],"relics":["Ring of the Snake","Nunchaku","Frozen Egg 2","Sozu","Singing Bowl","MealTicket","Red Mask","Fusion Hammer","CaptainsWheel","TungstenRod","Snake Skull","Art of War","Toxic Egg 2","Letter Opener"],"acts_visited":["Exordium","TheCity","TheBeyond"],"potions_floor_usage":[],"damage_taken":[{"damage":5.0,"enemies":"Cultist","floor":1.0,"turns":5.0},{"damage":0.0,"enemies":"2 Louse","floor":2.0,"turns":3.0},{"damage":6.0,"enemies":"Jaw Worm","floor":4.0,"turns":4.0},{"damage":4.0,"enemies":"Exordium Thugs","floor":7.0,"turns":4.0},{"damage":0.0,"enemies":"2 Fungi Beasts","floor":10.0,"turns":3.0},{"damage":8.0,"enemies":"Large Slime","floor":12.0,"turns":6.0},{"damage":11.0,"enemies":"Lagavulin","floor":13.0,"turns":6.0},{"damage":3.0,"enemies":"Looter","floor":14.0,"turns":3.0},{"damage":7.0,"enemies":"The Guardian","floor":16.0,"turns":8.0},{"damage":15.0,"enemies":"Shell Parasite","floor":18.0,"turns":5.0},{"damage":36.0,"enemies":"Chosen","floor":19.0,"turns":6.0},{"damage":0.0,"enemies":"Snake Plant","floor":21.0,"turns":4.0},{"damage":16.0,"enemies":"Slavers","floor":24.0,"turns":4.0},{"damage":8.0,"enemies":"Masked Bandits","floor":27.0,"turns":5.0},{"damage":4.0,"enemies":"Shelled Parasite and Fungi","floor":31.0,"turns":6.0},{"damage":28.0,"enemies":"Champ","floor":33.0,"turns":14.0},{"damage":0.0,"enemies":"3 Darklings","floor":35.0,"turns":3.0},{"damage":0.0,"enemies":"Orb Walker","floor":36.0,"turns":4.0},{"damage":8.0,"enemies":"Mind Bloom Boss Battle","floor":37.0,"turns":8.0},{"damage":36.0,"enemies":"2 Orb Walkers","floor":38.0,"turns":5.0},{"damage":0.0,"enemies":"Transient","floor":39.0,"turns":6.0},{"damage":0.0,"enemies":"Nemesis","floor":40.0,"turns":9.0},{"damage":7.0,"enemies":"Reptomancer","floor":42.0,"turns":7.0},{"damage":8.0,"enemies":"Spire Growth","floor":44.0,"turns":5.0},{"damage":11.0,"enemies":"Jaw Worm Horde","floor":45.0,"turns":3.0},{"damage":0.0,"enemies":"Nemesis","floor":46.0,"turns":9.0},{"damage":0.0,"enemies":"Reptomancer","floor":48.0,"turns":6.0},{"damage":13.0,"enemies":"Donu and Deca","floor":50.0,"turns":10.0},{"damage":70,"enemies":"Awakened One","floor":51,"turns":8}],"seed_played":"-3961073468459017919","potions_obtained":[{"floor":2.0,"key":"BlessingOfTheForge"},{"floor":4.0,"key":"CunningPotion"},{"floor":12.0,"key":"Energy Potion"},{"floor":14.0,"key":"Energy Potion"}],"is_trial":false,"path_per_floor":["M","M","?","M","$","R","M","R","T","M","R","M","E","M","R","B",null,"M","M","?","M","?","R","E","R","T","?","T","?","R","M","R","B",null,"M","M","?","?","M","E","R","E","T","M","M","E","?","E","R","B","B"],"character_chosen":"THE_SILENT","items_purchased":["Noxious Fumes"],"campfire_rested":3,"item_purchase_floors":[5],"current_hp_per_floor":[60,60,53,47,47,47,43,43,43,43,43,35,24,21,21,14,58,43,7,7,7,7,17,1,11,11,5,5,5,5,9,9,7,30,38,42,42,10,26,46,46,47,47,48,41,52,52,52,52,48,0,0],"gold":910,"neow_bonus":"TEN_PERCENT_HP_BONUS","is_daily":false,"chose_seed":false,"campfire_upgraded":6,"win_rate":0.0,"timestamp":1608169056,"path_taken":["M","?","?","M","?","R","M","R","T","M","R","?","E","M","R","BOSS","M","M","?","M","?","R","E","R","T","?","?","?","R","M","R","BOSS","M","M","?","?","M","E","R","E","T","M","M","E","?","E","R","BOSS","BOSS"],"items_purchased_type":["Card"],"build_version":"2020-12-13","purchased_purges":1,"victory":false,"max_hp_per_floor":[72,72,72,72,72,72,72,72,72,72,72,72,72,72,72,72,72,72,72,36,36,36,36,36,36,36,38,38,38,38,38,38,38,38,40,42,42,44,46,46,46,48,48,50,52,52,52,52,52,52,52,52],"relic_stats":{"Sozu":9,"Nunchaku":[35],"Singing Bowl":16,"counters":[29,169],"MealTicket":0,"Snake Skull":[86],"Art of War":[0],"Letter Opener":[64],"obtain_stats":[{"Singing Bowl":24,"Snake Skull":40,"Letter Opener":48,"Frozen Egg 2":13,"Sozu":17,"Blood Vial":28,"Nunchaku":9,"CaptainsWheel":37,"MealTicket":26,"Fusion Hammer":34,"Red Mask":27,"Art of War":42,"Toxic Egg 2":46,"TungstenRod":38,"Ring of the Snake":0},{"Singing Bowl":13,"Snake Skull":22,"Letter Opener":27,"Frozen Egg 2":7,"Sozu":9,"Blood Vial":14,"Nunchaku":4,"CaptainsWheel":19,"MealTicket":13,"Fusion Hammer":16,"Red Mask":14,"Art of War":23,"Toxic Egg 2":26,"TungstenRod":20,"Ring of the Snake":0},{"Singing Bowl":61,"Snake Skull":121,"Letter Opener":151,"Frozen Egg 2":31,"Sozu":42,"Blood Vial":66,"Nunchaku":16,"CaptainsWheel":101,"MealTicket":61,"Fusion Hammer":86,"Red Mask":66,"Art of War":128,"Toxic Egg 2":145,"TungstenRod":106,"Ring of the Snake":0}],"TungstenRod":14,"Ring of the Snake":[58]},"card_choices":[{"not_picked":["Noxious Fumes","Deflect"],"picked":"Deadly Poison","floor":1.0},{"not_picked":["Endless Agony","Flying Knee"],"picked":"Dagger Spray","floor":2.0},{"not_picked":["Flying Knee","Dagger Throw"],"picked":"Crippling Poison","floor":4.0},{"not_picked":["Noxious Fumes","Endless Agony"],"picked":"Crippling Poison","floor":7.0},{"not_picked":["Acrobatics","Eviscerate","Blur"],"picked":"SKIP","floor":10.0},{"not_picked":["Underhanded Strike","Slice"],"picked":"Tools of the Trade","floor":12.0},{"not_picked":["Prepared","Dagger Spray"],"picked":"Predator","floor":13.0},{"not_picked":["Flying Knee","Prepared","Blur"],"picked":"SKIP","floor":14.0},{"not_picked":["Night Terror","Bullet Time"],"picked":"Corpse Explosion","floor":16.0},{"not_picked":["Flying Knee+1","Poisoned Stab"],"picked":"Infinite Blades+1","floor":18.0},{"not_picked":["Tactician","Riddle With Holes"],"picked":"Finisher","floor":19.0},{"not_picked":["Accuracy+1","Reflex"],"picked":"Cloak And Dagger+1","floor":21.0},{"not_picked":["Noxious Fumes+1","Dagger Spray"],"picked":"PiercingWail","floor":24.0},{"not_picked":["Bane","Dodge and Roll","Underhanded Strike"],"picked":"Singing Bowl","floor":27.0},{"not_picked":["Dodge and Roll","Poisoned Stab"],"picked":"Well Laid Plans+1","floor":31.0},{"not_picked":["Burst","Tools of the Trade+1"],"picked":"After Image+1","floor":33.0},{"not_picked":["Outmaneuver","Cloak And Dagger","Riddle With Holes+1"],"picked":"Singing Bowl","floor":35.0},{"not_picked":["Outmaneuver+1","Noxious Fumes+1","Riddle With Holes"],"picked":"Singing Bowl","floor":36.0},{"not_picked":["Outmaneuver","Deflect+1"],"picked":"Acrobatics+1","floor":37.0},{"not_picked":["Sucker Punch","Blade Dance","Slice"],"picked":"Singing Bowl","floor":38.0},{"not_picked":["Phantasmal Killer","Finisher","Cloak And Dagger"],"picked":"Singing Bowl","floor":39.0},{"not_picked":["Noxious Fumes+1","Cloak And Dagger+1"],"picked":"Footwork+1","floor":40.0},{"not_picked":["Calculated Gamble","PiercingWail","Predator"],"picked":"Singing Bowl","floor":42.0},{"not_picked":["PiercingWail","Endless Agony","Blur+1"],"picked":"Singing Bowl","floor":44.0},{"not_picked":["Deadly Poison+1","Cloak And Dagger","Quick Slash"],"picked":"Singing Bowl","floor":45.0},{"not_picked":["Slice","Blur+1"],"picked":"Bouncing Flask+1","floor":46.0},{"not_picked":["Poisoned Stab+1","Endless Agony+1"],"picked":"PiercingWail+1","floor":48.0}],"player_experience":2772275,"relics_obtained":[{"floor":9.0,"key":"Nunchaku"},{"floor":13.0,"key":"Frozen Egg 2"},{"floor":24.0,"key":"Singing Bowl"},{"floor":26.0,"key":"MealTicket"},{"floor":27.0,"key":"Red Mask"},{"floor":28.0,"key":"Blood Vial"},{"floor":37.0,"key":"CaptainsWheel"},{"floor":38.0,"key":"TungstenRod"},{"floor":40.0,"key":"Snake Skull"},{"floor":42.0,"key":"Art of War"},{"floor":46.0,"key":"Toxic Egg 2"},{"floor":48.0,"key":"Letter Opener"}],"event_choices":[{"cards_removed":["Strike_G"],"damage_healed":0.0,"max_hp_gain":0.0,"max_hp_loss":0.0,"gold_gain":0.0,"event_name":"Golden Wing","player_choice":"Card Removal","floor":3.0,"gold_loss":0.0,"damage_taken":7.0},{"damage_healed":0.0,"max_hp_gain":0.0,"max_hp_loss":36.0,"gold_gain":0.0,"event_name":"Ghosts","player_choice":"Became a Ghost","floor":20.0,"gold_loss":0.0,"damage_taken":0.0,"cards_obtained":["Ghostly","Ghostly","Ghostly"]},{"damage_healed":0.0,"max_hp_gain":0.0,"max_hp_loss":0.0,"gold_gain":0.0,"event_name":"Back to Basics","player_choice":"Simplicity","floor":22.0,"gold_loss":0.0,"damage_taken":0.0,"cards_upgraded":["Strike_G","Strike_G","Strike_G","Defend_G","Defend_G","Defend_G","Defend_G","Defend_G"]},{"damage_healed":0.0,"max_hp_gain":0.0,"max_hp_loss":0.0,"gold_gain":0.0,"event_name":"Masked Bandits","player_choice":"Fought Bandits","floor":27.0,"gold_loss":0.0,"damage_taken":0.0},{"damage_healed":0.0,"max_hp_gain":0.0,"max_hp_loss":0.0,"gold_gain":0.0,"event_name":"Vampires","player_choice":"Became a vampire (Vial)","floor":29.0,"relics_lost":["Blood Vial"],"gold_loss":0.0,"damage_taken":0.0,"cards_obtained":["Bite","Bite","Bite","Bite","Bite"]},{"damage_healed":0.0,"max_hp_gain":0.0,"max_hp_loss":0.0,"gold_gain":0.0,"event_name":"MindBloom","player_choice":"Fight","floor":37.0,"gold_loss":0.0,"damage_taken":0.0},{"damage_healed":0.0,"max_hp_gain":0.0,"max_hp_loss":0.0,"gold_gain":0.0,"event_name":"Mysterious Sphere","player_choice":"Fight","floor":38.0,"gold_loss":0.0,"damage_taken":0.0},{"damage_healed":0.0,"max_hp_gain":0.0,"max_hp_loss":0.0,"gold_gain":222.0,"event_name":"Tomb of Lord Red Mask","player_choice":"Wore Mask","floor":47.0,"gold_loss":0.0,"damage_taken":0.0}],"is_beta":false,"boss_relics":[{"not_picked":["Empty Cage","WristBlade"],"picked":"Sozu"},{"not_picked":["HoveringKite","Black Star"],"picked":"Fusion Hammer"}],"items_purged_floors":[5],"is_endless":false,"potions_floor_spawned":[2,4,7,12,14,19,21,27,31,33,36,39,45,48],"killed_by":"Awakened One","ascension_level":20}}