{"host":"vumwfieg2b2mnrfl","time":1608173977,"event":{"mods":["AchievementEnabler","BaseMod","Minty Spire (QoL Compilation)","Rare Cards Sparkle","Relic Stats"],"gold_per_floor":[113,127,202,219,47,74,74,101,147,176,206,237,250,250,250,351,351,371,371,400,262,281,281,281,307,333,333,353,353,198,229,229,328,328,343,360,176,225,243,243,9,25,49,69,69,115,124,151,151,151],"floor_reached":51,"playtime":2357,"items_purged":[],"score":1030,"play_id":"97e16459-1b4c-4c3d-9ca0-405fc0f34dd1","local_time":"20201216205937","is_ascension_mode":true,"campfire_choices":[{"floor":7.0,"key":"REST"},{"floor":15.0,"key":"REST"},{"floor":23,"key":"REST"},{"floor":27,"key":"REST"},{"floor":32,"key":"REST"},{"floor":40,"key":"REST"},{"floor":49,"key":"REST"}],"circlet_count":0,"master_deck":["Strike_B","Strike_B+1","Defend_B","Defend_B","Defend_B","Defend_B","Zap","Dualcast","Echo Form","Barrage+1","Rebound","Melter","Cold Snap","Coolheaded","Sweeping Beam","Conserve Battery","Static Discharge","Go for the Eyes","Seek","Coolheaded+1","Necronomicurse","Blizzard+1","Core Surge","Ball Lightning","Seek","Steam","Capacitor","Glacier+1","Cold Snap","Amplify","BootSequence+1","Blizzard+1","Apotheosis","Barrage+1","Defragment","Injury","Cold Snap+1","Pain","Blind"],"relics":["Cracked Core","Akabeko","Shuriken","Art of War","Centennial Puzzle","Dream Catcher","Oddly Smooth Stone","Juzu Bracelet","Cables","Cursed Key","Necronomicon","Red Mask","Tiny Chest","Smiling Mask","DataDisk","Whetstone","Empty Cage","FossilizedHelix","Runic Capacitor","Potion Belt","CeramicFish","Frozen Egg 2"],"acts_visited":["Exordium","TheCity","TheBeyond"],"potions_floor_usage":[16,16,25,38,38,50,50,50],"damage_taken":[{"damage":2.0,"enemies":"Jaw Worm","floor":1.0,"turns":4.0},{"damage":10.0,"enemies":"Cultist","floor":2.0,"turns":4.0},{"damage":0.0,"enemies":"Small Slimes","floor":4.0,"turns":2.0},{"damage":24.0,"enemies":"3 Sentries","floor":6.0,"turns":9.0},{"damage":6.0,"enemies":"Gremlin Nob","floor":8.0,"turns":3.0},{"damage":8.0,"enemies":"Lagavulin","floor":10.0,"turns":7.0},{"damage":18.0,"enemies":"Gremlin Nob","floor":12.0,"turns":3.0},{"damage":0.0,"enemies":"2 Fungi Beasts","floor":13.0,"turns":1.0},{"damage":0,"enemies":"Slime Boss","floor":16,"turns":6},{"damage":9,"enemies":"Shell Parasite","floor":18,"turns":4},{"damage":20,"enemies":"Masked Bandits","floor":20,"turns":3},{"damage":2,"enemies":"Chosen","floor":22,"turns":4},{"damage":40,"enemies":"Gremlin Leader","floor":25,"turns":8},{"damage":3,"enemies":"Centurion and Healer","floor":28,"turns":6},{"damage":2,"enemies":"Book of Stabbing","floor":31,"turns":6},{"damage":44,"enemies":"Champ","floor":33,"turns":11},{"damage":0,"enemies":"3 Shapes","floor":35,"turns":8},{"damage":23,"enemies":"3 Darklings","floor":36,"turns":5},{"damage":0,"enemies":"2 Orb Walkers","floor":38,"turns":4},{"damage":0,"enemies":"Spire Growth","floor":39,"turns":6},{"damage":1,"enemies":"Transient","floor":42,"turns":5},{"damage":0,"enemies":"3 Darklings","floor":44,"turns":6},{"damage":0,"enemies":"Giant Head","floor":48,"turns":10},{"damage":22,"enemies":"Awakened One","floor":50,"turns":13}],"seed_played":"-2185615019850426969","potions_obtained":[{"floor":4.0,"key":"LiquidMemories"},{"floor":6.0,"key":"Explosive Potion"},{"floor":10.0,"key":"Explosive Potion"},{"floor":12.0,"key":"FocusPotion"},{"floor":18,"key":"LiquidMemories"},{"floor":25,"key":"FairyPotion"},{"floor":33,"key":"Explosive Potion"},{"floor":35,"key":"LiquidMemories"},{"floor":36,"key":"EssenceOfSteel"},{"floor":42,"key":"Strength Potion"},{"floor":48,"key":"PotionOfCapacity"}],"is_trial":false,"path_per_floor":["M","M","?","M","$","E","R","E","T","E","?","E","M","T","R","B",null,"M","?","?","$","M","R","?","E","T","R","M","?","$","E","R","B",null,"M","M","$","?","M","R","$","M","T","M","?","T","?","E","R","B",null],"character_chosen":"DEFECT","items_purchased":["Akabeko","Cold Snap","Core Surge","DataDisk","Apotheosis","Defragment","Runic Capacitor"],"campfire_rested":7,"item_purchase_floors":[5,5,21,30,37,41,41],"current_hp_per_floor":[73,63,56,56,56,32,54,48,48,40,40,22,22,22,44,44,67,58,42,22,22,20,42,42,2,2,24,21,21,21,19,41,22,62,62,39,39,39,39,61,61,60,60,60,60,60,50,50,71,49],"gold":151,"neow_bonus":"TRANSFORM_CARD","is_daily":false,"chose_seed":false,"campfire_upgraded":0,"win_rate":0.0,"timestamp":1608173977,"path_taken":["M","M","?","?","$","E","R","E","T","E","?","E","M","?","R","BOSS","M","?","?","$","M","R","?","E","T","R","M","?","$","E","R","BOSS","M","M","$","?","M","R","$","M","T","M","?","?","?","E","R","BOSS"],"items_purchased_type":["Relic","Card","Card","Relic","Card","Card","Relic"],"build_version":"2020-12-13","purchased_purges":0,"victory":true,"max_hp_per_floor":[75,75,75,75,75,75,75,75,75,75,75,75,75,75,75,75,75,75,75,75,75,75,75,75,75,75,75,75,75,75,75,75,75,75,75,75,75,75,75,75,75,75,75,75,71,71,71,71,71,71],"relic_stats":{"counters":[24,138],"CeramicFish":9,"Juzu Bracelet":1,"Whetstone":["Barrage","Strike_B"],"Cursed Key":3,"Smiling Mask":0,"Cables":[92,40,52,0,0],"Centennial Puzzle":[36],"Dream Catcher":6,"Shuriken":[41],"Tiny Chest":1,"Art of War":[20],"Necronomicon":[0],"obtain_stats":[{"Potion Belt":43,"CeramicFish":46,"Oddly Smooth Stone":11,"Juzu Bracelet":12,"Runic Capacitor":41,"Whetstone":31,"Frozen Egg 2":48,"Cursed Key":17,"Smiling Mask":26,"Empty Cage":34,"Akabeko":5,"Cables":14,"Centennial Puzzle":9,"Dream Catcher":10,"DataDisk":30,"Shuriken":6,"Tiny Chest":25,"Art of War":8,"Necronomicon":19,"Red Mask":20,"Cracked Core":0,"FossilizedHelix":38},{"Potion Belt":21,"CeramicFish":22,"Oddly Smooth Stone":6,"Juzu Bracelet":7,"Runic Capacitor":20,"Whetstone":15,"Frozen Egg 2":23,"Cursed Key":9,"Smiling Mask":13,"Empty Cage":16,"Akabeko":3,"Cables":8,"Centennial Puzzle":5,"Dream Catcher":6,"DataDisk":14,"Shuriken":4,"Tiny Chest":13,"Art of War":5,"Necronomicon":10,"Red Mask":11,"Cracked Core":0,"FossilizedHelix":19},{"Potion Belt":109,"CeramicFish":115,"Oddly Smooth Stone":29,"Juzu Bracelet":32,"Runic Capacitor":104,"Whetstone":70,"Frozen Egg 2":125,"Cursed Key":39,"Smiling Mask":58,"Empty Cage":81,"Akabeko":10,"Cables":33,"Centennial Puzzle":22,"Dream Catcher":29,"DataDisk":64,"Shuriken":19,"Tiny Chest":58,"Art of War":22,"Necronomicon":43,"Red Mask":46,"Cracked Core":0,"FossilizedHelix":98}]},"card_choices":[{"not_picked":["Fusion","Hologram"],"picked":"Barrage","floor":1.0},{"not_picked":["Aggregate","Leap"],"picked":"Rebound","floor":2.0},{"not_picked":["Steam Power","Darkness"],"picked":"Melter","floor":4.0},{"not_picked":["Steam","Gash"],"picked":"Coolheaded","floor":6.0},{"not_picked":["Echo Form","Compile Driver"],"picked":"Sweeping Beam","floor":8.0},{"not_picked":["Rip and Tear","Consume"],"picked":"Conserve Battery","floor":10.0},{"not_picked":["Heatsinks","Coolheaded","Hello World"],"picked":"SKIP","floor":12.0},{"not_picked":["Steam","Compile Driver"],"picked":"Static Discharge","floor":13.0},{"not_picked":["Redo","Melter"],"picked":"Go for the Eyes","floor":15.0},{"not_picked":["All For One","Thunder Strike"],"picked":"Seek","floor":16},{"not_picked":["Stack","Compile Driver+1"],"picked":"Coolheaded+1","floor":18},{"not_picked":["Beam Cell","Coolheaded+1"],"picked":"Blizzard+1","floor":20},{"not_picked":["Core Surge","Hologram"],"picked":"Ball Lightning","floor":22},{"not_picked":["Turbo+1","Creative AI"],"picked":"Steam","floor":25},{"not_picked":["Conserve Battery","Gash"],"picked":"Capacitor","floor":27},{"not_picked":["Coolheaded","Rebound"],"picked":"Glacier+1","floor":28},{"not_picked":["Blizzard","Glacier+1"],"picked":"Cold Snap","floor":31},{"not_picked":["Fission","Echo Form"],"picked":"Amplify","floor":33},{"not_picked":["Leap","Hologram"],"picked":"BootSequence+1","floor":35},{"not_picked":["Conserve Battery+1","Heatsinks"],"picked":"Blizzard+1","floor":36},{"not_picked":["Beam Cell+1","Scrape+1"],"picked":"Barrage+1","floor":39},{"not_picked":["Blizzard+1","Hologram+1","Scrape+1"],"picked":"SKIP","floor":42},{"not_picked":["Recycle+1","Leap+1"],"picked":"Cold Snap+1","floor":44},{"not_picked":["Chrysalis","Jack Of All Trades"],"picked":"Blind","floor":47},{"not_picked":["White Noise","Lockon+1","Steam+1"],"picked":"SKIP","floor":48}],"player_experience":227067,"relics_obtained":[{"floor":6.0,"key":"Shuriken"},{"floor":8.0,"key":"Art of War"},{"floor":9.0,"key":"Centennial Puzzle"},{"floor":10.0,"key":"Dream Catcher"},{"floor":12.0,"key":"Juzu Bracelet"},{"floor":14.0,"key":"Cables"},{"floor":19,"key":"Necronomicon"},{"floor":20,"key":"Red Mask"},{"floor":25,"key":"Tiny Chest"},{"floor":26,"key":"Smiling Mask"},{"floor":31,"key":"Whetstone"},{"floor":38,"key":"FossilizedHelix"},{"floor":43,"key":"Potion Belt"},{"floor":46,"key":"CeramicFish"},{"floor":48,"key":"Frozen Egg 2"}],"event_choices":[{"damage_healed":0.0,"max_hp_gain":0.0,"max_hp_loss":0.0,"gold_gain":75.0,"event_name":"FaceTrader","player_choice":"Touch","floor":3.0,"gold_loss":0.0,"damage_taken":7.0},{"damage_healed":0.0,"max_hp_gain":0.0,"max_hp_loss":0.0,"gold_gain":30.0,"event_name":"Dead Adventurer","player_choice":"Searched \u00273\u0027 times","floor":11.0,"gold_loss":0.0,"damage_taken":0.0,"relics_obtained":["Oddly Smooth Stone"]},{"damage_healed":0,"gold_gain":0,"player_choice":"Obtained Book","damage_taken":16,"max_hp_gain":0,"max_hp_loss":0,"event_name":"Cursed Tome","floor":19,"gold_loss":0},{"damage_healed":0,"gold_gain":0,"player_choice":"Fought Bandits","damage_taken":0,"max_hp_gain":0,"max_hp_loss":0,"event_name":"Masked Bandits","floor":20,"gold_loss":0},{"damage_healed":0,"gold_gain":0,"player_choice":"Copied","damage_taken":0,"max_hp_gain":0,"max_hp_loss":0,"event_name":"Duplicator","floor":24,"gold_loss":0,"cards_obtained":["Seek"]},{"damage_healed":0,"gold_gain":0,"player_choice":"Ignored","damage_taken":0,"max_hp_gain":0,"max_hp_loss":0,"event_name":"Ghosts","floor":29,"gold_loss":0},{"damage_healed":0,"gold_gain":0,"player_choice":"Fight","damage_taken":0,"max_hp_gain":0,"max_hp_loss":0,"event_name":"Mysterious Sphere","floor":38,"gold_loss":0},{"damage_healed":0,"gold_gain":0,"player_choice":"Max HP","damage_taken":0,"max_hp_gain":0,"max_hp_loss":4,"event_name":"Winding Halls","floor":45,"gold_loss":0},{"damage_healed":0,"gold_gain":0,"player_choice":"Memory 3","damage_taken":10,"max_hp_gain":0,"max_hp_loss":0,"event_name":"SensoryStone","floor":47,"gold_loss":0}],"is_beta":false,"boss_relics":[{"not_picked":["Runic Dome","Fusion Hammer"],"picked":"Cursed Key"},{"not_picked":["Nuclear Battery","SacredBark"],"picked":"Empty Cage"}],"items_purged_floors":[],"is_endless":false,"potions_floor_spawned":[4,6,10,12,18,25,33,35,36,42,48],"ascension_level":5}}