{"host":"l6e22pz6uluuhpt6","time":1608246293,"event":{"mods":["BaseMod","Downfall","Minty Spire (QoL Compilation)","StSLib"],"gold_per_floor":[99,111,127,127,127,156,156,191,203,234,246,258,420,17,30,126,126,126,226,226,17,31,361,361,202,216,251,251,251,251,261,275,372,372,297,310,325,250,263,263,332,348,359,284,304,314,314,324,334,334,334,363,40,40,40],"floor_reached":56,"playtime":5331,"items_purged":["champ:Strike","Slimebound:Icky","champ:Strike","champ:Defend"],"score":1224,"play_id":"17d5cb13-ab3f-43bd-974b-bbde6261fb10","local_time":"20201217180453","is_ascension_mode":false,"campfire_choices":[{"data":"champ:Taunt","floor":1.0,"key":"SMITH"},{"data":"champ:PerfectedStrike","floor":5.0,"key":"SMITH"},{"floor":9.0,"key":"REST"},{"data":"champ:FocusedDefense","floor":18.0,"key":"SMITH"},{"data":"champ:FlashCut","floor":20.0,"key":"SMITH"},{"floor":35.0,"key":"RECALL"},{"data":"champ:SteelEdge","floor":38.0,"key":"SMITH"},{"data":"champ:SteelEdge","floor":40,"key":"SMITH"},{"data":"champ:ShieldWall","floor":44,"key":"SMITH"},{"data":"champ:Improvising","floor":54,"key":"SMITH"}],"circlet_count":0,"master_deck":["champ:Strike","champ:Strike","champ:Defend","champ:Defend","champ:Execute","champ:Taunt+1","champ:PerfectedStrike+1","champ:BladeFlurry","champ:SteelEdge+1","champ:FlashCut+1","champ:FlashCut","champ:GladiatorStyle","champ:IronFortress","champ:FocusedDefense+1","champ:DancingMaster","champ:Circumvent","champ:DefensiveShout","champ:ShieldWall+1","champ:ViciousMockery","champ:DefensiveStyle","champ:PerfectedStrike","champ:PreciseThrust","champ:CrownThrow","champ:SteelEdge+1","champ:GladiatorsShout","champ:GladiatorsShout","champ:DefensiveStyle+1","champ:GladiatorsShout+1","champ:Improvising+1","champ:PreciseThrust"],"relics":["champ:ChampionCrownUpgraded","downfall:ShatteredFragment","InkBottle","Letter Opener","Guardian:PocketSentry","Pantograph","expansioncontent:StudyCardRelic","Old Coin","Kunai","Bag of Preparation","champ:BerserkersGuideToSlaughter","Bottled Flame","downfall:RedIOU","Coffee Dripper","downfall:HeartBlessingGreen","downfall:HeartBlessingRed","downfall:HeartBlessingBlue","Pear","PreservedInsect"],"acts_visited":["Exordium","TheCity","TheBeyond","TheEnding"],"potions_floor_usage":[55,55,55],"damage_taken":[{"damage":6.0,"enemies":"2 Louse","floor":2.0,"turns":4.0},{"damage":0.0,"enemies":"Jaw Worm","floor":3.0,"turns":2.0},{"damage":26.0,"enemies":"Gremlin Nob","floor":6.0,"turns":4.0},{"damage":36.0,"enemies":"Lagavulin","floor":8.0,"turns":5.0},{"damage":3.0,"enemies":"Cultist","floor":10.0,"turns":2.0},{"damage":3.0,"enemies":"downfall:FleeingMerchant","floor":14.0,"turns":4.0},{"damage":3.0,"enemies":"Large Slime","floor":15.0,"turns":2.0},{"damage":9.0,"enemies":"downfall:Silent","floor":16.0,"turns":6.0},{"damage":3.0,"enemies":"downfall:FleeingMerchant","floor":21.0,"turns":4.0},{"damage":9.0,"enemies":"Shell Parasite","floor":22.0,"turns":3.0},{"damage":17.0,"enemies":"Book of Stabbing","floor":23.0,"turns":3.0},{"damage":3.0,"enemies":"downfall:FleeingMerchant","floor":25.0,"turns":2.0},{"damage":0.0,"enemies":"Snake Plant","floor":26.0,"turns":2.0},{"damage":27.0,"enemies":"Slavers","floor":27.0,"turns":5.0},{"damage":2.0,"enemies":"Snecko","floor":31.0,"turns":3.0},{"damage":0.0,"enemies":"Chosen and Byrds","floor":32.0,"turns":4.0},{"damage":15.0,"enemies":"downfall:Defect","floor":33.0,"turns":8.0},{"damage":1.0,"enemies":"3 Shapes","floor":36.0,"turns":2.0},{"damage":0.0,"enemies":"Orb Walker","floor":37.0,"turns":2.0},{"damage":0,"enemies":"Sphere and 2 Shapes","floor":39,"turns":3},{"damage":2,"enemies":"Maw","floor":42,"turns":4},{"damage":0,"enemies":"4 Shapes","floor":43,"turns":2},{"damage":0,"enemies":"3 Darklings","floor":45,"turns":2},{"damage":1,"enemies":"Transient","floor":46,"turns":5},{"damage":0,"enemies":"Sphere and 2 Shapes","floor":48,"turns":2},{"damage":2,"enemies":"4 Shapes","floor":49,"turns":2},{"damage":0,"enemies":"downfall:Watcher","floor":50,"turns":4},{"damage":35,"enemies":"downfall:CharBossMerchant","floor":52,"turns":7},{"damage":55,"enemies":"downfall:NeowBoss","floor":55,"turns":25}],"seed_played":"6486174266200218632","potions_obtained":[{"floor":2.0,"key":"SkillPotion"},{"floor":10.0,"key":"Fire Potion"},{"floor":15.0,"key":"ColorlessPotion"},{"floor":22.0,"key":"champ:CounterPotion"},{"floor":32.0,"key":"PowerPotion"},{"floor":42,"key":"Regen Potion"},{"floor":49,"key":"DistilledChaos"}],"is_trial":false,"path_per_floor":["R","M","M","?","R","E","T","E","R","M","?","?","?","$","M","B",null,"R","?","R","$","M","E","T","$","M","E","$","?","?","M","M","B",null,"R","M","M","R","M","R","T","M","M","R","M","M","?","M","M","B",null,"E","$","R","B",null],"character_chosen":"THE_CHAMP","items_purchased":["champ:IronFortress","Pantograph","champ:DefensiveShout","champ:ShieldWall","Bag of Preparation","champ:BerserkersGuideToSlaughter","champ:DefensiveStyle","champ:Improvising","champ:PreciseThrust"],"campfire_rested":1,"item_purchase_floors":[14,14,21,21,25,25,25,53,53],"current_hp_per_floor":[90,84,84,57,57,37,37,11,38,38,68,61,61,61,61,77,90,90,90,90,90,84,76,76,76,82,55,55,55,55,59,62,81,90,90,90,90,90,90,90,90,88,90,100,100,99,109,110,110,110,110,79,79,79,72],"gold":40,"neow_bonus":"BOSS_RELIC","is_daily":false,"chose_seed":false,"campfire_upgraded":8,"win_rate":0.0,"timestamp":1608246293,"path_taken":["R","M","M","?","R","E","T","E","R","M","?","?","?","$","M","BOSS","R","?","R","$","M","E","T","$","M","E","?","?","?","M","M","BOSS","R","M","?","R","M","R","T","M","?","R","M","M","?","M","M","BOSS","E","$","R","BOSS"],"items_purchased_type":["Card","Relic","Card","Card","Relic","Relic","Card","Card","Card"],"build_version":"2020-12-13","purchased_purges":4,"victory":true,"max_hp_per_floor":[90,90,90,90,90,90,90,90,90,90,90,90,90,90,90,90,90,90,90,90,90,90,90,90,90,90,90,90,90,90,90,90,90,90,90,90,90,90,90,90,90,90,90,100,100,100,110,110,110,110,110,110,110,110,110],"card_choices":[{"not_picked":["champ:PreciseThrust","champ:AdrenalArmor"],"picked":"champ:PerfectedStrike","floor":2.0},{"not_picked":["champ:FightOn","champ:AdrenalArmor"],"picked":"champ:BladeFlurry","floor":3.0},{"not_picked":["champ:StanceDance","champ:DeathBlow"],"picked":"champ:SteelEdge","floor":6.0},{"not_picked":["champ:TornadoPunch","champ:AdrenalArmor"],"picked":"champ:FlashCut","floor":8.0},{"not_picked":["champ:BerserkersShout","champ:Haymaker"],"picked":"champ:FlashCut","floor":10.0},{"not_picked":["champ:AdrenalArmor","champ:Devastate"],"picked":"champ:GladiatorStyle","floor":14.0},{"not_picked":["champ:ShieldWall","champ:FaceSlap"],"picked":"champ:FocusedDefense","floor":15.0},{"not_picked":["champ:HeavySlash","champ:ShieldThrow"],"picked":"champ:DancingMaster","floor":16.0},{"not_picked":["champ:DeathBlow+1","champ:SkillfulDodge"],"picked":"champ:Circumvent","floor":21.0},{"not_picked":["champ:Haymaker+1","champ:FocusedBerserking+1"],"picked":"champ:ViciousMockery","floor":22.0},{"not_picked":["champ:BerserkersShout+1","champ:BringItOn","champ:Lariat+1"],"picked":"SKIP","floor":23.0},{"not_picked":["champ:Devastate","champ:CrookedStrike","champ:TornadoPunch"],"picked":"SKIP","floor":25.0},{"not_picked":["champ:TornadoPunch","champ:FightOn"],"picked":"champ:PerfectedStrike","floor":26.0},{"not_picked":["champ:DefensiveShout","champ:FanOfKnives"],"picked":"champ:PreciseThrust","floor":27.0},{"not_picked":["champ:DefensiveShout","champ:GutPunch","champ:FlashCut"],"picked":"SKIP","floor":31.0},{"not_picked":["champ:FanOfKnives","champ:EnGarde"],"picked":"champ:CrownThrow","floor":32.0},{"not_picked":["champ:CheapShot","champ:SwordThrow"],"picked":"champ:SteelEdge","floor":33.0},{"not_picked":["champ:Circumvent","champ:CrookedStrike","champ:Backstep+1"],"picked":"SKIP","floor":36.0},{"not_picked":["champ:FightOn","champ:EnragedBash+1","champ:BladeFlurry"],"picked":"SKIP","floor":37.0},{"not_picked":["champ:Encircle","champ:DefensiveStyle"],"picked":"champ:GladiatorsShout","floor":39},{"not_picked":["champ:FocusedDefense","champ:SkillfulDodge"],"picked":"champ:GladiatorsShout","floor":42},{"not_picked":["champ:FocusedBerserking+1","champ:BladeFlurry","champ:PerfectedStrike"],"picked":"SKIP","floor":43},{"not_picked":["champ:SkillfulDodge+1","champ:BerserkersShout"],"picked":"champ:DefensiveStyle+1","floor":45},{"not_picked":["champ:DefensiveStyle","champ:FightOn"],"picked":"champ:GladiatorsShout+1","floor":46},{"not_picked":["champ:ArenaPreparation","champ:Backstep+1","champ:DefensiveShout"],"picked":"SKIP","floor":48},{"not_picked":["champ:PerfectedStrike+1","champ:Backstep+1","champ:TornadoPunch+1"],"picked":"SKIP","floor":49},{"not_picked":["champ:BringItOn+1","champ:Haymaker+1","champ:BerserkersShout+1"],"picked":"SKIP","floor":52}],"player_experience":255915,"relics_obtained":[{"floor":6.0,"key":"InkBottle"},{"floor":7.0,"key":"Letter Opener"},{"floor":8.0,"key":"MawBank"},{"floor":23.0,"key":"Old Coin"},{"floor":24.0,"key":"Kunai"},{"floor":27.0,"key":"Bottled Flame"},{"floor":47,"key":"Pear"},{"floor":52,"key":"PreservedInsect"}],"event_choices":[{"damage_healed":30.0,"max_hp_gain":0.0,"max_hp_loss":0.0,"gold_gain":0.0,"event_name":"Big Fish","player_choice":"Banana","floor":11.0,"gold_loss":0.0,"damage_taken":0.0},{"damage_healed":0.0,"max_hp_gain":0.0,"max_hp_loss":0.0,"gold_gain":0.0,"event_name":"Scrap Ooze","player_choice":"Success","floor":12.0,"gold_loss":0.0,"damage_taken":7.0,"relics_obtained":["Guardian:PocketSentry"]},{"cards_removed":["champ:Defend"],"damage_healed":0.0,"max_hp_gain":0.0,"max_hp_loss":0.0,"gold_gain":0.0,"event_name":"Bonfire Elementals","player_choice":"Offered Basic","floor":30.0,"gold_loss":0.0,"damage_taken":0.0}],"is_beta":false,"boss_relics":[{"not_picked":["Black Star","SlaversCollar"],"picked":"expansioncontent:StudyCardRelic"},{"not_picked":["Runic Dome","Busted Crown"],"picked":"Coffee Dripper"}],"items_purged_floors":[14,21,25,53],"is_endless":false,"potions_floor_spawned":[2,10,15,22,26,32,33,42,45,46,49],"ascension_level":0}}