{"host":"t4sy83ytvk1i2g6r","time":1608229268,"event":{"mods":["BaseMod","BetterRewards","Colored Map","Curses Come First","Dota2Spire","Minty Spire (QoL Compilation)","Rare Cards Sparkle","Replay The Spire","StSLib"],"gold_per_floor":[109,109,29,53,53,81,101,101,101,128,128,163,88,263,263,359,359,377,392,407,86,185,185,185,185,209,209,209,209,234,248,248,349,349,359,67,67,67,67,67,81,81,81,101,101,127,2,2,14,30,30,30],"floor_reached":53,"playtime":2976,"items_purged":["Strike_G","Doubt","Strike_G"],"score":719,"play_id":"eae0720d-0c24-4f3a-bfa4-bc8b84cf5572","local_time":"20201217192108","is_ascension_mode":false,"campfire_choices":[{"floor":8,"key":"REST"},{"data":"Deadly Poison","floor":11,"key":"SMITH"},{"floor":15,"key":"DIG"},{"floor":23,"key":"REST"},{"data":"Catalyst","floor":24,"key":"SMITH"},{"data":"Noxious Fumes","floor":25,"key":"SMITH"},{"floor":28,"key":"DIG"},{"floor":32,"key":"REST"},{"floor":42,"key":"REST"},{"data":"Noxious Fumes","floor":48,"key":"SMITH"},{"data":"Neutralize","floor":51,"key":"SMITH"}],"circlet_count":0,"master_deck":["Strike_G","Defend_G","Defend_G","Neutralize+1","Poisoned Stab","Catalyst+1","ReplayTheSpireMod:Speed Training+1","Corpse Explosion","Deadly Poison+1","Blade Dance","Pot Of Greed","Pot Of Greed","Deadly Poison","Poison Darts","Terror","Crippling Poison","Noxious Fumes+1","Dodge and Roll+1","Envenom","Backflip+1","Noxious Fumes+1","Deflect+1","Pot Of Greed","Dodge and Roll+1"],"relics":["Kintsugi","Nunchaku","Ninja Scroll","WingedGreaves","Grinning Jar","Mercury Hourglass","Shovel","Philosopher\u0027s Stone","Dota2Spire:BlackKingBar","Dota2Spire:UrnOfShadows","Bird Faced Urn","Dota2Spire:BattleFury","SlaversCollar","Regal Pillow","Dota2Spire:ArcaneBoots","Kunai"],"acts_visited":["Exordium","TheCity","TheBeyond"],"potions_floor_usage":[3,6,10,12,30,31,31,46,52],"damage_taken":[{"damage":1,"enemies":"Jaw Worm","floor":1,"turns":4},{"damage":0,"enemies":"Cultist","floor":3,"turns":4},{"damage":24,"enemies":"Replay:BlueRogue","floor":6,"turns":7},{"damage":0,"enemies":"Small Slimes","floor":7,"turns":1},{"damage":12,"enemies":"3 Sentries","floor":10,"turns":3},{"damage":12,"enemies":"Gremlin Nob","floor":12,"turns":3},{"damage":25,"enemies":"Hexaghost","floor":16,"turns":6},{"damage":18,"enemies":"2 Thieves","floor":18,"turns":3},{"damage":12,"enemies":"Chosen","floor":19,"turns":3},{"damage":0,"enemies":"3 Cultists","floor":20,"turns":2},{"damage":43,"enemies":"Book of Stabbing","floor":30,"turns":4},{"damage":19,"enemies":"Shelled Parasite and Fungi","floor":31,"turns":3},{"damage":16,"enemies":"Champ","floor":33,"turns":6},{"damage":28,"enemies":"3 Darklings","floor":35,"turns":3},{"damage":16,"enemies":"Orb Walker","floor":41,"turns":3},{"damage":17,"enemies":"4 Shapes","floor":44,"turns":3},{"damage":18,"enemies":"Reptomancer","floor":46,"turns":5},{"damage":0,"enemies":"Transient","floor":49,"turns":5},{"damage":12,"enemies":"Spire Growth","floor":50,"turns":5},{"damage":77,"enemies":"Time Eater","floor":52,"turns":6}],"seed_played":"7797616979939728723","potions_obtained":[{"floor":1,"key":"Explosive Potion"},{"floor":2,"key":"SpeedPotion"},{"floor":2,"key":"Adrenaline Potion"},{"floor":2,"key":"Fruit Juice"},{"floor":7,"key":"Strength Potion"},{"floor":16,"key":"AttackPotion"},{"floor":20,"key":"Strength Potion"},{"floor":30,"key":"Dota2Spire:HealingSalve"},{"floor":31,"key":"Block Potion"},{"floor":46,"key":"SteroidPotion"},{"floor":49,"key":"Dota2Spire:HealingSalve"}],"is_trial":false,"path_per_floor":["M","?","M","T","?","E","M","R","T","E","R","E","$","?","R_BF","B",null,"M","M","M","$","?","R","R","R","T","?","R","?","E","M","R","B",null,"M","$","?","$","PTL","PTL","M","R","?","M","T","E","$","R","M","M","R","B",null],"character_chosen":"THE_SILENT","items_purchased":["Dota2Spire:BlackKingBar","Noxious Fumes","Noxious Fumes","Regal Pillow"],"campfire_rested":4,"item_purchase_floors":[21,21,36,36],"current_hp_per_floor":[69,69,74,74,74,50,50,72,72,60,60,48,48,48,48,23,75,57,45,45,45,45,67,67,67,67,75,75,75,40,32,54,46,75,52,52,52,52,52,52,36,73,73,58,58,61,61,61,73,71,71,8],"gold":30,"neow_bonus":"BOSS_RELIC","is_daily":false,"chose_seed":false,"campfire_upgraded":5,"win_rate":0.0,"timestamp":1608229268,"path_taken":["M","?","?","?","?","E","M","R","T","E","R","E","?","?","R_BF","BOSS","M","M","M","$","?","R","R","R","T","?","R","?","E","?","R","BOSS","M","$","?","$","PTL","PTL","M","R","?","M","T","E","$","R","M","M","R","BOSS"],"items_purchased_type":["Relic","Card","Card","Relic"],"build_version":"2020-12-13","purchased_purges":3,"victory":true,"max_hp_per_floor":[70,70,75,75,75,75,75,75,75,75,75,75,75,75,75,75,75,75,75,75,75,75,75,75,75,75,75,75,75,75,75,75,75,75,75,75,75,75,75,75,75,75,75,75,75,75,75,75,75,75,75,75],"card_choices":[{"not_picked":["Deflect","Outmaneuver"],"picked":"Poisoned Stab","floor":1},{"not_picked":["Dodge and Roll","Acrobatics"],"picked":"Catalyst","floor":3},{"not_picked":["ReplayTheSpireMod:Scrap Shanks","Quick Slash"],"picked":"Corpse Explosion","floor":6},{"not_picked":["Outmaneuver","Slice"],"picked":"Deadly Poison","floor":7},{"not_picked":["Sucker Punch","Acrobatics"],"picked":"Blade Dance","floor":10},{"not_picked":["Quick Slash","Phantasmal Killer"],"picked":"Deadly Poison","floor":12},{"not_picked":["Night Terror","Wraith Form v2"],"picked":"Poison Darts","floor":16},{"not_picked":["Masterful Stab","Poisoned Stab"],"picked":"Terror","floor":18},{"not_picked":["Prepared+1","Underhanded Strike"],"picked":"Crippling Poison","floor":19},{"not_picked":["Dagger Throw","Dodge and Roll","All Out Attack+1"],"picked":"SKIP","floor":20},{"not_picked":["ReplayTheSpireMod:Speed Training","Toxin Wave","Draining Mist"],"picked":"SKIP","floor":30},{"not_picked":["Escape Plan+1","Outmaneuver"],"picked":"Dodge and Roll+1","floor":31},{"not_picked":["Replay:Bag of Tricks","Atom Bomb"],"picked":"Envenom","floor":33},{"not_picked":["Prepared+1","Flying Knee+1"],"picked":"Backflip+1","floor":35},{"not_picked":["Acrobatics+1","Leg Sweep"],"picked":"Deflect+1","floor":41},{"not_picked":["Endless Agony","Acrobatics+1","Poisoned Stab"],"picked":"SKIP","floor":44},{"not_picked":["Hidden Blade+1","PiercingWail+1","ReplayTheSpireMod:Scrap Shanks"],"picked":"SKIP","floor":46},{"not_picked":["Underhanded Strike+1","Acrobatics+1"],"picked":"Dodge and Roll+1","floor":49},{"not_picked":["Flying Knee+1","Tactician+1","Quick Slash"],"picked":"SKIP","floor":50}],"player_experience":17065,"relics_obtained":[{"floor":4,"key":"Nunchaku"},{"floor":6,"key":"Ninja Scroll"},{"floor":9,"key":"WingedGreaves"},{"floor":10,"key":"Grinning Jar"},{"floor":12,"key":"Mercury Hourglass"},{"floor":15,"key":"Shovel"},{"floor":26,"key":"Dota2Spire:UrnOfShadows"},{"floor":28,"key":"Bird Faced Urn"},{"floor":30,"key":"Dota2Spire:BattleFury"},{"floor":45,"key":"Dota2Spire:ArcaneBoots"},{"floor":46,"key":"Kunai"}],"event_choices":[{"damage_healed":0,"gold_gain":0,"player_choice":"Got Potions","damage_taken":0,"max_hp_gain":0,"max_hp_loss":0,"event_name":"Lab","floor":2,"gold_loss":0},{"damage_healed":0,"gold_gain":175,"player_choice":"AGREE","damage_taken":0,"max_hp_gain":0,"max_hp_loss":0,"event_name":"Liars Game","floor":14,"gold_loss":0,"cards_obtained":["Doubt"]},{"damage_healed":0,"gold_gain":99,"player_choice":"Stole From Cult","damage_taken":0,"max_hp_gain":0,"max_hp_loss":0,"event_name":"Nest","floor":22,"gold_loss":0},{"damage_healed":25,"gold_gain":0,"player_choice":"Heal","damage_taken":0,"max_hp_gain":0,"max_hp_loss":0,"event_name":"The Library","floor":27,"gold_loss":0},{"damage_healed":0,"gold_gain":0,"player_choice":"Bought 0 Potions","damage_taken":0,"max_hp_gain":0,"max_hp_loss":0,"event_name":"The Woman in Blue","floor":29,"gold_loss":0},{"damage_healed":0,"gold_gain":0,"player_choice":"Memory 1","damage_taken":0,"max_hp_gain":0,"max_hp_loss":0,"event_name":"SensoryStone","floor":37,"gold_loss":0},{"cards_removed":["Clumsy"],"damage_healed":0,"gold_gain":0,"player_choice":"Removed Curses","damage_taken":0,"max_hp_gain":0,"max_hp_loss":0,"event_name":"Fountain of Cleansing","floor":43,"gold_loss":0}],"is_beta":false,"boss_relics":[{"not_picked":["Black Star","Snecko Eye"],"picked":"Philosopher\u0027s Stone"},{"not_picked":["HoveringKite","SacredBark"],"picked":"SlaversCollar"}],"items_purged_floors":[13,36,47],"is_endless":false,"potions_floor_spawned":[1,7,16,20,30,31,46,49],"ascension_level":0}}