{"host":"pz1ko3gi7nsxydm3","time":1608202123,"event":{"mods":["AchievementEnabler","Act Like it!","BaseMod","Better Note","Better Third Choice","Colored Map","Downfall","Hallownest","Hermit","Hubris","Infinite Spire","Minty Spire (QoL Compilation)","Rare Cards Sparkle","Replay The Spire","StSLib","The Bug Knight","The Jungle","??????REMEMod"],"gold_per_floor":[99,128,128,128,128,81,104,138,63,163,180,22,99,117,135,236,236,86,136,152,137,149,176,176,195,245,245,259,273,323,343,358,358,358],"floor_reached":33,"playtime":2769,"items_purged":[],"score":325,"play_id":"226229a1-41f4-418a-b3c5-22aaf91c1afe","local_time":"20201217104843","is_ascension_mode":false,"campfire_choices":[{"data":"Fiend Fire","floor":1.0,"key":"SMITH"},{"floor":3.0,"key":"RECALL"},{"data":"champ:Execute","floor":5.0,"key":"SMITH"},{"floor":9.0,"key":"REST"},{"data":"champ:SteelEdge","floor":18.0,"key":"SMITH"},{"floor":27,"key":"REST"}],"circlet_count":0,"master_deck":["champ:Strike","champ:Strike","champ:Strike","champ:Strike","champ:Defend","champ:Defend","champ:Defend","champ:Defend","champ:Execute+1","champ:Taunt","Fiend Fire+1","champ:DefensiveShout","champ:FocusedBerserking","champ:RapidStrikes","champ:Encircle","champ:PerfectedStrike","champ:FaceSlap","champ:FocusedDefense","champ:TornadoPunch","champ:BladeFlurry","champ:FanOfKnives","champ:SteelEdge+1","champ:PreciseThrust","champ:BringItOn+1","champ:Circumvent","champ:IronFortress","champ:CalledShot","Hallucinations","champ:CrookedStrike","champ:Improvising","Shame","champ:FalseCounter","champ:DefensiveShout"],"relics":["champ:ChampionCrown","REME_ComplimentaryCards","downfall:HeartsMalice","infinitespire:CursedDice","ReplayTheSpireMod:Lightbulb","downfall:HeartBlessingRed","downfall:CloakOfManyFaces","CultistMask","FaceOfCleric","NlothsMask","GremlinMask","SsserpentHead","infinitespire:Lucky Rock","Replay:Fungal Core","downfall:HeartBlessingGreen","downfall:HeartBlessingBlue","Garlic","infinitespire:BottledMercury","Ring of Searing","ReplayTheSpireMod:Ring of Collecting","Pet Ghost"],"acts_visited":["Exordium","TheCity"],"potions_floor_usage":[23,29,33,33],"damage_taken":[{"damage":0.0,"enemies":"Lagavulin","floor":2.0,"turns":1.0},{"damage":0.0,"enemies":"Jaw Worm","floor":4.0,"turns":1.0},{"damage":0.0,"enemies":"downfall:FleeingMerchant","floor":6.0,"turns":1.0},{"damage":41.0,"enemies":"Gremlin Nob","floor":8.0,"turns":4.0},{"damage":35.0,"enemies":"downfall:FaceTrader","floor":10.0,"turns":5.0},{"damage":0.0,"enemies":"Cultist","floor":11.0,"turns":2.0},{"damage":17.0,"enemies":"downfall:FleeingMerchant","floor":12.0,"turns":4.0},{"damage":0.0,"enemies":"2 Louse","floor":14.0,"turns":2.0},{"damage":29.0,"enemies":"Lots of Slimes","floor":15.0,"turns":4.0},{"damage":31.0,"enemies":"downfall:Defect","floor":16.0,"turns":7.0},{"damage":6.0,"enemies":"Chosen","floor":20.0,"turns":4.0},{"damage":15.0,"enemies":"downfall:FleeingMerchant","floor":21.0,"turns":4.0},{"damage":15,"enemies":"Snecko","floor":22,"turns":3},{"damage":47,"enemies":"Slavers","floor":23,"turns":5},{"damage":17,"enemies":"Centurion and Healer","floor":25,"turns":6},{"damage":22,"enemies":"3 Cultists","floor":28,"turns":5},{"damage":21,"enemies":"Sentry and Sphere","floor":29,"turns":4},{"damage":17,"enemies":"Centurion and Healer","floor":31,"turns":6},{"damage":1,"enemies":"Chosen and Byrds","floor":32,"turns":5},{"damage":12,"enemies":"downfall:Ironclad","floor":33,"turns":2}],"seed_played":"-5487210367722075640","potions_obtained":[{"floor":8.0,"key":"Weak Potion"},{"floor":10.0,"key":"SpeedPotion"},{"floor":14.0,"key":"Weak Potion"},{"floor":22,"key":"champ:OpenerPotion"},{"floor":23,"key":"Strength Potion"},{"floor":28,"key":"AttackPotion"},{"floor":32,"key":"Regen Potion"}],"is_trial":false,"path_per_floor":["R","E","R","M","R","$","T","E","R","?","M","$","T","M","M","B",null,"R","?","M","$","M","E","T","M","?","R","M","M","?","M","M","B"],"character_chosen":"THE_CHAMP","items_purchased":["champ:Encircle","infinitespire:Lucky Rock"],"campfire_rested":2,"item_purchase_floors":[6,12],"current_hp_per_floor":[90,90,90,90,90,90,90,60,87,61,62,53,53,54,26,41,95,105,105,102,88,74,32,32,21,21,54,35,18,18,2,2,0,0],"gold":358,"neow_bonus":"THREE_ENEMY_KILL","is_daily":false,"chose_seed":false,"campfire_upgraded":3,"win_rate":0.0,"timestamp":1608202123,"path_taken":["R","E","R","M","R","$","T","E","R","?","M","$","?","M","M","BOSS","R","?","M","$","M","E","T","M","?","R","M","M","?","M","M","BOSS"],"items_purchased_type":["Card","Relic"],"build_version":"2020-12-13","purchased_purges":0,"victory":false,"max_hp_per_floor":[90,90,90,90,90,90,90,90,90,90,91,92,92,93,94,95,95,105,105,106,107,108,109,109,110,110,110,111,112,112,113,114,114,114],"card_choices":[{"not_picked":["champ:PreciseThrust","champ:TornadoPunch"],"picked":"champ:DefensiveShout","floor":2.0},{"not_picked":["champ:Backstep","champ:BerserkerStyle"],"picked":"champ:FocusedBerserking","floor":4.0},{"not_picked":["champ:Backstep","champ:GladiatorsShout"],"picked":"champ:RapidStrikes","floor":6.0},{"not_picked":["champ:FocusedDefense","champ:Haymaker"],"picked":"champ:PerfectedStrike","floor":8.0},{"not_picked":["champ:ShieldWall","champ:CrookedStrike"],"picked":"champ:FaceSlap","floor":10.0},{"not_picked":["champ:GladiatorsShout","champ:PerfectedStrike"],"picked":"champ:FocusedDefense","floor":11.0},{"not_picked":["champ:CrookedStrike","champ:DefensiveShout"],"picked":"champ:TornadoPunch","floor":12.0},{"not_picked":["champ:Backstep","champ:TornadoPunch"],"picked":"champ:BladeFlurry","floor":14.0},{"not_picked":["champ:PerfectedStrike","champ:FocusedBerserking"],"picked":"champ:FanOfKnives","floor":15.0},{"not_picked":["champ:SwordThrow","champ:ShieldSlam"],"picked":"champ:SteelEdge","floor":16.0},{"not_picked":["champ:GladiatorsShout","champ:Circumvent"],"picked":"champ:PreciseThrust","floor":20.0},{"not_picked":["champ:FocusedBerserking","champ:AdrenalArmor"],"picked":"champ:BringItOn+1","floor":21},{"not_picked":["champ:BerserkersShout+1","champ:BerserkerStyle"],"picked":"champ:Circumvent","floor":22},{"not_picked":["champ:RisingSlash","champ:ShieldWall+1"],"picked":"champ:IronFortress","floor":23},{"not_picked":["champ:Circumvent","champ:FaceSlap+1"],"picked":"champ:CalledShot","floor":25},{"not_picked":["champ:DefensiveShout+1","champ:FanOfKnives+1"],"picked":"champ:CrookedStrike","floor":28},{"not_picked":["champ:GutPunch","champ:HeartStrike"],"picked":"champ:Improvising","floor":29},{"not_picked":["champ:Backstep","champ:Encircle"],"picked":"champ:FalseCounter","floor":31},{"not_picked":["champ:StanceDance","champ:GladiatorsShout"],"picked":"champ:DefensiveShout","floor":32}],"player_experience":84088,"relics_obtained":[{"floor":2.0,"key":"infinitespire:CursedDice"},{"floor":8.0,"key":"ReplayTheSpireMod:Lightbulb"},{"floor":10.0,"key":"downfall:CloakOfManyFaces"},{"floor":23,"key":"Garlic"},{"floor":24,"key":"infinitespire:BottledMercury"},{"floor":26,"key":"Ring of Searing"},{"floor":26,"key":"ReplayTheSpireMod:Ring of Collecting"}],"event_choices":[{"damage_healed":0.0,"max_hp_gain":0.0,"max_hp_loss":0.0,"gold_gain":0.0,"event_name":"betterNote:BetterNote","player_choice":"Ignored","floor":19.0,"gold_loss":0.0,"damage_taken":0.0,"cards_obtained":["Bullet Time"]},{"damage_healed":0,"gold_gain":0,"player_choice":"Stole Relic","damage_taken":0,"relics_obtained":["Pet Ghost"],"max_hp_gain":0,"max_hp_loss":0,"event_name":"Addict","floor":30,"gold_loss":0,"cards_obtained":["Shame"]}],"is_beta":false,"boss_relics":[{"not_picked":["SacredBark","Honey Jar"],"picked":"Replay:Fungal Core"}],"items_purged_floors":[],"is_endless":false,"potions_floor_spawned":[8,10,14,22,23,28,32],"killed_by":"downfall:Ironclad","ascension_level":0}}