{"host":"v6z4ef7b9ohrfzi9","time":1608240808,"event":{"mods":["2.2 Compatiblity","Act Like it!","Aspiration","BaseMod","Better Altar","Better Match","Better Sensory Stone","Better Third Choice","BetterRewards","Conspire","Downfall","Gensokyo","Minty Spire (QoL Compilation)","Replay The Spire","Shade Mod","Shop Mod","Spicy Shops","StSLib","Swap Starting Deck Mod","The Administrix"],"gold_per_floor":[115,115,131,131,150,185,201,201,201,201,24,24,42,55,55,55,55],"floor_reached":16,"playtime":1769,"items_purged":["Doubt","Regret"],"score":102,"play_id":"67500a29-1810-4647-917d-9a740cf36ce3","local_time":"20201217223328","is_ascension_mode":false,"campfire_choices":[{"data":"champ:IgnorePain","floor":10,"key":"SMITH"},{"data":"champ:EnGarde","floor":12,"key":"SMITH"},{"floor":15,"key":"REST"}],"circlet_count":0,"master_deck":["champ:Strike","champ:Strike","champ:Defend","champ:Defend+1","champ:Defend","champ:Execute","champ:Taunt+1","champ:IgnorePain+1","champ:BerserkerStyle","champ:RecklessLeap","champ:EnGarde+1","champ:MurderStrike+1","champ:Encircle","champ:BladeFlurry","champ:RisingSlash+1","champ:EnGarde+1","champ:ShieldWall+1","champ:IronFortress","champ:StanceDance"],"relics":["champ:ChampionCrown","TungstenRod","War Paint","Astrolabe","Gremlin Food","ReplayTheSpireMod:CursedCoin","Happy Flower","Pet Ghost","Golden Idol","conspire:DecoderRing","Sling"],"acts_visited":["Exordium"],"potions_floor_usage":[6,14,16],"damage_taken":[{"damage":14,"enemies":"Small Slimes","floor":1,"turns":3},{"damage":14,"enemies":"2 Louse","floor":3,"turns":1},{"damage":3,"enemies":"Jaw Worm","floor":5,"turns":3},{"damage":21,"enemies":"3 Sentries","floor":6,"turns":6},{"damage":17,"enemies":"Blue Slaver","floor":7,"turns":3},{"damage":14,"enemies":"Lots of Slimes","floor":13,"turns":4},{"damage":0,"enemies":"Looter","floor":14,"turns":2},{"damage":42,"enemies":"Fading Forest","floor":16,"turns":4}],"seed_played":"1248447027386253649","potions_obtained":[{"floor":1,"key":"LifebloodPotion"},{"floor":3,"key":"Strength Potion"},{"floor":7,"key":"champ:CounterPotion"},{"floor":13,"key":"AttackPotion"}],"is_trial":false,"path_per_floor":["M","?","M","?","M","E","M","?","T","R","$","R","M","M","R","B"],"character_chosen":"THE_CHAMP","items_purchased":["War Paint","champ:IgnorePain","champ:BerserkerStyle","Gremlin Food","ReplayTheSpireMod:CursedCoin","champ:BladeFlurry","Sling"],"campfire_rested":1,"item_purchase_floors":[0,0,0,0,0,0,11],"current_hp_per_floor":[45,45,46,46,46,27,36,16,16,16,16,16,2,2,27,0,0],"gold":55,"neow_bonus":"","is_daily":false,"chose_seed":false,"campfire_upgraded":2,"win_rate":0.0,"timestamp":1608240808,"path_taken":["M","?","M","?","M","E","M","?","T","R","?","R","?","M","R","BOSS"],"items_purchased_type":["Relic","Card","Card","Relic","Relic","Card","Relic"],"build_version":"2020-12-13","purchased_purges":2,"victory":false,"max_hp_per_floor":[85,85,85,85,85,85,85,85,85,85,85,85,85,85,85,85,85],"card_choices":[{"not_picked":["champ:DefensiveShout","champ:BladeFlurry","champ:ViciousMockery"],"picked":"SKIP","floor":1},{"not_picked":["champ:DefensiveShout","champ:Shatter"],"picked":"champ:EnGarde","floor":3},{"not_picked":["champ:Encircle","champ:GladiatorsShout"],"picked":"champ:ShieldWall","floor":5},{"not_picked":["champ:BerserkerStyle","champ:Haymaker"],"picked":"champ:IronFortress","floor":6},{"not_picked":["champ:Shatter","champ:CrookedStrike","champ:FanOfKnives"],"picked":"SKIP","floor":7},{"not_picked":["champ:Encircle","champ:BerserkersShout","champ:AdrenalArmor"],"picked":"SKIP","floor":13},{"not_picked":["champ:BladeFlurry","champ:BringItOn"],"picked":"champ:StanceDance","floor":14}],"player_experience":1560773,"relics_obtained":[{"floor":6,"key":"Pet Ghost"},{"floor":9,"key":"conspire:DecoderRing"}],"event_choices":[{"damage_healed":0,"gold_gain":0,"player_choice":"Box","damage_taken":0,"relics_obtained":["Happy Flower"],"max_hp_gain":0,"max_hp_loss":0,"event_name":"Big Fish","floor":4,"gold_loss":0,"cards_obtained":["Regret"]},{"damage_healed":0,"gold_gain":0,"player_choice":"Take Damage","damage_taken":21,"relics_obtained":["Golden Idol"],"max_hp_gain":0,"max_hp_loss":0,"event_name":"Golden Idol","floor":8,"gold_loss":0}],"is_beta":false,"boss_relics":[],"items_purged_floors":[0,11],"is_endless":false,"potions_floor_spawned":[1,3,7,13],"killed_by":"Fading Forest","ascension_level":0}}