{"host":"y3h3n3f7seyagppx","time":1608182820,"event":{"mods":["AlwaysNeverKeys","BaseMod","Better Vampires","Colored Powertips","DeckTracker","Emptier Cage","Minty Spire (QoL Compilation)","Permanent Neow","Quick Restart","Rare Cards Sparkle","Relic Sorter","Relic Stats","StSLib","Transform Curses"],"gold_per_floor":[117,133,152,117,117,148,148,175,175,187,187,187,23,51,51,128,128,144,144,144,10,21,21,21],"floor_reached":23,"playtime":1253,"items_purged":["Defend_R"],"score":414,"play_id":"deb710f8-d0b4-4bdf-9b17-402216b022ce","local_time":"20201217002700","is_ascension_mode":true,"campfire_choices":[{"data":"Uppercut","floor":7,"key":"SMITH"},{"data":"Carnage","floor":12,"key":"SMITH"},{"data":"Shrug It Off","floor":15,"key":"SMITH"}],"circlet_count":0,"master_deck":["AscendersBane","Strike_R","Strike_R","Strike_R","Strike_R","Defend_R","Defend_R","Defend_R","Bash+1","Anger","Uppercut+1","Fire Breathing","Carnage+1","Evolve","Shrug It Off+1","Barricade","Entrench"],"relics":["Burning Blood","Gremlin Horn","Ice Cream","Torii","Membership Card","Smiling Mask","Sozu","Brimstone"],"acts_visited":["Exordium","TheCity"],"potions_floor_usage":[22],"damage_taken":[{"damage":21,"enemies":"Jaw Worm","floor":1,"turns":5},{"damage":5,"enemies":"Small Slimes","floor":2,"turns":4},{"damage":1,"enemies":"Cultist","floor":3,"turns":3},{"damage":40,"enemies":"3 Sentries","floor":6,"turns":9},{"damage":22,"enemies":"Lagavulin","floor":8,"turns":7},{"damage":0,"enemies":"2 Fungi Beasts","floor":10,"turns":2},{"damage":3,"enemies":"3 Sentries","floor":14,"turns":5},{"damage":27,"enemies":"Slime Boss","floor":16,"turns":6},{"damage":28,"enemies":"Spheric Guardian","floor":18,"turns":4},{"damage":30,"enemies":"3 Byrds","floor":22,"turns":4},{"damage":16,"enemies":"Book of Stabbing","floor":23,"turns":1}],"seed_played":"-925652614601408616","potions_obtained":[{"floor":10,"key":"DuplicationPotion"},{"floor":14,"key":"LiquidMemories"}],"is_trial":false,"path_per_floor":["M","M","M","?","?","E","R","E","T","M","?","R","$","E","R","B",null,"M","?","?","$","M","E"],"character_chosen":"IRONCLAD","items_purchased":["Membership Card","Brimstone"],"campfire_rested":0,"item_purchase_floors":[13,21],"current_hp_per_floor":[53,54,59,75,75,41,41,25,25,31,31,31,31,34,34,13,60,38,38,38,38,14,0,0],"gold":21,"neow_bonus":"UPGRADE_CARD","is_daily":false,"chose_seed":false,"campfire_upgraded":3,"win_rate":0.0,"timestamp":1608182820,"path_taken":["M","M","M","?","?","E","R","E","T","?","?","R","$","E","R","BOSS","M","?","?","$","M","E"],"items_purchased_type":["Relic","Relic"],"build_version":"2020-12-13","purchased_purges":1,"victory":false,"max_hp_per_floor":[75,75,75,75,75,75,75,75,75,75,75,75,75,75,75,75,75,75,75,75,75,75,75,75],"relic_stats":{"Sozu":1,"Gremlin Horn":[7,7],"Torii":48,"counters":[11,50],"Smiling Mask":-12,"obtain_stats":[{"Ice Cream":8,"Sozu":17,"Gremlin Horn":6,"Torii":9,"Brimstone":21,"Membership Card":13,"Smiling Mask":14,"Burning Blood":0},{"Ice Cream":5,"Sozu":8,"Gremlin Horn":4,"Torii":5,"Brimstone":9,"Membership Card":6,"Smiling Mask":7,"Burning Blood":0},{"Ice Cream":28,"Sozu":41,"Gremlin Horn":21,"Torii":28,"Brimstone":45,"Membership Card":30,"Smiling Mask":35,"Burning Blood":0}],"Burning Blood":60},"card_choices":[{"not_picked":["Flex","Sword Boomerang"],"picked":"Anger","floor":1},{"not_picked":["Searing Blow","Warcry"],"picked":"Uppercut","floor":2},{"not_picked":["Reckless Charge","Clothesline","Perfected Strike"],"picked":"SKIP","floor":3},{"not_picked":["Searing Blow","Flex"],"picked":"Fire Breathing","floor":6},{"not_picked":["Second Wind","Flex"],"picked":"Carnage","floor":8},{"not_picked":["Blood for Blood","Carnage"],"picked":"Evolve","floor":10},{"not_picked":["Warcry","Sword Boomerang"],"picked":"Shrug It Off","floor":14},{"not_picked":["Demon Form","Brutality"],"picked":"Barricade","floor":16},{"not_picked":["Ghostly Armor","Warcry","Clothesline+1"],"picked":"SKIP","floor":18},{"not_picked":["Clothesline","Perfected Strike+1","Pommel Strike"],"picked":"SKIP","floor":22}],"player_experience":20000466,"relics_obtained":[{"floor":6,"key":"Gremlin Horn"},{"floor":8,"key":"Ice Cream"},{"floor":9,"key":"Torii"},{"floor":14,"key":"Smiling Mask"}],"event_choices":[{"damage_healed":18,"gold_gain":0,"player_choice":"Healed","damage_taken":0,"max_hp_gain":0,"max_hp_loss":0,"event_name":"The Cleric","floor":4,"gold_loss":35},{"cards_removed":["Strike_R"],"damage_healed":0,"gold_gain":0,"player_choice":"Offered Basic","damage_taken":0,"max_hp_gain":0,"max_hp_loss":0,"event_name":"Bonfire Elementals","floor":5,"gold_loss":0},{"damage_healed":0,"gold_gain":0,"player_choice":"Ignored","damage_taken":0,"max_hp_gain":0,"max_hp_loss":0,"event_name":"Shining Light","floor":11,"gold_loss":0},{"damage_healed":0,"gold_gain":0,"player_choice":"Read","damage_taken":0,"max_hp_gain":0,"max_hp_loss":0,"event_name":"The Library","floor":19,"gold_loss":0,"cards_obtained":["Entrench"]},{"damage_healed":0,"gold_gain":0,"player_choice":"Ignored","damage_taken":0,"max_hp_gain":0,"max_hp_loss":0,"event_name":"Beggar","floor":20,"gold_loss":0}],"is_beta":false,"boss_relics":[{"not_picked":["Black Blood","Empty Cage"],"picked":"Sozu"}],"items_purged_floors":[21],"is_endless":false,"potions_floor_spawned":[10,14,22],"killed_by":"Book of Stabbing","ascension_level":20}}