{"host":"udzsrhbqdxqtlypj","time":1608234873,"event":{"mods":["BaseMod","Minty Spire (QoL Compilation)","Relic Stats"],"gold_per_floor":[119,1,1,1,1,1,29,29,56,95,195,231,246,281,281,406,406,429,190,215,231,246,246,285,285,310,354,354,367,119,154,154,277,277,300,318,318,84,108,108,143,143,143,176,191,191,204,204,204,204,204,204,27,70,70,70],"floor_reached":55,"playtime":4129,"items_purged":["Strike_B","Defend_B","Defend_B"],"score":1364,"play_id":"a081588a-1b5c-480a-a720-bb7e1c9639b7","local_time":"20201217135433","is_ascension_mode":true,"campfire_choices":[{"data":"Doom and Gloom","floor":6.0,"key":"SMITH"},{"data":"Hologram","floor":15.0,"key":"SMITH"},{"data":"Force Field","floor":23.0,"key":"SMITH"},{"data":"Genetic Algorithm","floor":25.0,"key":"SMITH"},{"floor":32.0,"key":"RECALL"},{"floor":40.0,"key":"REST"},{"data":"Force Field","floor":42.0,"key":"SMITH"},{"floor":49.0,"key":"REST"},{"data":"Seek","floor":52.0,"key":"SMITH"}],"circlet_count":0,"master_deck":["AscendersBane","Strike_B","Strike_B+1","Strike_B","Defend_B+1","Zap","Dualcast","Doom and Gloom+1","Good Instincts","Doom and Gloom+1","Go for the Eyes","Streamline","Hologram+1","Undo","All For One","Seek","Scrape+1","Apotheosis","Force Field+1","Genetic Algorithm+1","Seek+1","Force Field+1","Skim","Conserve Battery+1","Genetic Algorithm+1","Coolheaded+1","Magnetism","Leap"],"relics":["Cracked Core","NeowsBlessing","Juzu Bracelet","Mercury Hourglass","Golden Idol","Akabeko","TungstenRod","Orichalcum","Cables","Snecko Eye","Art of War","Darkstone Periapt","Shuriken","Strange Spoon","Pear","Nuclear Battery","Sling","Anchor","Vajra","Bag of Marbles"],"acts_visited":["Exordium","TheCity","TheBeyond","TheEnding"],"potions_floor_usage":[54,55],"damage_taken":[{"damage":0.0,"enemies":"Cultist","floor":1.0,"turns":1.0},{"damage":0.0,"enemies":"Gremlin Nob","floor":7.0,"turns":1.0},{"damage":0.0,"enemies":"Lagavulin","floor":10.0,"turns":1.0},{"damage":5.0,"enemies":"3 Sentries","floor":12.0,"turns":3.0},{"damage":0.0,"enemies":"Jaw Worm","floor":13.0,"turns":2.0},{"damage":7.0,"enemies":"Gremlin Nob","floor":14.0,"turns":3.0},{"damage":5.0,"enemies":"The Guardian","floor":16.0,"turns":9.0},{"damage":0.0,"enemies":"3 Byrds","floor":18.0,"turns":2.0},{"damage":3.0,"enemies":"Shell Parasite","floor":20.0,"turns":4.0},{"damage":5.0,"enemies":"Snecko","floor":21.0,"turns":4.0},{"damage":0.0,"enemies":"Centurion and Healer","floor":22.0,"turns":3.0},{"damage":0.0,"enemies":"Book of Stabbing","floor":24.0,"turns":3.0},{"damage":0.0,"enemies":"Slavers","floor":27.0,"turns":3.0},{"damage":3.0,"enemies":"Shelled Parasite and Fungi","floor":29.0,"turns":6.0},{"damage":10.0,"enemies":"Book of Stabbing","floor":31.0,"turns":7.0},{"damage":24.0,"enemies":"Automaton","floor":33.0,"turns":9.0},{"damage":0.0,"enemies":"3 Darklings","floor":35.0,"turns":4.0},{"damage":0.0,"enemies":"3 Shapes","floor":36.0,"turns":6.0},{"damage":28.0,"enemies":"Writhing Mass","floor":39.0,"turns":7.0},{"damage":0.0,"enemies":"Reptomancer","floor":41.0,"turns":4.0},{"damage":0.0,"enemies":"Giant Head","floor":44.0,"turns":5.0},{"damage":0.0,"enemies":"Transient","floor":45.0,"turns":5.0},{"damage":0.0,"enemies":"Jaw Worm Horde","floor":47.0,"turns":2.0},{"damage":21.0,"enemies":"Time Eater","floor":50.0,"turns":7.0},{"damage":49,"enemies":"Shield and Spear","floor":54,"turns":6},{"damage":21,"enemies":"The Heart","floor":55,"turns":3}],"seed_played":"3526489353759286056","potions_obtained":[{"floor":10.0,"key":"SkillPotion"},{"floor":12.0,"key":"BlessingOfTheForge"},{"floor":14.0,"key":"PotionOfCapacity"},{"floor":20.0,"key":"LiquidBronze"},{"floor":21.0,"key":"DistilledChaos"},{"floor":22.0,"key":"SkillPotion"},{"floor":29.0,"key":"Fire Potion"},{"floor":36.0,"key":"Fire Potion"},{"floor":41.0,"key":"LiquidMemories"},{"floor":44.0,"key":"LiquidBronze"}],"is_trial":false,"path_per_floor":["M","$","?","?","?","R","E","?","T","E","?","E","M","E","R","B",null,"M","$","M","M","M","R","E","R","T","E","T","M","$","E","R","B",null,"M","M","?","$","M","R","E","R","T","E","M","?","M","?","R","B",null,"R","$","E","B"],"character_chosen":"DEFECT","items_purchased":["Good Instincts","Doom and Gloom","Apotheosis","Strange Spoon","Sling","Skim","Leap"],"campfire_rested":2,"item_purchase_floors":[2,2,19,30,38,38,53],"current_hp_per_floor":[68,68,56,41,41,41,41,41,41,41,41,36,36,29,29,24,58,58,58,55,50,50,50,50,50,50,50,50,47,47,47,47,23,65,65,65,65,65,37,60,60,60,60,60,60,60,60,60,75,54,70,70,70,21,0,0],"gold":70,"neow_bonus":"THREE_ENEMY_KILL","is_daily":false,"chose_seed":false,"campfire_upgraded":6,"win_rate":0.0,"timestamp":1608234873,"path_taken":["M","$","?","?","?","R","E","?","T","E","?","E","M","E","R","BOSS","M","?","M","M","M","R","E","R","T","E","?","M","$","E","R","BOSS","M","M","?","$","M","R","E","R","T","E","M","?","M","?","R","BOSS","R","$","E","BOSS"],"items_purchased_type":["Card","Card","Card","Relic","Relic","Card","Card"],"build_version":"2020-12-13","purchased_purges":3,"victory":false,"max_hp_per_floor":[75,75,75,75,75,75,75,69,69,69,69,69,69,69,69,69,69,69,69,69,69,69,69,69,69,69,69,69,69,69,79,79,79,79,79,79,79,79,79,79,79,79,79,79,79,79,79,75,75,75,75,75,75,75,75,75],"relic_stats":{"Darkstone Periapt":0,"counters":[26,109],"Golden Idol":187,"Juzu Bracelet":1,"Orichalcum":[36],"Mercury Hourglass":[375],"Cables":[73,28,2,27,16],"Strange Spoon":[30],"Shuriken":[25],"Snecko Eye":[163,171,170,170],"Art of War":[11],"obtain_stats":[{"Darkstone Periapt":27,"Pear":31,"NeowsBlessing":0,"Golden Idol":8,"Vajra":44,"Juzu Bracelet":3,"Orichalcum":12,"Sling":38,"Akabeko":9,"Mercury Hourglass":7,"Cables":14,"Nuclear Battery":34,"Strange Spoon":30,"Anchor":41,"Shuriken":28,"Snecko Eye":17,"Art of War":26,"Bag of Marbles":54,"Cracked Core":0,"TungstenRod":10},{"Darkstone Periapt":13,"Pear":15,"NeowsBlessing":0,"Golden Idol":2,"Vajra":21,"Juzu Bracelet":1,"Orichalcum":4,"Sling":18,"Akabeko":2,"Mercury Hourglass":2,"Cables":6,"Nuclear Battery":16,"Strange Spoon":14,"Anchor":20,"Shuriken":13,"Snecko Eye":7,"Art of War":12,"Bag of Marbles":25,"Cracked Core":0,"TungstenRod":3},{"Darkstone Periapt":38,"Pear":51,"NeowsBlessing":0,"Golden Idol":2,"Vajra":86,"Juzu Bracelet":1,"Orichalcum":6,"Sling":70,"Akabeko":2,"Mercury Hourglass":2,"Cables":11,"Nuclear Battery":60,"Strange Spoon":44,"Anchor":81,"Shuriken":38,"Snecko Eye":20,"Art of War":35,"Bag of Marbles":106,"Cracked Core":0,"TungstenRod":3}],"TungstenRod":37},"card_choices":[{"not_picked":["Cold Snap","Heatsinks"],"picked":"Doom and Gloom","floor":1.0},{"not_picked":["Rip and Tear","Coolheaded"],"picked":"Go for the Eyes","floor":7.0},{"not_picked":["Blizzard","Ball Lightning"],"picked":"Streamline","floor":10.0},{"not_picked":["Leap","Self Repair"],"picked":"Hologram","floor":12.0},{"not_picked":["Hologram","Doom and Gloom"],"picked":"Undo","floor":13.0},{"not_picked":["Hello World","White Noise"],"picked":"All For One","floor":14.0},{"not_picked":["Reboot","Amplify"],"picked":"Seek","floor":16.0},{"not_picked":["Stack","Gash+1"],"picked":"Scrape+1","floor":18.0},{"not_picked":["Hologram","Barrage"],"picked":"Force Field","floor":20.0},{"not_picked":["Barrage","Ball Lightning+1","Go for the Eyes+1"],"picked":"SKIP","floor":21.0},{"not_picked":["Barrage","Compile Driver","Steam"],"picked":"SKIP","floor":22.0},{"not_picked":["Seek","White Noise"],"picked":"Genetic Algorithm","floor":24.0},{"not_picked":["Stack","Capacitor","Turbo"],"picked":"SKIP","floor":27.0},{"not_picked":["Leap","Sweeping Beam","Barrage"],"picked":"SKIP","floor":29.0},{"not_picked":["Loop","Barrage","Gash"],"picked":"SKIP","floor":31.0},{"not_picked":["Fission","Biased Cognition"],"picked":"Seek","floor":33.0},{"not_picked":["Gash","Steam+1","Go for the Eyes"],"picked":"SKIP","floor":35.0},{"not_picked":["Sweeping Beam+1","Hologram"],"picked":"Force Field","floor":36.0},{"not_picked":["Chill","Reinforced Body"],"picked":"Conserve Battery+1","floor":39.0},{"not_picked":["Buffer","Conserve Battery"],"picked":"Genetic Algorithm+1","floor":41.0},{"not_picked":["Redo+1","Fission"],"picked":"Coolheaded+1","floor":44.0},{"not_picked":["Auto Shields+1","Melter+1","Double Energy"],"picked":"SKIP","floor":45.0},{"not_picked":["Flash of Steel","PanicButton"],"picked":"Magnetism","floor":46.0},{"not_picked":["Leap+1","Barrage","Fusion+1"],"picked":"SKIP","floor":47.0},{"not_picked":["Capacitor","Redo+1","Ball Lightning+1"],"picked":"SKIP","floor":54}],"player_experience":2644022,"relics_obtained":[{"floor":7.0,"key":"Mercury Hourglass"},{"floor":9.0,"key":"Akabeko"},{"floor":10.0,"key":"TungstenRod"},{"floor":12.0,"key":"Orichalcum"},{"floor":14.0,"key":"Cables"},{"floor":26.0,"key":"Art of War"},{"floor":27.0,"key":"Darkstone Periapt"},{"floor":28.0,"key":"Shuriken"},{"floor":31.0,"key":"Pear"},{"floor":41.0,"key":"Anchor"},{"floor":44.0,"key":"Vajra"},{"floor":54,"key":"Bag of Marbles"}],"event_choices":[{"damage_healed":0.0,"max_hp_gain":0.0,"max_hp_loss":0.0,"gold_gain":0.0,"event_name":"Scrap Ooze","player_choice":"Success","floor":3.0,"gold_loss":0.0,"damage_taken":12.0,"relics_obtained":["Juzu Bracelet"]},{"damage_healed":0.0,"max_hp_gain":0.0,"max_hp_loss":0.0,"gold_gain":0.0,"event_name":"Shining Light","player_choice":"Entered Light","floor":4.0,"gold_loss":0.0,"damage_taken":15.0,"cards_upgraded":["Defend_B","Strike_B"]},{"damage_healed":0.0,"max_hp_gain":0.0,"max_hp_loss":0.0,"gold_gain":0.0,"event_name":"Living Wall","player_choice":"Grow","floor":5.0,"gold_loss":0.0,"damage_taken":0.0,"cards_upgraded":["Doom and Gloom"]},{"damage_healed":0.0,"max_hp_gain":0.0,"max_hp_loss":6.0,"gold_gain":0.0,"event_name":"Golden Idol","player_choice":"Lose Max HP","floor":8.0,"gold_loss":0.0,"damage_taken":0.0,"relics_obtained":["Golden Idol"]},{"damage_healed":0.0,"max_hp_gain":0.0,"max_hp_loss":0.0,"gold_gain":100.0,"event_name":"Wheel of Change","player_choice":"Gold","floor":11.0,"gold_loss":0.0,"damage_taken":0.0},{"cards_removed":["Defend_B"],"damage_healed":0.0,"max_hp_gain":0.0,"max_hp_loss":0.0,"gold_gain":0.0,"event_name":"Purifier","player_choice":"Purged","floor":37.0,"gold_loss":0.0,"damage_taken":0.0},{"damage_healed":0.0,"max_hp_gain":0.0,"max_hp_loss":0.0,"gold_gain":0.0,"event_name":"SensoryStone","player_choice":"Memory 1","floor":46.0,"gold_loss":0.0,"damage_taken":0.0},{"damage_healed":0.0,"max_hp_gain":0.0,"max_hp_loss":4.0,"gold_gain":0.0,"event_name":"Winding Halls","player_choice":"Max HP","floor":48.0,"gold_loss":0.0,"damage_taken":0.0}],"is_beta":false,"boss_relics":[{"not_picked":["Runic Pyramid","Sozu"],"picked":"Snecko Eye"},{"not_picked":["Runic Dome","FrozenCore"],"picked":"Nuclear Battery"}],"items_purged_floors":[19,30,53],"is_endless":false,"potions_floor_spawned":[10,12,14,20,21,22,29,36,41,44],"killed_by":"The Heart","ascension_level":10}}