{"host":"w6bv7e6dabj27l4i","time":1608183214,"event":{"mods":["Act Like it!","BaseMod","Colored Map","Custom Start","Downfall","Minty Spire (QoL Compilation)","Quick Restart","StSLib","Synergy Search","Unceasing Turn Reminder","slay the spire mod where everything is the same but ironclad has a cowboy hat"],"gold_per_floor":[99,99,99,199,199,224,224,224,74,107,124,185,198,109,121,222,222,147,161,10,10,10,26,51,69,89,89,100,300,331,343,357,357,357],"floor_reached":33,"playtime":1938,"items_purged":[],"score":355,"play_id":"46860051-7bce-4d15-822d-563793dbed5a","local_time":"20201216233334","is_ascension_mode":false,"campfire_choices":[{"floor":1,"key":"RECALL"},{"data":"hexamod:SoulSteal","floor":9,"key":"SMITH"},{"data":"hexamod:SpectralSpark","floor":18,"key":"SMITH"},{"data":"hexamod:UnlimitedPower","floor":21,"key":"SMITH"},{"data":"hexamod:Incineration","floor":27,"key":"SMITH"}],"circlet_count":0,"master_deck":["hexamod:Strike","hexamod:Strike","hexamod:Strike","hexamod:Strike","hexamod:Defend","hexamod:Defend","hexamod:Defend","hexamod:Defend","hexamod:Sear","hexamod:Float","hexamod:GhostShield","hexamod:SoulSteal+1","hexamod:ThirdSeal","hexamod:VolcanoVisage","hexamod:GhostflameBarrier","hexamod:Hexaguard","hexamod:BurningTouch","hexamod:SpectralSpark+1","hexamod:BurningTouch","hexamod:Incineration+1","hexamod:ThermalTransfer","hexamod:UnlimitedPower+1","hexamod:TimeOfNeed","Slimebound:Tackle","hexamod:ThermalTransfer+1","hexamod:WildfireWeapon","hexamod:WildfireWeapon","hexamod:SpectersWail","hexamod:Haunted","hexamod:EtherealExpedition","hexamod:RecurringNightmare","hexamod:RainOfEmbers+1","hexamod:GhostLash"],"relics":["hexamod:SpiritBrand","downfall:HeartsMalice","Centennial Puzzle","Mercury Hourglass","downfall:HeartBlessingRed","downfall:HeartBlessingGreen","Pen Nib","Smiling Mask","expansioncontent:StudyCardRelic","downfall:HeartBlessingBlue","Ancient Tea Set","Lantern","Anchor"],"acts_visited":["Exordium","TheCity"],"potions_floor_usage":[12,14,16,26,33],"damage_taken":[{"damage":0,"enemies":"Jaw Worm","floor":2,"turns":1},{"damage":0,"enemies":"Lagavulin","floor":6,"turns":1},{"damage":0,"enemies":"Small Slimes","floor":8,"turns":1},{"damage":3,"enemies":"3 Sentries","floor":10,"turns":4},{"damage":0,"enemies":"Cultist","floor":11,"turns":3},{"damage":11,"enemies":"Lagavulin Event","floor":12,"turns":6},{"damage":0,"enemies":"2 Fungi Beasts","floor":13,"turns":3},{"damage":0,"enemies":"downfall:FleeingMerchant","floor":14,"turns":4},{"damage":1,"enemies":"Blue Slaver","floor":15,"turns":3},{"damage":0,"enemies":"downfall:Watcher","floor":16,"turns":5},{"damage":1,"enemies":"Spheric Guardian","floor":19,"turns":3},{"damage":2,"enemies":"downfall:FleeingMerchant","floor":20,"turns":4},{"damage":0,"enemies":"Chosen","floor":23,"turns":3},{"damage":1,"enemies":"Snake Plant","floor":25,"turns":4},{"damage":27,"enemies":"Sentry and Sphere","floor":26,"turns":7},{"damage":15,"enemies":"Shelled Parasite and Fungi","floor":28,"turns":3},{"damage":14,"enemies":"downfall:FleeingMerchant","floor":30,"turns":4},{"damage":2,"enemies":"Centurion and Healer","floor":31,"turns":3},{"damage":0,"enemies":"Chosen and Byrds","floor":32,"turns":4},{"damage":41,"enemies":"downfall:Ironclad","floor":33,"turns":4}],"seed_played":"-8730322854149787891","potions_obtained":[{"floor":6,"key":"DuplicationPotion"},{"floor":11,"key":"Swift Potion"},{"floor":12,"key":"Block Potion"},{"floor":13,"key":"SteroidPotion"},{"floor":16,"key":"Ancient Potion"},{"floor":25,"key":"SmokeBomb"},{"floor":28,"key":"SmokeBomb"},{"floor":31,"key":"Regen Potion"},{"floor":32,"key":"Strength Potion"}],"is_trial":false,"path_per_floor":["R","M","?","?","?","E","T","M","R","E","M","?","M","$","M","B",null,"R","M","$","R","?","M","T","M","M","R","M","?","$","M","M","B"],"character_chosen":"THE_SPIRIT","items_purchased":["hexamod:Incineration","hexamod:TimeOfNeed","Lantern","Anchor"],"campfire_rested":0,"item_purchase_floors":[14,20,30,30],"current_hp_per_floor":[70,70,70,70,70,70,70,70,70,67,67,56,56,56,55,55,70,80,79,77,77,77,77,77,76,49,49,34,34,20,18,18,0,0],"gold":357,"neow_bonus":"THREE_ENEMY_KILL","is_daily":false,"chose_seed":false,"campfire_upgraded":4,"win_rate":0.0,"timestamp":1608183214,"path_taken":["R","M","?","?","?","E","T","M","R","E","?","?","M","$","M","BOSS","R","M","$","R","?","M","T","M","?","R","M","?","$","M","M","BOSS"],"items_purchased_type":["Card","Card","Relic","Relic"],"build_version":"2020-12-13","purchased_purges":0,"victory":false,"max_hp_per_floor":[70,70,70,70,70,70,70,70,70,70,70,70,70,70,70,70,70,80,80,80,80,80,80,80,80,80,80,80,80,80,80,80,80,80],"card_choices":[{"not_picked":["hexamod:Incineration","hexamod:HauntingEcho"],"picked":"hexamod:GhostShield","floor":2},{"not_picked":["hexamod:HeatShield","hexamod:PhantomCloak"],"picked":"hexamod:SoulSteal","floor":6},{"not_picked":["hexamod:GhostOfSpirePast","hexamod:Incineration"],"picked":"hexamod:ThirdSeal","floor":8},{"not_picked":["hexamod:Firestarter","hexamod:GhostOfSpireFuture"],"picked":"hexamod:VolcanoVisage","floor":10},{"not_picked":["hexamod:RetreatToShadows","hexamod:AdvancingGuard"],"picked":"hexamod:GhostflameBarrier","floor":10},{"not_picked":["hexamod:GhostLash","hexamod:Rewind"],"picked":"hexamod:Hexaguard","floor":11},{"not_picked":["hexamod:SwordOfDarkness","hexamod:FastForward"],"picked":"hexamod:BurningTouch","floor":11},{"not_picked":["hexamod:Firestarter","hexamod:GhostflameBarrier"],"picked":"hexamod:SpectralSpark","floor":12},{"not_picked":["hexamod:NightmareGuise","hexamod:ShieldOfDarkness","hexamod:BacktrackSmack"],"picked":"SKIP","floor":13},{"not_picked":["hexamod:CatchUp","hexamod:CrushingStance"],"picked":"hexamod:BurningTouch","floor":14},{"not_picked":["hexamod:InspiringFlames","hexamod:SwordOfDarkness","hexamod:SpectralAdrenaline"],"picked":"SKIP","floor":14},{"not_picked":["hexamod:EtherealExpedition","hexamod:HauntingEcho"],"picked":"hexamod:ThermalTransfer","floor":15},{"not_picked":["hexamod:RadiantFlame","hexamod:Firestarter","hexamod:RainOfEmbers"],"picked":"SKIP","floor":15},{"not_picked":["hexamod:ApocalypticArmor","hexamod:SixthSeal"],"picked":"hexamod:UnlimitedPower","floor":16},{"not_picked":["hexamod:FirstSeal","hexamod:Firestarter+1","hexamod:GhostflameBarrier"],"picked":"SKIP","floor":19},{"not_picked":["hexamod:Firestarter+1","hexamod:GhostflameBarrier"],"picked":"hexamod:FirstSeal","floor":19},{"not_picked":["hexamod:BacktrackSmack","hexamod:Rewind","hexamod:GhostOfSpirePast"],"picked":"SKIP","floor":20},{"not_picked":["hexamod:FastForward","hexamod:NightmareGuise"],"picked":"hexamod:ThermalTransfer+1","floor":23},{"not_picked":["hexamod:BurningTouch","hexamod:Firestarter"],"picked":"hexamod:WildfireWeapon","floor":25},{"not_picked":["hexamod:ShieldOfDarkness","hexamod:BurningTouch"],"picked":"hexamod:WildfireWeapon","floor":26},{"not_picked":["hexamod:BurningTouch","hexamod:Haunt","hexamod:ThermalTransfer+1"],"picked":"SKIP","floor":26},{"not_picked":["hexamod:NightmareGuise","hexamod:BacktrackSmack"],"picked":"hexamod:SpectersWail","floor":28},{"not_picked":["hexamod:InspiringFlames+1","hexamod:UnleashSpirits","hexamod:AdvancingGuard"],"picked":"SKIP","floor":28},{"not_picked":["hexamod:ShieldOfDarkness+1","hexamod:ThermalTransfer"],"picked":"hexamod:EtherealExpedition","floor":30},{"not_picked":["hexamod:Hexaguard+1","hexamod:BurningTouch"],"picked":"hexamod:RecurringNightmare","floor":30},{"not_picked":["hexamod:SwordOfDarkness","hexamod:NightmareGuise"],"picked":"hexamod:RainOfEmbers+1","floor":31},{"not_picked":["hexamod:SpectersWail","hexamod:Firestarter"],"picked":"hexamod:GhostLash","floor":32},{"not_picked":["hexamod:ShieldOfDarkness","hexamod:AdvancingGuard","hexamod:NightmareStrike"],"picked":"SKIP","floor":32}],"player_experience":444463,"relics_obtained":[{"floor":6,"key":"Mercury Hourglass"},{"floor":10,"key":"Pen Nib"},{"floor":12,"key":"Smiling Mask"},{"floor":24,"key":"Ancient Tea Set"}],"event_choices":[{"damage_healed":0,"gold_gain":0,"player_choice":"Box","damage_taken":0,"relics_obtained":["Centennial Puzzle"],"max_hp_gain":0,"max_hp_loss":0,"event_name":"Big Fish","floor":3,"gold_loss":0,"cards_obtained":["Regret"]},{"cards_removed":["Regret"],"damage_healed":0,"gold_gain":0,"player_choice":"Card Removal","damage_taken":0,"max_hp_gain":0,"max_hp_loss":0,"event_name":"The Cleric","floor":5,"gold_loss":0},{"cards_removed":["hexamod:FirstSeal"],"damage_healed":0,"gold_gain":0,"player_choice":"Took Card","damage_taken":0,"max_hp_gain":0,"max_hp_loss":0,"event_name":"NoteForYourself","floor":22,"gold_loss":0,"cards_obtained":["Slimebound:Tackle"]}],"is_beta":false,"boss_relics":[{"not_picked":["Astrolabe","Fusion Hammer"],"picked":"expansioncontent:StudyCardRelic"}],"items_purged_floors":[],"is_endless":false,"potions_floor_spawned":[6,11,12,13,16,25,28,31,32],"killed_by":"downfall:Ironclad","ascension_level":0}}