{"host":"yplokfwlx8kpnt0a","time":1608215822,"event":{"mods":["2.2 Compatiblity","AchievementEnabler","Act Like it!","Aspiration","Astrologer","BaseMod","Beaked The Cultist","Better Altar","Better Match","Better Note","Better Sensory Stone","Better Skull","Better Synergies","Better Third Choice","BetterRewards","CCEM","ChefMod","Colored Powertips","Curses Come First","Downfall","Elementarium","Emptier Cage","Friendly Minions","Gensokyo","Googly Eyes","Hallownest","Hermit","Highlight Path","Hubris","Infinite Spire","JesterMod","Lobotomy","Menagerie","Mimic Mod","Minty Spire (QoL Compilation)","RNG Fix","Random Character Button","Rare Cards Sparkle","Relic Sorter","Replay The Spire","Retaliation","Robot Space Explorer","Shop Mod","Spicy Shops","Spikes Relics","StSLib","The Blue Laboratory","The Bug Knight","The Construct","The Cursed","The Forsaken","The Mystic","The Runesmith","TheVacant","Transform Curses","Wandering Minibosses"],"gold_per_floor":[28,28,109,109,109,42,65,100,91,16,44,62,78,22,49,151,151,76,115,115,75,90,90,90,81,102,136,895,895,914,923,937,1046,1046,971,983,983,907,937,1428,1428,1506,1551,1581,1000,1025,1025,1103,1135,1261,1261,1261,1286,815,424,439,439,462,488,488,511,522,524,551,557,573,664,664,664,172,265,286,286,301,351,343,343,343,345,351,184,190,189,276,276,0,22,22,22,36,54,81,81,104,132,147,176,199,206,215,318,318,318],"floor_reached":102,"playtime":15875,"items_purged":["Writhe","Replay:SS_fish_3","Hallownest:skillKingdomsEdgeMap"],"score":2592,"play_id":"f9e9779f-311c-4e25-b88d-796fc7ceb286","local_time":"20201217073702","is_ascension_mode":false,"campfire_choices":[{"floor":1,"key":"REST"},{"data":"champ:Taunt","floor":1,"key":"SMITH"},{"floor":5,"key":"REST"},{"data":"champ:Encircle","floor":5,"key":"SMITH"},{"data":"champ:ArenaPreparation","floor":10,"key":"SMITH"},{"floor":20,"key":"REST"},{"floor":20,"key":"RECALL"},{"data":"champ:EndlessRage","floor":37,"key":"SMITH"},{"floor":60,"key":"REST"},{"data":"champ:PerfectForm","floor":60,"key":"SMITH"},{"data":"infinitespire:Execution","floor":93,"key":"SMITH"}],"circlet_count":0,"master_deck":["champ:Strike","champ:Strike","champ:Strike","champ:Strike","champ:Defend","champ:Defend","champ:Execute","champ:Taunt+1","champ:AdrenalArmor","champ:Encircle+1","champ:EndlessRage","champ:PerfectedStrike","champ:FocusedBerserking","champ:Lariat","champ:LastStand","champ:DeathBlow","champ:ArenaPreparation+1","champ:HeartStrike","champ:BerserkersShout","champ:EnragedBash","champ:CalledShot+1","champ:RecklessLeap","champ:MurderStrike","champ:EndlessRage+1","champ:BladeFlurry","champ:FocusedBerserking","champ:PerfectForm+1","champ:MurderStrike","champ:FanOfKnives","champ:RapidStrikes","champ:HoldFirm","champ:VampiricStrike","champ:DefensiveShout","champ:BladeFlurry","champ:Lariat","champ:CheapShot+1","champ:Circumvent","champ:EnGarde","J.A.X.","Slimebound:CheckThePlaybook","infinitespire:Execution+1","infinitespire:UltimateForm+1","champ:FightOn"],"relics":["champ:ChampionCrown","MerchantsRug","CCEMRelics:SpiritsEdge","infinitespire:Magic Flask","Centennial Puzzle","Gensokyo:OccultBall","hubris:Towel","Orichalcum","Replay:Wax Seal","downfall:HeartBlessingGreen","Black Star","downfall:HeartBlessingBlue","hubris:Icosahedron","infinitespire:FocusingShard","infinitespire:ShieldingShard","WingedGreaves","Guardian:PocketSentry","wanderingMiniBosses:MasterThiefsPresence","Nilry\u0027s Codex","Durian","construct:ClawGrip","downfall:HeartBlessingRed","CCEMRelics:WarHorn","infinitespire:Midas Blood","Replay:WaspNest","Bottled Tornado","aspiration:FrozenJewel","Bottled Lightning","Frozen Egg 2","Ancient Tea Set","Replay:Lucky Slots","LugNut","theForsaken:Lifeblossom","aspiration:AnachronicSnailShell","hubris:GrandSneckoEye","Juzu Bracelet","infinitespire:CheckeredPen","jesterMod:MirrorMask","HollowMod:StagPassRelic","Omamori","infinitespire:Lucky Rock","Counterbalance","CCEMRelics:WhiteRose","Blue Doll","CCEMRelics:PorcelainBowl","Sandwich","Mummified Hand","infinitespire:Joker Card","MutagenicStrength","Ice Cream","hubris:SphereOfDissonance","Quantum Egg","Nunchaku","theForsaken:Gavel","hubris:SlimyHat","hubris:RunicObelisk","Elementarium:GoldenMirage","Rawhide","PreservedInsect","Runesmith:AutoHammer","Replay:Bandana","Guardian:GemstoneGun","champ:DefensiveTrainingManual","SacredBark"],"acts_visited":["Gensokyo:Gensokyo","TheCity","Hallownest:KingdomsEdge","Gensokyo:Gensokyo","TheCity","TheBeyond","Hallownest:Greenpath"],"potions_floor_usage":[16,16,21,21,26,32,33,36,39,50,67],"damage_taken":[{"damage":4,"enemies":"Gensokyo:Python","floor":3,"turns":2},{"damage":19,"enemies":"downfall:FleeingMerchant","floor":6,"turns":4},{"damage":23,"enemies":"Gensokyo:2_Kodama","floor":7,"turns":7},{"damage":48,"enemies":"Gensokyo:Cirno","floor":8,"turns":7},{"damage":23,"enemies":"downfall:FleeingMerchant","floor":9,"turns":4},{"damage":57,"enemies":"Gensokyo:2_Kodama","floor":11,"turns":3},{"damage":25,"enemies":"Gensokyo:3_Fairies","floor":12,"turns":4},{"damage":49,"enemies":"Gensokyo:2_Rabbits","floor":13,"turns":6},{"damage":69,"enemies":"downfall:FleeingMerchant","floor":14,"turns":4},{"damage":35,"enemies":"Gensokyo:VengefulSpirit","floor":15,"turns":3},{"damage":82,"enemies":"downfall:Silent","floor":16,"turns":8},{"damage":112,"enemies":"Slavers","floor":19,"turns":6},{"damage":74,"enemies":"Spheric Guardian","floor":21,"turns":5},{"damage":48,"enemies":"Shell Parasite","floor":22,"turns":4},{"damage":92,"enemies":"downfall:FleeingMerchant","floor":25,"turns":4},{"damage":35,"enemies":"Sentry and Sphere","floor":26,"turns":4},{"damage":18,"enemies":"Replay:Snechameleon","floor":27,"turns":2},{"damage":53,"enemies":"Shelled Parasite and Fungi","floor":28,"turns":5},{"damage":0,"enemies":"Snake Plant","floor":30,"turns":1},{"damage":33,"enemies":"Centurion and Healer","floor":32,"turns":4},{"damage":49,"enemies":"downfall:Defect","floor":33,"turns":6},{"damage":56,"enemies":"Hallownest:Shield_Heavy","floor":36,"turns":5},{"damage":157,"enemies":"Nightmare","floor":39,"turns":8},{"damage":64,"enemies":"Hallownest:2_Littles","floor":40,"turns":4},{"damage":68,"enemies":"Hallownest:eliteCollector","floor":42,"turns":6},{"damage":35,"enemies":"Hallownest:StalkingDevout","floor":43,"turns":3},{"damage":32,"enemies":"Hallownest:StalkingDevout","floor":44,"turns":2},{"damage":12,"enemies":"downfall:FleeingMerchant","floor":45,"turns":1},{"damage":31,"enemies":"Hallownest:monsterPrimalAspid","floor":46,"turns":1},{"damage":27,"enemies":"Hallownest:2_Primals","floor":48,"turns":1},{"damage":20,"enemies":"Hallownest:Shield_Sturdy","floor":49,"turns":1},{"damage":49,"enemies":"downfall:Ironclad","floor":50,"turns":2},{"damage":0,"enemies":"Gensokyo:Aya","floor":53,"turns":1},{"damage":15,"enemies":"Gensokyo:3_Fairies","floor":56,"turns":2},{"damage":53,"enemies":"Nightmare","floor":59,"turns":2},{"damage":8,"enemies":"Gensokyo:Aya","floor":61,"turns":1},{"damage":0,"enemies":"Gensokyo:Python","floor":62,"turns":1},{"damage":12,"enemies":"Gensokyo:Gryphon","floor":66,"turns":1},{"damage":57,"enemies":"Gensokyo:Reimu","floor":67,"turns":2},{"damage":0,"enemies":"downfall:Augmenter","floor":71,"turns":1},{"damage":0,"enemies":"Book of Stabbing","floor":72,"turns":1},{"damage":11,"enemies":"Slavers","floor":74,"turns":2},{"damage":5,"enemies":"3 Byrds","floor":76,"turns":2},{"damage":0,"enemies":"Snake Plant","floor":80,"turns":1},{"damage":0,"enemies":"Centurion and Healer","floor":82,"turns":1},{"damage":5,"enemies":"Chosen and Byrds","floor":83,"turns":1},{"damage":28,"enemies":"Automaton","floor":84,"turns":1},{"damage":18,"enemies":"3 Shapes","floor":87,"turns":1},{"damage":0,"enemies":"Orb Walker","floor":89,"turns":1},{"damage":35,"enemies":"Spire Growth","floor":90,"turns":1},{"damage":24,"enemies":"Nightmare","floor":91,"turns":1},{"damage":68,"enemies":"Transient","floor":94,"turns":1},{"damage":22,"enemies":"beaked:SuperParasite","floor":95,"turns":1},{"damage":0,"enemies":"Jaw Worm Horde","floor":96,"turns":1},{"damage":17,"enemies":"Maw","floor":97,"turns":1},{"damage":0,"enemies":"Writhing Mass","floor":99,"turns":1},{"damage":26,"enemies":"Sphere and 2 Shapes","floor":100,"turns":1},{"damage":9,"enemies":"infinitespire:MassOfShapes","floor":101,"turns":1}],"seed_played":"-4319337664556050737","potions_obtained":[{"floor":11,"key":"blueLaboratory:RememoryPotion"},{"floor":12,"key":"blueLaboratory:BubblePotion"},{"floor":15,"key":"blueLaboratory:BubblePotion"},{"floor":16,"key":"FearPotion"},{"floor":19,"key":"DDmod:CleansePotion"},{"floor":28,"key":"construct:ShiftPotion"},{"floor":30,"key":"Dexterity Potion"},{"floor":32,"key":"blueLaboratory:BottleOfVodka"},{"floor":36,"key":"champ:CounterPotion"},{"floor":44,"key":"Energy Potion"},{"floor":46,"key":"blueLaboratory:BottledHope"},{"floor":48,"key":"blueLaboratory:PyrophylliteBrew"},{"floor":53,"key":"DuplicationPotion"},{"floor":62,"key":"Toxic Potion"},{"floor":66,"key":"blueLaboratory:BubblePotion"},{"floor":67,"key":"Block Potion"},{"floor":74,"key":"Strength Potion"},{"floor":80,"key":"Adrenaline Potion"}],"is_trial":false,"path_per_floor":["R","?","M","?","R","$","MIM","E","$","R","M","M","M","$","M","B",null,"R","E","R","M","M","?","T","$","M","E","M","?","M","?","M","B",null,"R","M","R","?","NM","M","T","E","E","R","$","M","?","?","M","B",null,"R","E","$","$","M","$","T","NM","R","E","M","?","T","?","M","B",null,"R","$","?","E","R","E","T","M","?","R","?","M","$","M","M","B",null,"R","M","?","M","M","NM","T","R","M","E","M","M","?","M","M","B",null],"character_chosen":"THE_CHAMP","items_purchased":["MerchantsRug","CCEMRelics:SpiritsEdge","Centennial Puzzle","champ:AdrenalArmor","champ:Encircle","champ:EnragedBash","Replay:SS_fish_3","champ:FocusedBerserking","champ:ArenaPreparation","champ:CalledShot+1","champ:PerfectForm","Frozen Egg 2","Ancient Tea Set","Replay:Lucky Slots","LugNut","theForsaken:Lifeblossom","infinitespire:CheckeredPen","jesterMod:MirrorMask","champ:BladeFlurry","BargainBundle","Fire Potion","champ:OpenerPotion","blueLaboratory:Moonshine","blueLaboratory:BottledHope","HollowMod:StagPassRelic","CCEMRelics:HistoryBook","CCEMRelics:WrappedPresent","Mummified Hand","theForsaken:Gavel","hubris:SlimyHat"],"campfire_rested":4,"item_purchase_floors":[0,0,0,0,0,0,0,6,9,14,25,45,45,45,45,45,54,54,54,55,55,55,55,55,55,70,70,70,81,81],"current_hp_per_floor":[76,76,76,76,90,87,90,90,90,90,89,90,90,90,87,95,95,105,55,86,105,105,105,105,61,55,65,76,60,60,65,79,107,110,110,110,110,110,86,62,62,86,101,100,110,110,105,105,105,110,110,110,110,110,110,110,110,110,110,110,110,110,88,88,53,77,110,110,110,115,115,115,115,122,122,122,122,122,80,80,80,95,112,122,122,122,122,122,122,122,122,122,122,122,122,122,122,122,122,122,122,122,122],"gold":318,"neow_bonus":"","is_daily":false,"chose_seed":false,"campfire_upgraded":6,"win_rate":0.0,"timestamp":1608215822,"path_taken":["R","?","M","?","R","$","MIM","E","$","R","M","?","M","$","M","BOSS","R","E","R","M","M","?","T","$","M","E","M","?","?","?","M","BOSS","R","M","R","?","NM","M","T","E","E","R","$","M","?","?","M","BOSS","R","E","?","$","M","?","T","NM","R","E","M","?","?","?","M","BOSS","R","?","?","E","R","E","T","M","?","R","?","M","$","M","M","BOSS","R","M","?","M","M","NM","T","R","M","E","M","M","?","M","M","BOSS"],"items_purchased_type":["Relic","Relic","Relic","Card","Card","Card","Card","Card","Card","Card","Card","Relic","Relic","Relic","Relic","Relic","Relic","Relic","Card","Relic","Potion","Potion","Potion","Potion","Relic","Relic","Relic","Relic","Relic","Relic"],"build_version":"2020-12-13","purchased_purges":3,"victory":false,"max_hp_per_floor":[90,90,90,90,90,90,90,90,90,90,90,90,90,90,90,95,95,105,105,105,105,105,105,105,105,105,105,105,105,105,110,110,110,110,110,110,110,110,110,110,110,110,110,110,110,110,105,105,105,110,110,110,110,110,110,110,110,110,110,110,110,110,110,110,110,110,110,110,110,115,115,115,115,122,122,122,122,122,122,122,122,122,122,122,122,122,122,122,122,122,122,122,122,122,122,122,122,122,122,122,122,122,122],"card_choices":[{"not_picked":["champ:GladiatorsShout","champ:HeartStrike"],"picked":"champ:EndlessRage","floor":3},{"not_picked":["champ:BladeFlurry","champ:EnragedBash"],"picked":"champ:PerfectedStrike","floor":6},{"not_picked":["champ:FanOfKnives","champ:RecklessLeap"],"picked":"champ:Lariat","floor":7},{"not_picked":["champ:FalseCounter","champ:EndlessRage"],"picked":"champ:LastStand","floor":8},{"not_picked":["champ:FalseCounter","champ:DefensiveShout"],"picked":"champ:DeathBlow","floor":9},{"not_picked":["champ:EndlessRage","champ:DefensiveShout"],"picked":"champ:HeartStrike","floor":11},{"not_picked":["champ:BladeFlurry","champ:PerfectedStrike"],"picked":"champ:BerserkersShout","floor":12},{"not_picked":["champ:HoldFirm","champ:FanOfKnives"],"picked":"champ:FightOn","floor":13},{"not_picked":["champ:TornadoPunch","champ:FlashCut"],"picked":"champ:EnragedBash","floor":14},{"not_picked":["champ:Circumvent","champ:TornadoPunch"],"picked":"champ:RecklessLeap","floor":15},{"not_picked":["champ:SwordThrow","champ:IgnorePain"],"picked":"champ:MurderStrike","floor":16},{"not_picked":["champ:EnGarde","champ:FocusedBerserking"],"picked":"champ:EndlessRage","floor":19},{"not_picked":["champ:BerserkersShout","champ:CrookedStrike+1"],"picked":"champ:BladeFlurry","floor":21},{"not_picked":["champ:AdrenalArmor","champ:GladiatorsShout"],"picked":"champ:FocusedBerserking","floor":22},{"not_picked":["champ:Backstep+1","champ:BerserkersShout"],"picked":"champ:StanceDance","floor":25},{"not_picked":["champ:PreciseThrust","champ:StanceDance"],"picked":"champ:MurderStrike","floor":26},{"not_picked":["champ:BerserkersShout","champ:RecklessLeap"],"picked":"champ:FanOfKnives","floor":27},{"not_picked":["champ:ArenaPreparation","champ:Haymaker"],"picked":"champ:RapidStrikes","floor":28},{"not_picked":["champ:Duel","champ:CrownThrow","champ:ViciousMockery"],"picked":"SKIP","floor":30},{"not_picked":["champ:RecklessLeap","champ:FanOfKnives","champ:HeartStrike"],"picked":"SKIP","floor":32},{"not_picked":["champ:LastStand","champ:CrownThrow"],"picked":"champ:HoldFirm","floor":33},{"not_picked":["champ:StanceDance","champ:FanOfKnives+1","champ:BerserkersShout"],"picked":"SKIP","floor":36},{"not_picked":["champ:GladiatorsShout+1","champ:AdrenalArmor","champ:Shatter"],"picked":"SKIP","floor":39},{"not_picked":["champ:DefensiveShout","champ:ViciousMockery","champ:CrookedStrike+1"],"picked":"SKIP","floor":40},{"not_picked":["champ:TornadoPunch+1","champ:PerfectedStrike"],"picked":"champ:FightOn","floor":42},{"not_picked":["champ:DeathBlow+1","champ:StanceDance","champ:FanOfKnives"],"picked":"SKIP","floor":43},{"not_picked":["champ:PerfectedStrike+1","champ:MurderStrike","champ:RecklessLeap"],"picked":"SKIP","floor":44},{"not_picked":["champ:FlashCut+1","champ:FanOfKnives+1","champ:ViciousMockery+1"],"picked":"SKIP","floor":45},{"not_picked":["champ:AdrenalArmor","champ:Circumvent+1","champ:TornadoPunch+1"],"picked":"SKIP","floor":46},{"not_picked":["champ:ViciousMockery+1","champ:SteelEdge","champ:DefensiveShout+1"],"picked":"SKIP","floor":49},{"not_picked":["champ:HoldFirm","champ:PerfectForm+1"],"picked":"champ:VampiricStrike","floor":50},{"not_picked":["champ:DeathBlow","champ:Haymaker","champ:BerserkersShout"],"picked":"SKIP","floor":53},{"not_picked":["champ:GladiatorsShout","champ:CrookedStrike","champ:BladeFlurry"],"picked":"SKIP","floor":56},{"not_picked":["champ:GladiatorsShout","champ:SkillfulDodge","champ:DefensiveShout"],"picked":"SKIP","floor":59},{"not_picked":["champ:BladeFlurry","champ:HeartStrike"],"picked":"champ:Lariat","floor":61},{"not_picked":["champ:FlashCut","champ:Encircle","champ:Backstep"],"picked":"SKIP","floor":62},{"not_picked":["champ:GladiatorsShout","champ:ViciousMockery","champ:HeartStrike"],"picked":"SKIP","floor":66},{"not_picked":["champ:CrownThrow","champ:HeavySlash"],"picked":"champ:CheapShot","floor":67},{"not_picked":[],"picked":"J.A.X.","floor":71},{"not_picked":["champ:ShieldWall+1","champ:DeathBlow+1","champ:Haymaker"],"picked":"SKIP","floor":72},{"not_picked":["champ:FanOfKnives","champ:Circumvent+1","champ:PerfectedStrike"],"picked":"SKIP","floor":74},{"not_picked":["champ:CrookedStrike","champ:FanOfKnives","champ:FalseCounter"],"picked":"SKIP","floor":76},{"not_picked":["champ:BerserkersShout","champ:Haymaker","champ:GladiatorStyle+1"],"picked":"SKIP","floor":80},{"not_picked":["champ:PerfectedStrike","champ:HeartStrike","champ:FlashCut"],"picked":"SKIP","floor":82},{"not_picked":["champ:EnragedBash+1","champ:FlashCut","champ:BringItOn"],"picked":"SKIP","floor":83},{"not_picked":["ReplayTheSpireMod:Book of Names","hubris:InfiniteBlow+2"],"picked":"infinitespire:Execution","floor":84},{"not_picked":["champ:BladeFlurry","champ:BerserkersShout","champ:BerserkerStyle+1"],"picked":"SKIP","floor":87},{"not_picked":["champ:GladiatorsShout","champ:ShieldWall+1","champ:FocusedGladiator"],"picked":"SKIP","floor":89},{"not_picked":["champ:Backstep","champ:ShieldThrow","champ:RecklessLeap+1"],"picked":"SKIP","floor":90},{"not_picked":["hubris:InfiniteBlow+2","ReplayTheSpireMod:??????????????????????"],"picked":"infinitespire:UltimateForm","floor":91},{"not_picked":["champ:HoldFirm","champ:StrikeOfGenius+1","champ:Haymaker"],"picked":"SKIP","floor":91},{"not_picked":["champ:Riposte","champ:CrookedStrike","champ:PerfectedStrike+1"],"picked":"SKIP","floor":94},{"not_picked":["champ:Backstep+1","champ:BladeFlurry+1","champ:FanOfKnives+1"],"picked":"SKIP","floor":95},{"not_picked":["champ:RapidStrikes","champ:CalledShot+1","champ:BerserkersShout+1"],"picked":"SKIP","floor":96},{"not_picked":["champ:SkillfulDodge","champ:PerfectedStrike+1","champ:Circumvent+1"],"picked":"SKIP","floor":97},{"not_picked":["champ:Haymaker","champ:AdrenalArmor"],"picked":"champ:FightOn","floor":99},{"not_picked":["champ:DefensiveShout","champ:Circumvent+1","champ:EnGarde+1"],"picked":"SKIP","floor":100}],"player_experience":554698,"relics_obtained":[{"floor":7,"key":"CeramicFish"},{"floor":7,"key":"Orichalcum"},{"floor":8,"key":"Replay:Wax Seal"},{"floor":11,"key":"Gensokyo:OccultBall"},{"floor":16,"key":"Gensokyo:OccultBall"},{"floor":19,"key":"infinitespire:FocusingShard"},{"floor":19,"key":"infinitespire:ShieldingShard"},{"floor":24,"key":"Regal Pillow"},{"floor":27,"key":"Gensokyo:OccultBall"},{"floor":27,"key":"WingedGreaves"},{"floor":27,"key":"Guardian:PocketSentry"},{"floor":28,"key":"wanderingMiniBosses:MasterThiefsPresence"},{"floor":29,"key":"Nilry\u0027s Codex"},{"floor":32,"key":"Gensokyo:OccultBall"},{"floor":33,"key":"Gensokyo:OccultBall"},{"floor":39,"key":"CCEMRelics:WarHorn"},{"floor":39,"key":"hubris:MedicalManual"},{"floor":41,"key":"infinitespire:Midas Blood"},{"floor":42,"key":"Gensokyo:OccultBall"},{"floor":42,"key":"Replay:WaspNest"},{"floor":42,"key":"Bottled Tornado"},{"floor":43,"key":"aspiration:FrozenJewel"},{"floor":43,"key":"Bottled Lightning"},{"floor":44,"key":"Gensokyo:OccultBall"},{"floor":48,"key":"aspiration:AnachronicSnailShell"},{"floor":53,"key":"Juzu Bracelet"},{"floor":53,"key":"GiantMaggot"},{"floor":58,"key":"aspiration:ChemicalBlood"},{"floor":59,"key":"Omamori"},{"floor":59,"key":"infinitespire:Lucky Rock"},{"floor":61,"key":"Counterbalance"},{"floor":61,"key":"CCEMRelics:WhiteRose"},{"floor":64,"key":"CCEMRelics:PorcelainBowl"},{"floor":70,"key":"infinitespire:Joker Card"},{"floor":71,"key":"MutagenicStrength"},{"floor":72,"key":"Ice Cream"},{"floor":72,"key":"hubris:SphereOfDissonance"},{"floor":74,"key":"Strawberry"},{"floor":74,"key":"Quantum Egg"},{"floor":75,"key":"Nunchaku"},{"floor":91,"key":"Rawhide"},{"floor":91,"key":"PreservedInsect"},{"floor":92,"key":"Runesmith:AutoHammer"},{"floor":95,"key":"Replay:Bandana"},{"floor":95,"key":"Guardian:GemstoneGun"},{"floor":98,"key":"champ:DefensiveTrainingManual"}],"event_choices":[{"damage_healed":0,"gold_gain":0,"player_choice":"Ignored","damage_taken":0,"max_hp_gain":0,"max_hp_loss":0,"event_name":"Vampires","floor":23,"gold_loss":0},{"damage_healed":0,"gold_gain":0,"player_choice":"Upgraded","damage_taken":0,"max_hp_gain":0,"max_hp_loss":0,"event_name":"Upgrade Shrine","floor":77,"gold_loss":0,"cards_upgraded":["champ:CheapShot"]},{"damage_healed":0,"gold_gain":0,"player_choice":"Offer","damage_taken":0,"relics_obtained":["Elementarium:GoldenMirage"],"max_hp_gain":0,"max_hp_loss":0,"event_name":"Elementarium:ChestOfTheGoldenMirage","floor":86,"gold_loss":276},{"cards_removed":["champ:FocusedBerserking"],"damage_healed":0,"gold_gain":0,"player_choice":"Purged","damage_taken":0,"max_hp_gain":0,"max_hp_loss":0,"event_name":"Purifier","floor":88,"gold_loss":0}],"is_beta":false,"boss_relics":[{"not_picked":["aspiration:RitualDagger","hubris:Backtick"],"picked":"Black Star"},{"not_picked":["Replay:Drink Me","ReplayTheSpireMod:SealedPack"],"picked":"construct:ClawGrip"},{"not_picked":["Snecko Eye","CCEMRelics:TransientCore"],"picked":"hubris:GrandSneckoEye"},{"not_picked":["aspiration:RunicSpoon","Astrolabe"],"picked":"Sandwich"},{"not_picked":["beaked:SacredDeck","hubris:BlackHole"],"picked":"hubris:RunicObelisk"},{"not_picked":["hubris:VirtuousBlindfold","Pandora\u0027s Box"],"picked":"SacredBark"}],"items_purged_floors":[45,45,55],"is_endless":true,"potions_floor_spawned":[11,12,15,16,19,28,30,32,36,44,46,48,53,56,62,66,74,80,82,83,87,89,96,97,99,101],"ascension_level":0}}