{"host":"utqe55yv0jihe4d6","time":1608232852,"event":{"mods":["2.2 Compatiblity","AchievementEnabler","BaseMod","Block Reminder","Colored Map","Colored Powertips","Minty Spire (QoL Compilation)","Quick Restart","Rare Cards Sparkle","Relic Stats","SuperFastMode"],"gold_per_floor":[111,111,122,122,142,142,160,6,6,18,31,47,66,80,80,80,80],"floor_reached":16,"playtime":514,"items_purged":["Pain"],"score":196,"play_id":"98771af2-9e00-451b-bc92-adf6f9b21f92","local_time":"20201217142052","is_ascension_mode":true,"campfire_choices":[{"data":"Neutralize","floor":6.0,"key":"SMITH"},{"data":"Noxious Fumes","floor":15,"key":"SMITH"}],"circlet_count":0,"master_deck":["AscendersBane","Strike_G","Strike_G","Strike_G","Strike_G","Strike_G","Defend_G","Defend_G","Defend_G","Defend_G","Defend_G","Survivor","Neutralize+1","CurseOfTheBell","Deadly Poison","Poisoned Stab","Noxious Fumes+1","Cloak And Dagger","Dash","Flying Knee"],"relics":["Calling Bell","Toy Ornithopter","Gremlin Horn","FossilizedHelix","WarpedTongs"],"acts_visited":["Exordium"],"potions_floor_usage":[13,14,16],"damage_taken":[{"damage":0.0,"enemies":"Jaw Worm","floor":1.0,"turns":4.0},{"damage":4.0,"enemies":"Small Slimes","floor":3.0,"turns":5.0},{"damage":0.0,"enemies":"Cultist","floor":5.0,"turns":3.0},{"damage":41.0,"enemies":"Gremlin Gang","floor":7.0,"turns":5.0},{"damage":0,"enemies":"2 Fungi Beasts","floor":10,"turns":4},{"damage":0,"enemies":"Blue Slaver","floor":11,"turns":4},{"damage":0,"enemies":"3 Louse","floor":12,"turns":3},{"damage":4,"enemies":"Gremlin Gang","floor":13,"turns":6},{"damage":15,"enemies":"Exordium Thugs","floor":14,"turns":5},{"damage":26,"enemies":"Hexaghost","floor":16,"turns":9}],"seed_played":"2761335485823677385","potions_obtained":[{"floor":1.0,"key":"Weak Potion"},{"floor":5.0,"key":"Swift Potion"},{"floor":13,"key":"Weak Potion"},{"floor":14,"key":"BlessingOfTheForge"}],"is_trial":false,"path_per_floor":["M","?","M","?","M","R","M","$","T","M","M","M","M","M","R","B"],"character_chosen":"THE_SILENT","items_purchased":["Regen Potion"],"campfire_rested":0,"item_purchase_floors":[8],"current_hp_per_floor":[59,59,55,55,55,55,14,14,14,14,14,14,30,20,20,0,0],"gold":80,"neow_bonus":"BOSS_RELIC","is_daily":false,"chose_seed":false,"campfire_upgraded":2,"win_rate":0.0,"timestamp":1608232852,"path_taken":["M","?","M","?","?","R","M","$","T","M","M","M","?","M","R","BOSS"],"items_purchased_type":["Potion"],"build_version":"2020-12-13","purchased_purges":1,"victory":false,"max_hp_per_floor":[66,66,66,66,66,66,66,66,66,66,66,66,66,66,66,66,66],"relic_stats":{"Gremlin Horn":[10,10],"counters":[10,48],"obtain_stats":[{"Calling Bell":0,"Gremlin Horn":0,"Toy Ornithopter":0,"FossilizedHelix":0,"Ring of the Snake":0,"WarpedTongs":4},{"Calling Bell":0,"Gremlin Horn":0,"Toy Ornithopter":0,"FossilizedHelix":0,"Ring of the Snake":0,"WarpedTongs":2},{"Calling Bell":0,"Gremlin Horn":0,"Toy Ornithopter":0,"FossilizedHelix":0,"Ring of the Snake":0,"WarpedTongs":9}],"Toy Ornithopter":15,"WarpedTongs":[38]},"card_choices":[{"not_picked":["Cloak And Dagger","Slice"],"picked":"Deadly Poison","floor":1.0},{"not_picked":["Deadly Poison","Slice"],"picked":"Poisoned Stab","floor":3.0},{"not_picked":["Calculated Gamble","Dagger Throw"],"picked":"Noxious Fumes","floor":5.0},{"not_picked":["Slice","Blade Dance"],"picked":"Cloak And Dagger","floor":7.0},{"not_picked":["Underhanded Strike","Cloak And Dagger","Deadly Poison"],"picked":"SKIP","floor":10},{"not_picked":["Setup","Dodge and Roll","Outmaneuver"],"picked":"SKIP","floor":11},{"not_picked":["Calculated Gamble","Riddle With Holes"],"picked":"Dash","floor":12},{"not_picked":["Underhanded Strike","Concentrate","Dash"],"picked":"SKIP","floor":13},{"not_picked":["Concentrate","Calculated Gamble"],"picked":"Flying Knee","floor":14}],"player_experience":2787281,"relics_obtained":[{"floor":0.0,"key":"Toy Ornithopter"},{"floor":0.0,"key":"Gremlin Horn"},{"floor":0.0,"key":"FossilizedHelix"}],"event_choices":[{"damage_healed":0.0,"max_hp_gain":0.0,"max_hp_loss":0.0,"gold_gain":0.0,"event_name":"Liars Game","player_choice":"Ignored","floor":2.0,"gold_loss":0.0,"damage_taken":0.0},{"damage_healed":0.0,"max_hp_gain":0.0,"max_hp_loss":0.0,"gold_gain":0.0,"event_name":"Accursed Blacksmith","player_choice":"Rummage","floor":4.0,"gold_loss":0.0,"damage_taken":0.0,"relics_obtained":["WarpedTongs"],"cards_obtained":["Pain"]}],"is_beta":false,"boss_relics":[],"items_purged_floors":[8],"is_endless":false,"potions_floor_spawned":[1,5,13,14],"killed_by":"Hexaghost","ascension_level":20}}