{"host":"nez9oevwwftwepnc","time":1608187727,"event":{"mods":["AchievementEnabler","Astrologer","BaseMod","Beaked The Cultist","Better Third Choice","Colored Map","Colored Powertips","Conspire","Downfall","Energized Spire","Hermit","Infinite Spire","Mathematician","Minty Spire (QoL Compilation)","Permanent Neow","Quick Restart","Random Character Mod","Shop Mod","Spikes Relics","StSLib","The Bug Knight","The Hayseed","The Hierophant","The Mystic","The Necromancer","The Runesmith","The Senshi","The Wild Card","TheArtist","slay the spire mod where everything is the same but ironclad has a cowboy hat","thorton","vexMod"],"gold_per_floor":[113,188,200,212,226,261,54,54,54],"floor_reached":8,"playtime":682,"items_purged":["Defend_R"],"score":67,"play_id":"b74528bd-ac92-43e6-82d9-625e71576772","local_time":"20201217014847","is_ascension_mode":true,"campfire_choices":[],"circlet_count":0,"master_deck":["Strike_R","Strike_R","Defend_R","Defend_R","Defend_R","Bash","Iron Wave","conspire:Purge","Cleave","Warcry","Clash"],"relics":["Burning Blood","Shovel","Girya","Membership Card"],"acts_visited":["Exordium"],"potions_floor_usage":[7,8,8],"damage_taken":[{"damage":4,"enemies":"Jaw Worm","floor":1,"turns":7},{"damage":4,"enemies":"Small Slimes","floor":3,"turns":3},{"damage":6,"enemies":"Cultist","floor":4,"turns":4},{"damage":14,"enemies":"Blue Slaver","floor":5,"turns":6},{"damage":38,"enemies":"Gremlin Nob","floor":6,"turns":5},{"damage":28,"enemies":"3 Sentries","floor":8,"turns":6}],"seed_played":"-1416698258691256460","potions_obtained":[{"floor":3,"key":"Explosive Potion"},{"floor":4,"key":"EssenceOfSteel"},{"floor":6,"key":"Block Potion"}],"is_trial":false,"path_per_floor":["M","?","M","M","M","E","$","E"],"character_chosen":"IRONCLAD","items_purchased":["Membership Card","BloodPotion"],"campfire_rested":0,"item_purchase_floors":[7,7],"current_hp_per_floor":[58,47,49,49,41,9,25,0,0],"gold":54,"neow_bonus":"ONE_RARE_RELIC","is_daily":false,"chose_seed":false,"campfire_upgraded":0,"win_rate":0.0,"timestamp":1608187727,"path_taken":["M","?","M","M","M","E","$","E"],"items_purchased_type":["Relic","Potion"],"build_version":"2020-12-13","purchased_purges":1,"victory":false,"max_hp_per_floor":[80,80,80,80,80,80,80,80,80],"card_choices":[{"not_picked":["Heavy Blade","Fire Breathing"],"picked":"Iron Wave","floor":1},{"not_picked":["Pommel Strike","Warcry"],"picked":"conspire:Purge","floor":3},{"not_picked":["Heavy Blade","Shrug It Off"],"picked":"Cleave","floor":4},{"not_picked":["Havoc","Body Slam"],"picked":"Warcry","floor":5},{"not_picked":["Clothesline","Flex"],"picked":"Clash","floor":6}],"player_experience":505342,"relics_obtained":[{"floor":6,"key":"Girya"}],"event_choices":[{"damage_healed":0,"gold_gain":75,"player_choice":"Gold","damage_taken":11,"max_hp_gain":0,"max_hp_loss":0,"event_name":"betterThird:BetterGoop","floor":2,"gold_loss":0}],"is_beta":false,"boss_relics":[],"items_purged_floors":[7],"is_endless":false,"potions_floor_spawned":[3,4,6],"killed_by":"3 Sentries","ascension_level":3}}