{"host":"cpokje45u5l0nisu","time":1608230920,"event":{"mods":["AchievementEnabler","BaseMod","Minty Spire (QoL Compilation)","StSLib"],"gold_per_floor":[119,129,129,143,153,153,153,171,197,197,197,210,210,239,239,334,334,334,86,11,11,11,11,11,11,11,11,11,11,11,11,11,11,11,11,11,11,11,11,11,11],"floor_reached":40,"playtime":2401,"items_purged":[],"score":458,"play_id":"e3593788-2aa7-4a69-8857-37a2ad8972a0","local_time":"20201217114840","is_ascension_mode":false,"campfire_choices":[{"data":"Limit Break","floor":6.0,"key":"SMITH"},{"data":"Flex","floor":11.0,"key":"SMITH"},{"data":"Flex","floor":13.0,"key":"SMITH"},{"data":"Armaments","floor":15.0,"key":"SMITH"},{"floor":23,"key":"REST"},{"floor":25,"key":"REST"},{"data":"Demon Form","floor":28,"key":"SMITH"},{"floor":30,"key":"REST"},{"floor":32,"key":"REST"}],"circlet_count":0,"master_deck":["Strike_R","Strike_R","Strike_R","Strike_R","Strike_R","Defend_R","Defend_R","Defend_R","Bash","Flex+1","Armaments+1","Limit Break+1","Flex+1","Clash","Pommel Strike","Cleave","Demon Form+1","Armaments","Flex","Anger","Thunderclap+1","Flex","Heavy Blade","Limit Break+1","Flex","Rage","Perfected Strike","Clash","Cleave","Clash+1"],"relics":["Burning Blood","Orichalcum","Dream Catcher","Ectoplasm","MealTicket","Vajra","Blood Vial","Darkstone Periapt","Runic Cube"],"acts_visited":["TheCity","TheBeyond"],"potions_floor_usage":[29,29,33,35,40],"damage_taken":[{"damage":0.0,"enemies":"Small Slimes","floor":1.0,"turns":3.0},{"damage":1.0,"enemies":"Cultist","floor":2.0,"turns":4.0},{"damage":0.0,"enemies":"2 Louse","floor":4.0,"turns":2.0},{"damage":7.0,"enemies":"2 Fungi Beasts","floor":5.0,"turns":4.0},{"damage":6.0,"enemies":"3 Louse","floor":8.0,"turns":4.0},{"damage":0.0,"enemies":"The Mushroom Lair","floor":10.0,"turns":1.0},{"damage":9.0,"enemies":"Lots of Slimes","floor":12.0,"turns":5.0},{"damage":9.0,"enemies":"3 Sentries","floor":14.0,"turns":8.0},{"damage":49.0,"enemies":"Hexaghost","floor":16.0,"turns":8.0},{"damage":23,"enemies":"Chosen","floor":18,"turns":5},{"damage":31,"enemies":"2 Thieves","floor":20,"turns":4},{"damage":8,"enemies":"Cultist and Chosen","floor":21,"turns":4},{"damage":19,"enemies":"Snecko","floor":27,"turns":4},{"damage":28,"enemies":"Book of Stabbing","floor":29,"turns":4},{"damage":21,"enemies":"Centurion and Healer","floor":31,"turns":4},{"damage":30,"enemies":"Champ","floor":33,"turns":6},{"damage":15,"enemies":"3 Shapes","floor":35,"turns":2},{"damage":32,"enemies":"3 Darklings","floor":37,"turns":6},{"damage":21,"enemies":"Writhing Mass","floor":38,"turns":4},{"damage":56,"enemies":"Maw","floor":40,"turns":6}],"seed_played":"2547728214892332376","potions_obtained":[{"floor":5.0,"key":"SmokeBomb"},{"floor":8.0,"key":"Dexterity Potion"},{"floor":18,"key":"Dexterity Potion"},{"floor":21,"key":"Dexterity Potion"},{"floor":27,"key":"FearPotion"},{"floor":31,"key":"Explosive Potion"},{"floor":38,"key":"SkillPotion"}],"is_trial":false,"path_per_floor":["M","M","?","M","M","R","$","M","T","?","R","M","R","E","R","B",null,"M","$","M","M","?","R","?","R","T","M","R","E","R","M","R","B",null,"M","?","M","M","$","M"],"character_chosen":"IRONCLAD","items_purchased":["Flex","Anger","MealTicket"],"campfire_rested":4,"item_purchase_floors":[19,19,19],"current_hp_per_floor":[80,80,80,80,79,79,79,79,79,80,80,77,77,74,74,31,80,63,63,38,36,36,60,60,80,80,67,67,47,71,58,80,56,80,71,71,47,34,49,0,0],"gold":11,"neow_bonus":"RANDOM_COMMON_RELIC","is_daily":false,"chose_seed":false,"campfire_upgraded":5,"win_rate":0.0,"timestamp":1608230920,"path_taken":["M","M","?","M","M","R","?","M","T","?","R","M","R","E","R","BOSS","M","$","M","M","?","R","?","R","T","?","R","E","R","M","R","BOSS","M","?","M","M","$","M"],"items_purchased_type":["Card","Card","Relic"],"build_version":"2020-12-13","purchased_purges":0,"victory":false,"max_hp_per_floor":[80,80,80,80,80,80,80,80,80,80,80,80,80,80,80,80,80,80,80,80,80,80,80,80,80,80,80,80,80,80,80,80,80,80,80,80,80,80,80,80,80],"card_choices":[{"not_picked":["True Grit","Warcry"],"picked":"Flex","floor":1.0},{"not_picked":["Perfected Strike","Combust"],"picked":"Armaments","floor":2.0},{"not_picked":["Intimidate","Twin Strike"],"picked":"Limit Break","floor":4.0},{"not_picked":["Second Wind","Combust"],"picked":"Flex","floor":5.0},{"not_picked":["Burning Pact","Whirlwind"],"picked":"Clash","floor":8.0},{"not_picked":["True Grit","Burning Pact"],"picked":"Pommel Strike","floor":12.0},{"not_picked":["Hemokinesis","Clash"],"picked":"Cleave","floor":14.0},{"not_picked":["Bludgeon","Brutality"],"picked":"Demon Form","floor":16.0},{"not_picked":["Intimidate+1","True Grit"],"picked":"Armaments","floor":18},{"not_picked":["Twin Strike","Sword Boomerang"],"picked":"Thunderclap+1","floor":20},{"not_picked":["Shrug It Off+1","Armaments"],"picked":"Flex","floor":21},{"not_picked":["Clash","Pommel Strike"],"picked":"Heavy Blade","floor":23},{"not_picked":["Reaper","Pommel Strike+1","Body Slam"],"picked":"SKIP","floor":27},{"not_picked":["Pummel","True Grit"],"picked":"Flex","floor":29},{"not_picked":["Feel No Pain","Intimidate"],"picked":"Rage","floor":30},{"not_picked":["Metallicize+1","Clothesline"],"picked":"Perfected Strike","floor":31},{"not_picked":["Armaments","Warcry"],"picked":"Clash","floor":32},{"not_picked":["Body Slam+1","True Grit","Disarm+1"],"picked":"SKIP","floor":35},{"not_picked":["Uppercut","Clothesline"],"picked":"Cleave","floor":37},{"not_picked":["Headbutt","Shrug It Off+1"],"picked":"Clash+1","floor":38}],"player_experience":14764,"relics_obtained":[{"floor":14.0,"key":"Dream Catcher"},{"floor":26,"key":"Blood Vial"},{"floor":29,"key":"Darkstone Periapt"}],"event_choices":[{"damage_healed":0.0,"max_hp_gain":0.0,"max_hp_loss":0.0,"gold_gain":0.0,"event_name":"Purifier","player_choice":"Ignored","floor":3.0,"gold_loss":0.0,"damage_taken":0.0},{"damage_healed":0.0,"max_hp_gain":0.0,"max_hp_loss":0.0,"gold_gain":0.0,"event_name":"Mushrooms","player_choice":"Fought Mushrooms","floor":10.0,"gold_loss":0.0,"damage_taken":0.0},{"damage_healed":0,"gold_gain":0,"player_choice":"Opened","damage_taken":0,"relics_obtained":["Vajra"],"max_hp_gain":0,"max_hp_loss":0,"event_name":"The Mausoleum","floor":22,"gold_loss":0},{"damage_healed":0,"gold_gain":0,"player_choice":"Copied","damage_taken":0,"max_hp_gain":0,"max_hp_loss":0,"event_name":"Duplicator","floor":24,"gold_loss":0,"cards_obtained":["Limit Break"]},{"cards_removed":["Defend_R"],"damage_healed":0,"gold_gain":0,"player_choice":"Removed Skill","damage_taken":0,"max_hp_gain":0,"max_hp_loss":0,"event_name":"Falling","floor":36,"gold_loss":0}],"is_beta":false,"boss_relics":[{"not_picked":["Runic Pyramid","SlaversCollar"],"picked":"Ectoplasm"},{"not_picked":["Black Star","Runic Dome"],"picked":"Runic Cube"}],"items_purged_floors":[],"is_endless":false,"potions_floor_spawned":[5,8,10,18,21,27,31,38],"killed_by":"Maw","ascension_level":0}}