{"host":"sst22apzgpn07t8v","time":1608205837,"event":{"mods":["Act Like it!","BaseMod","Downfall","Hallownest","HololiveMod","Lobotomy","LobotomyExtend","Minty Spire (QoL Compilation)","Replay The Spire","Shop Mod","StSLib"],"gold_per_floor":[100,127,127,69,69,69,95,111,111,136,236,250,250,270,288,387,387,387,387,387],"floor_reached":19,"playtime":839,"items_purged":[],"score":198,"play_id":"698db58c-5e45-438e-9ce7-0974a06b624e","local_time":"20201217195037","is_ascension_mode":false,"campfire_choices":[],"circlet_count":0,"master_deck":["SpecialBullet","SpecialBullet","SpecialBullet","SpecialBullet","SpecialBullet","SpecialBullet","SpecialBullet","SpecialBullet","InformationCode","SecurityCode","CentralCode","OldLady","Ecstasy","Ecstasy","Scorched","Ecstasy","WristCuter","LaLuna","Galaxy","Adoration"],"relics":["CogitoBucket","downfall:HeartsMalice","LetterFromLob","Blood Vial","Smiling Mask","Justitia_r","Black Star"],"acts_visited":["Exordium","TheCity"],"potions_floor_usage":[19,19],"damage_taken":[{"damage":0,"enemies":"Lagavulin","floor":2,"turns":1},{"damage":0,"enemies":"Small Slimes","floor":3,"turns":1},{"damage":0,"enemies":"downfall:FleeingMerchant","floor":4,"turns":1},{"damage":6,"enemies":"Cultist","floor":8,"turns":3},{"damage":8,"enemies":"Gremlin Nob","floor":10,"turns":3},{"damage":1,"enemies":"2 Louse","floor":12,"turns":2},{"damage":26,"enemies":"Large Slime","floor":14,"turns":6},{"damage":0,"enemies":"3 Louse","floor":15,"turns":1},{"damage":46,"enemies":"downfall:Silent","floor":16,"turns":6},{"damage":102,"enemies":"downfall:FleeingMerchant","floor":19,"turns":9}],"seed_played":"7644588814982191482","potions_obtained":[{"floor":8,"key":"Guardian:BlockOnCardUsePotion"},{"floor":12,"key":"champ:CounterPotion"},{"floor":14,"key":"Toxic Potion"}],"is_trial":false,"path_per_floor":["R","E","M","$","R","?","T","M","R","E","?","M","?","M","M","B",null,"R","$"],"character_chosen":"Angela","items_purchased":["Ecstasy"],"campfire_rested":0,"item_purchase_floors":[4],"current_hp_per_floor":[70,70,70,70,70,70,70,70,70,70,70,70,70,64,70,46,70,70,0,0],"gold":387,"neow_bonus":"THREE_ENEMY_KILL","is_daily":false,"chose_seed":false,"campfire_upgraded":0,"win_rate":0.0,"timestamp":1608205837,"path_taken":["R","E","M","$","R","?","T","?","R","E","?","M","?","M","M","BOSS","R","$"],"items_purchased_type":["Card"],"build_version":"2020-12-13","purchased_purges":0,"victory":false,"max_hp_per_floor":[70,70,70,70,70,70,70,70,70,70,70,70,70,70,70,70,70,70,70,70],"card_choices":[{"not_picked":["Yin","Wellcheers"],"picked":"LongBird","floor":2},{"not_picked":["LifeForTheDareDevil","Laetitia_ego"],"picked":"SKIP","floor":2},{"not_picked":["Hypocrisy","CUTE"],"picked":"SKIP","floor":3},{"not_picked":["Yin","Murderer"],"picked":"OldLady","floor":4},{"not_picked":["CrimsonScar"],"picked":"ShedSkin","floor":4},{"not_picked":["MeatLantern","CrumblingArmor"],"picked":"Scorched","floor":8},{"not_picked":["Discord"],"picked":"Ecstasy","floor":8},{"not_picked":["Bloodbath","MeatLantern"],"picked":"PunishingBird","floor":10},{"not_picked":["RedEyes","Logging"],"picked":"SKIP","floor":10},{"not_picked":["CrimsonScar"],"picked":"WristCuter","floor":12},{"not_picked":["SpiderBud","HappyTeddy"],"picked":"LaLuna","floor":14},{"not_picked":["ScreamingWedge","TodaysExpression"],"picked":"SKIP","floor":14},{"not_picked":["ScreamingWedge"],"picked":"Galaxy","floor":15},{"not_picked":["Funeral","FairyFestival"],"picked":"BigBird","floor":16},{"not_picked":["Mimicry"],"picked":"Adoration","floor":16}],"player_experience":162931,"relics_obtained":[{"floor":2,"key":"LetterFromLob"},{"floor":7,"key":"Blood Vial"},{"floor":10,"key":"Smiling Mask"}],"event_choices":[{"cards_removed":["ShedSkin"],"damage_healed":0,"gold_gain":0,"player_choice":"Offered Uncommon","damage_taken":0,"max_hp_gain":0,"max_hp_loss":0,"event_name":"Bonfire Elementals","floor":6,"gold_loss":0}],"is_beta":false,"boss_relics":[{"not_picked":["Runic Pyramid","Empty Cage"],"picked":"Black Star"}],"items_purged_floors":[],"is_endless":false,"potions_floor_spawned":[8,12,14,15],"killed_by":"downfall:FleeingMerchant","ascension_level":0}}