{"host":"aovv4e73998kgan0","time":1608181509,"event":{"mods":["BaseMod","Minty Spire (QoL Compilation)","StSLib"],"gold_per_floor":[111,122,139,153,153,181,181,196,220,236,236,266,144,174,174,270,270,281,301,316,316,316,316],"floor_reached":22,"playtime":1179,"items_purged":["Strike_P"],"score":245,"play_id":"237499fc-0e65-4854-b5f7-cb581c0f3174","local_time":"20201217000509","is_ascension_mode":true,"campfire_choices":[{"data":"EmptyFist","floor":7,"key":"SMITH"},{"data":"FollowUp","floor":11,"key":"SMITH"},{"data":"MasterReality","floor":15,"key":"SMITH"}],"circlet_count":0,"master_deck":["Strike_P","Defend_P","Defend_P","Defend_P","Defend_P","Eruption+1","Vigilance","Evaluate","EmptyFist+1","FollowUp+1","FlyingSleeves","Prostrate","CarveReality","Conclude","Alpha","JustLucky","MasterReality+1","DeusExMachina","EmptyBody+1","SashWhip","FlurryOfBlows+1"],"relics":["PureWater","MealTicket","Happy Flower","Bag of Marbles","Lantern","SlaversCollar"],"acts_visited":["Exordium","TheCity"],"potions_floor_usage":[6,6,8],"damage_taken":[{"damage":0,"enemies":"Small Slimes","floor":1,"turns":3},{"damage":1,"enemies":"Cultist","floor":2,"turns":3},{"damage":5,"enemies":"Jaw Worm","floor":3,"turns":3},{"damage":0,"enemies":"2 Fungi Beasts","floor":4,"turns":3},{"damage":0,"enemies":"Gremlin Nob","floor":6,"turns":2},{"damage":2,"enemies":"Looter","floor":8,"turns":2},{"damage":5,"enemies":"3 Louse","floor":10,"turns":2},{"damage":9,"enemies":"3 Sentries","floor":12,"turns":5},{"damage":12,"enemies":"Gremlin Nob","floor":14,"turns":4},{"damage":20,"enemies":"Hexaghost","floor":16,"turns":6},{"damage":22,"enemies":"Shell Parasite","floor":18,"turns":4},{"damage":16,"enemies":"Spheric Guardian","floor":19,"turns":3},{"damage":25,"enemies":"Centurion and Healer","floor":20,"turns":5},{"damage":4,"enemies":"Shelled Parasite and Fungi","floor":22,"turns":2}],"seed_played":"-3967935480858657290","potions_obtained":[{"floor":1,"key":"BlessingOfTheForge"},{"floor":4,"key":"Strength Potion"},{"floor":6,"key":"EssenceOfSteel"},{"floor":14,"key":"Energy Potion"}],"is_trial":false,"path_per_floor":["M","M","M","M","?","E","R","M","T","M","R","E","$","E","R","B",null,"M","M","M","?","M"],"character_chosen":"WATCHER","items_purchased":["JustLucky"],"campfire_rested":0,"item_purchase_floors":[13],"current_hp_per_floor":[72,71,66,66,66,66,66,64,64,59,59,50,65,53,53,33,72,50,34,9,9,5,5],"gold":316,"neow_bonus":"REMOVE_CARD","is_daily":false,"chose_seed":false,"campfire_upgraded":3,"win_rate":0.0,"timestamp":1608181509,"path_taken":["M","M","M","M","?","E","R","M","T","M","R","E","?","E","R","BOSS","M","M","M","?","M"],"items_purchased_type":["Card"],"build_version":"2020-12-13","purchased_purges":1,"victory":false,"max_hp_per_floor":[72,72,72,72,72,72,72,72,72,72,72,72,72,72,72,72,72,72,72,72,72,72,72],"card_choices":[{"not_picked":["CarveReality","Protect"],"picked":"Evaluate","floor":1},{"not_picked":["EmptyBody","Protect"],"picked":"EmptyFist","floor":2},{"not_picked":["Consecrate","ThirdEye"],"picked":"FollowUp","floor":3},{"not_picked":["ThirdEye","Evaluate"],"picked":"FlyingSleeves","floor":4},{"not_picked":["Consecrate","EmptyFist"],"picked":"Prostrate","floor":6},{"not_picked":["Sanctity","Evaluate"],"picked":"CarveReality","floor":8},{"not_picked":["Perseverance","ForeignInfluence"],"picked":"Conclude","floor":10},{"not_picked":["Prostrate","ReachHeaven"],"picked":"Alpha","floor":12},{"not_picked":["Perseverance","ThirdEye"],"picked":"MasterReality","floor":14},{"not_picked":["Blasphemy","Ragnarok"],"picked":"DeusExMachina","floor":16},{"not_picked":["Weave","BowlingBash"],"picked":"EmptyBody+1","floor":18},{"not_picked":["Halt","ClearTheMind"],"picked":"SashWhip","floor":19},{"not_picked":["Judgement","DeceiveReality"],"picked":"FlurryOfBlows+1","floor":20}],"player_experience":158912,"relics_obtained":[{"floor":6,"key":"MealTicket"},{"floor":9,"key":"Happy Flower"},{"floor":12,"key":"Bag of Marbles"},{"floor":14,"key":"Lantern"}],"event_choices":[{"damage_healed":0,"gold_gain":0,"player_choice":"Forge","damage_taken":0,"max_hp_gain":0,"max_hp_loss":0,"event_name":"Accursed Blacksmith","floor":5,"gold_loss":0,"cards_upgraded":["Eruption"]},{"cards_removed":["Strike_P"],"damage_healed":0,"gold_gain":0,"player_choice":"Elegance","damage_taken":0,"max_hp_gain":0,"max_hp_loss":0,"event_name":"Back to Basics","floor":21,"gold_loss":0}],"is_beta":false,"boss_relics":[{"not_picked":["Ectoplasm","Pandora\u0027s Box"],"picked":"SlaversCollar"}],"items_purged_floors":[13],"is_endless":false,"potions_floor_spawned":[1,4,6,14],"killed_by":"Shelled Parasite and Fungi","ascension_level":1}}