{"host":"4a0j9lay3ec96yoz","time":1608231827,"event":{"mods":["BaseMod","Marisa????????","Minty Spire (QoL Compilation)","Shop Mod","StSLib","The Cursed","The Necromancer","The Runesmith","The Servant 0.9.4"],"gold_per_floor":[114,127,127,127,144,144,159,179,179,195,150,16,16,34,34,134,134,154,34,34,51,51,66,66,66,138,0,0,12,12,29,29,131,131,141,141,160,3,52,52,69,69,69,85,85,85],"floor_reached":45,"playtime":3828,"items_purged":[],"score":482,"play_id":"8fb6aecb-bf35-471b-93e8-43e1f43d9210","local_time":"20201217140347","is_ascension_mode":false,"campfire_choices":[{"data":"Survivor","floor":6,"key":"SMITH"},{"data":"Phantasmal Killer","floor":15,"key":"SMITH"},{"data":"Finisher","floor":24,"key":"SMITH"},{"data":"Flechettes","floor":28,"key":"SMITH"},{"floor":32,"key":"REST"},{"floor":40,"key":"REST"},{"data":"Finisher","floor":42,"key":"SMITH"}],"circlet_count":0,"master_deck":["Strike_G","Strike_G","Strike_G","Strike_G","Strike_G","Defend_G","Defend_G","Defend_G","Defend_G","Defend_G","Survivor+1","Neutralize","Dagger Throw+1","PiercingWail","Adrenaline","Eviscerate","Blade Dance","Deflect","Dark Shackles","Infinite Blades","Phantasmal Killer+1","Phantasmal Killer","Finisher+1","Slice","Backflip","Dodge and Roll","Dash","Acrobatics","Flechettes+1","Terror+1","Flying Knee","Glass Knife","CurseOfTheBell","Leg Sweep+1","Deflect+1","Expertise","Finisher+1","Parasite","Infinite Blades","Dagger Spray"],"relics":["Ring of the Snake","NeowsBlessing","FossilizedHelix","Busted Crown","Sundial","Calling Bell","Toy Ornithopter","Darkstone Periapt","WingedGreaves","Oddly Smooth Stone","CaptainsWheel"],"acts_visited":["Exordium","TheCity","TheBeyond"],"potions_floor_usage":[16,16,18,31,33,44],"damage_taken":[{"damage":0,"enemies":"Jaw Worm","floor":1,"turns":1},{"damage":0,"enemies":"Small Slimes","floor":2,"turns":1},{"damage":0,"enemies":"2 Louse","floor":5,"turns":1},{"damage":0,"enemies":"2 Fungi Beasts","floor":7,"turns":4},{"damage":0,"enemies":"3 Louse","floor":8,"turns":3},{"damage":0,"enemies":"Looter","floor":10,"turns":2},{"damage":0,"enemies":"2 Fungi Beasts","floor":14,"turns":3},{"damage":49,"enemies":"The Guardian","floor":16,"turns":12},{"damage":10,"enemies":"Chosen","floor":18,"turns":5},{"damage":0,"enemies":"2 Thieves","floor":21,"turns":3},{"damage":14,"enemies":"Snake Plant","floor":23,"turns":6},{"damage":10,"enemies":"Sentry and Sphere","floor":29,"turns":4},{"damage":5,"enemies":"Centurion and Healer","floor":31,"turns":4},{"damage":54,"enemies":"Collector","floor":33,"turns":12},{"damage":26,"enemies":"3 Darklings","floor":35,"turns":8},{"damage":0,"enemies":"Orb Walker","floor":37,"turns":3},{"damage":0,"enemies":"Writhing Mass","floor":41,"turns":7},{"damage":82,"enemies":"Maw","floor":44,"turns":11},{"damage":6,"enemies":"Orin","floor":45,"turns":6}],"seed_played":"6952910634026576155","potions_obtained":[{"floor":7,"key":"Weak Potion"},{"floor":10,"key":"Weak Potion"},{"floor":16,"key":"SneckoOil"},{"floor":18,"key":"BlessingOfTheForge"},{"floor":31,"key":"Fruit Juice"},{"floor":35,"key":"Ancient Potion"},{"floor":37,"key":"Ancient Potion"},{"floor":41,"key":"SteroidPotion"}],"is_trial":false,"path_per_floor":["M","M","?","?","M","R","M","M","T","M","?","$","?","M","R","B",null,"M","$","?","M","?","M","R","?","T","?","R","M","$","M","R","B",null,"M","?","M","$","T","R","M","R","T","M","?"],"character_chosen":"THE_SILENT","items_purchased":["Dark Shackles","Infinite Blades","Slice","Backflip","Dodge and Roll","Expertise","Finisher"],"campfire_rested":2,"item_purchase_floors":[12,12,19,19,19,38,38],"current_hp_per_floor":[70,70,75,75,75,75,75,75,75,75,75,75,75,75,75,26,75,65,65,65,65,65,51,51,51,51,51,51,41,41,41,65,11,80,54,54,54,54,54,78,84,84,84,4,0,0],"gold":85,"neow_bonus":"THREE_ENEMY_KILL","is_daily":false,"chose_seed":false,"campfire_upgraded":5,"win_rate":0.0,"timestamp":1608231827,"path_taken":["M","M","?","?","M","R","M","M","T","M","?","$","?","M","R","BOSS","M","$","?","M","?","M","R","?","T","?","R","?","?","?","R","BOSS","M","?","M","$","?","R","M","R","T","?","?"],"items_purchased_type":["Card","Card","Card","Card","Card","Card","Card"],"build_version":"2020-12-13","purchased_purges":0,"victory":false,"max_hp_per_floor":[70,70,75,75,75,75,75,75,75,75,75,75,75,75,75,75,75,75,75,75,75,75,75,75,75,75,75,75,75,75,80,80,80,80,80,80,80,80,80,80,86,86,86,86,86,86],"card_choices":[{"not_picked":["Dodge and Roll","Quick Slash"],"picked":"Dagger Throw","floor":1},{"not_picked":["Blade Dance","All Out Attack"],"picked":"PiercingWail","floor":2},{"not_picked":["Sucker Punch","Escape Plan"],"picked":"Adrenaline","floor":5},{"not_picked":["Slice","Dodge and Roll"],"picked":"Eviscerate","floor":7},{"not_picked":["Predator","Backflip"],"picked":"Blade Dance","floor":8},{"not_picked":["Blur","Slice"],"picked":"Deflect","floor":10},{"not_picked":["Blade Dance","Footwork"],"picked":"Phantasmal Killer","floor":14},{"not_picked":["Tools of the Trade","Doppelganger"],"picked":"Phantasmal Killer","floor":16},{"not_picked":[],"picked":"Finisher","floor":18},{"not_picked":[],"picked":"Dash","floor":21},{"not_picked":[],"picked":"Acrobatics","floor":23},{"not_picked":[],"picked":"Terror+1","floor":29},{"not_picked":[],"picked":"Flying Knee","floor":31},{"not_picked":[],"picked":"Glass Knife","floor":33},{"not_picked":[],"picked":"Leg Sweep","floor":35},{"not_picked":[],"picked":"Deflect+1","floor":37},{"not_picked":[],"picked":"Infinite Blades","floor":41},{"not_picked":[],"picked":"Dagger Spray","floor":44}],"player_experience":10153,"relics_obtained":[{"floor":9,"key":"FossilizedHelix"},{"floor":26,"key":"Sundial"},{"floor":34,"key":"Toy Ornithopter"},{"floor":34,"key":"Darkstone Periapt"},{"floor":34,"key":"WingedGreaves"},{"floor":39,"key":"Oddly Smooth Stone"},{"floor":43,"key":"CaptainsWheel"}],"event_choices":[{"damage_healed":0,"gold_gain":0,"player_choice":"Donut","damage_taken":0,"max_hp_gain":5,"max_hp_loss":0,"event_name":"Big Fish","floor":3,"gold_loss":0},{"damage_healed":0,"gold_gain":0,"player_choice":"Grow","damage_taken":0,"max_hp_gain":0,"max_hp_loss":0,"event_name":"Living Wall","floor":4,"gold_loss":0,"cards_upgraded":["Dagger Throw"]},{"damage_healed":0,"gold_gain":0,"player_choice":"Left Gold","damage_taken":0,"max_hp_gain":0,"max_hp_loss":0,"event_name":"World of Goop","floor":11,"gold_loss":45},{"damage_healed":0,"gold_gain":0,"player_choice":"Ignored","damage_taken":0,"max_hp_gain":0,"max_hp_loss":0,"event_name":"Liars Game","floor":13,"gold_loss":0},{"damage_healed":0,"gold_gain":0,"player_choice":"Ignored","damage_taken":0,"max_hp_gain":0,"max_hp_loss":0,"event_name":"The Mausoleum","floor":20,"gold_loss":0},{"damage_healed":0,"gold_gain":0,"player_choice":"Ignored","damage_taken":0,"max_hp_gain":0,"max_hp_loss":0,"event_name":"Vampires","floor":22,"gold_loss":0},{"damage_healed":0,"gold_gain":0,"player_choice":"Read","damage_taken":0,"max_hp_gain":0,"max_hp_loss":0,"event_name":"The Library","floor":25,"gold_loss":0,"cards_obtained":["Flechettes"]},{"damage_healed":0,"gold_gain":0,"player_choice":"Paid Fearfully","damage_taken":0,"max_hp_gain":0,"max_hp_loss":0,"event_name":"Masked Bandits","floor":27,"gold_loss":138},{"damage_healed":0,"gold_gain":0,"player_choice":"Forge","damage_taken":0,"max_hp_gain":0,"max_hp_loss":0,"event_name":"Accursed Blacksmith","floor":36,"gold_loss":0,"cards_upgraded":["Leg Sweep"]},{"damage_healed":0,"gold_gain":0,"player_choice":"Fight","damage_taken":0,"max_hp_gain":0,"max_hp_loss":0,"event_name":"OrinTheCat","floor":45,"gold_loss":0}],"is_beta":false,"boss_relics":[{"not_picked":["Ring of the Serpent","Snecko Eye"],"picked":"Busted Crown"},{"not_picked":["SacredBark","Philosopher\u0027s Stone"],"picked":"Calling Bell"}],"items_purged_floors":[],"is_endless":false,"potions_floor_spawned":[7,10,16,18,31,35,37,41],"killed_by":"Orin","ascension_level":0}}