{"host":"f5gffvlv6a66yqkd","time":1608221535,"event":{"mods":["2.2 Compatiblity","BaseMod","Colored Map","DeckTracker","Keyboard Shortcuts","Minty Spire (QoL Compilation)","Permanent Neow","Quick Restart","Relic Stats","StSLib","SuperFastMode"],"gold_per_floor":[112,112,131,142,142,142,152,185,210,224,224,251,268,268,268,345,345,358,373,373,219,237,237,254,283,355,355,373,373,383,283,283,360,360,360,360],"floor_reached":35,"playtime":1156,"items_purged":["Parasite","Defend_P"],"score":928,"play_id":"9d38a7b4-2df1-4125-8b3f-7a6209f6ecec","local_time":"20201218011215","is_ascension_mode":true,"campfire_choices":[{"data":"Scrawl","floor":6.0,"key":"SMITH"},{"data":"EmptyFist","floor":11.0,"key":"SMITH"},{"floor":15.0,"key":"RECALL"},{"data":"Tantrum","floor":23.0,"key":"SMITH"},{"data":"Blasphemy","floor":27.0,"key":"SMITH"},{"floor":32.0,"key":"REST"}],"circlet_count":0,"master_deck":["AscendersBane","Strike_P","Strike_P","Strike_P+1","Defend_P","Defend_P+1","Eruption+1","Vigilance+1","Scrawl+1","ThirdEye","Fasting2","FearNoEvil","EmptyFist+1","WheelKick+1","Blasphemy+1","Adaptation+1","Tantrum+1","Evaluate+1","Vault+1"],"relics":["PureWater","Regal Pillow","Whetstone","GoldenEye","Black Star","Gambling Chip","Toxic Egg 2","Matryoshka","Sundial","Runic Pyramid"],"acts_visited":["Exordium","TheCity","TheBeyond"],"potions_floor_usage":[],"damage_taken":[{"damage":0.0,"enemies":"Jaw Worm","floor":1.0,"turns":5.0},{"damage":0.0,"enemies":"Cultist","floor":3.0,"turns":2.0},{"damage":0.0,"enemies":"2 Louse","floor":4.0,"turns":2.0},{"damage":0.0,"enemies":"Exordium Wildlife","floor":7.0,"turns":4.0},{"damage":8.0,"enemies":"Gremlin Nob","floor":8.0,"turns":3.0},{"damage":6.0,"enemies":"Lots of Slimes","floor":10.0,"turns":4.0},{"damage":2.0,"enemies":"3 Sentries","floor":12.0,"turns":5.0},{"damage":0.0,"enemies":"Looter","floor":13.0,"turns":1.0},{"damage":0.0,"enemies":"Slime Boss","floor":16.0,"turns":4.0},{"damage":0.0,"enemies":"Spheric Guardian","floor":18.0,"turns":3.0},{"damage":14.0,"enemies":"2 Thieves","floor":19.0,"turns":2.0},{"damage":0.0,"enemies":"Chosen and Byrds","floor":22.0,"turns":4.0},{"damage":4.0,"enemies":"Snake Plant","floor":24.0,"turns":2.0},{"damage":0.0,"enemies":"Gremlin Leader","floor":25.0,"turns":3.0},{"damage":0.0,"enemies":"3 Cultists","floor":28.0,"turns":3.0},{"damage":11.0,"enemies":"Centurion and Healer","floor":30.0,"turns":3.0},{"damage":59.0,"enemies":"Collector","floor":33.0,"turns":10.0},{"damage":100000,"enemies":"3 Shapes","floor":35,"turns":4}],"seed_played":"-1981525595765875117","potions_obtained":[{"floor":1.0,"key":"AttackPotion"},{"floor":7.0,"key":"Energy Potion"},{"floor":13.0,"key":"SneckoOil"},{"floor":16.0,"key":"Ancient Potion"},{"floor":24.0,"key":"Weak Potion"},{"floor":28.0,"key":"Swift Potion"},{"floor":30.0,"key":"BottledMiracle"}],"is_trial":false,"path_per_floor":["M","?","M","M","?","R","M","E","T","M","R","E","M","T","R","B",null,"M","M","?","$","M","R","M","E","T","R","M","?","M","$","R","B",null,"M"],"character_chosen":"WATCHER","items_purchased":["Tantrum"],"campfire_rested":1,"item_purchase_floors":[21],"current_hp_per_floor":[61,61,61,61,41,41,41,33,33,27,27,25,25,25,25,25,57,57,43,43,43,43,43,39,39,39,39,39,39,28,28,62,3,50,0,0],"gold":360,"neow_bonus":"TRANSFORM_TWO_CARDS","is_daily":false,"chose_seed":false,"campfire_upgraded":4,"win_rate":0.0,"timestamp":1608221535,"path_taken":["M","?","M","?","?","R","M","E","T","M","R","E","M","?","R","BOSS","M","?","?","$","M","R","M","E","T","R","?","?","?","$","R","BOSS","M"],"items_purchased_type":["Card"],"build_version":"2020-12-13","purchased_purges":2,"victory":false,"max_hp_per_floor":[68,68,68,68,68,68,68,68,68,68,68,68,68,68,68,68,68,68,68,68,65,65,65,65,65,65,65,65,65,65,65,65,65,65,65,65],"relic_stats":{"Regal Pillow":15,"counters":[18,63],"Sundial":[4],"Gambling Chip":[8],"Black Star":1,"Whetstone":["Strike_P","WheelKick"],"GoldenEye":[3],"obtain_stats":[{"Regal Pillow":8,"Matryoshka":26,"Sundial":29,"Gambling Chip":25,"Black Star":17,"Whetstone":12,"PureWater":0,"Toxic Egg 2":25,"GoldenEye":14,"Runic Pyramid":34},{"Regal Pillow":5,"Matryoshka":14,"Sundial":15,"Gambling Chip":14,"Black Star":9,"Whetstone":7,"PureWater":0,"Toxic Egg 2":14,"GoldenEye":8,"Runic Pyramid":17},{"Regal Pillow":16,"Matryoshka":44,"Sundial":47,"Gambling Chip":44,"Black Star":30,"Whetstone":25,"PureWater":0,"Toxic Egg 2":44,"GoldenEye":26,"Runic Pyramid":60}]},"card_choices":[{"not_picked":["Swivel","Protect"],"picked":"Fasting2","floor":1.0},{"not_picked":["FlyingSleeves","Protect","Vengeance"],"picked":"SKIP","floor":3.0},{"not_picked":["Weave","CutThroughFate"],"picked":"FearNoEvil","floor":4.0},{"not_picked":["FlyingSleeves","Crescendo"],"picked":"EmptyFist","floor":7.0},{"not_picked":["CrushJoints","Indignation","Protect"],"picked":"SKIP","floor":8.0},{"not_picked":["ClearTheMind","Evaluate"],"picked":"WheelKick","floor":10.0},{"not_picked":["FollowUp","Perseverance","Wish"],"picked":"SKIP","floor":12.0},{"not_picked":["Crescendo","SashWhip","ClearTheMind"],"picked":"SKIP","floor":13.0},{"not_picked":["Alpha","ConjureBlade"],"picked":"Blasphemy","floor":16.0},{"not_picked":["Consecrate","FlurryOfBlows","SashWhip"],"picked":"SKIP","floor":18.0},{"not_picked":["Crescendo","CrushJoints"],"picked":"Adaptation","floor":19.0},{"not_picked":["Vengeance","ClearTheMind","CutThroughFate"],"picked":"SKIP","floor":22.0},{"not_picked":["Study","PathToVictory","Consecrate"],"picked":"SKIP","floor":24.0},{"not_picked":["Judgement+1","Indignation+1"],"picked":"Evaluate+1","floor":25.0},{"not_picked":["CutThroughFate","Swivel+1","FlyingSleeves"],"picked":"SKIP","floor":28.0},{"not_picked":["Sanctity+1","SashWhip","JustLucky"],"picked":"SKIP","floor":30.0},{"not_picked":["Wish+1","Judgement+1"],"picked":"Vault+1","floor":33.0}],"player_experience":1456259,"relics_obtained":[{"floor":8.0,"key":"Regal Pillow"},{"floor":12.0,"key":"Whetstone"},{"floor":14.0,"key":"GoldenEye"},{"floor":25.0,"key":"Gambling Chip"},{"floor":25.0,"key":"Toxic Egg 2"},{"floor":26.0,"key":"Matryoshka"}],"event_choices":[{"damage_healed":0.0,"max_hp_gain":0.0,"max_hp_loss":0.0,"gold_gain":0.0,"event_name":"Accursed Blacksmith","player_choice":"Forge","floor":2.0,"gold_loss":0.0,"damage_taken":0.0,"cards_upgraded":["Eruption"]},{"damage_healed":0.0,"max_hp_gain":0.0,"max_hp_loss":0.0,"gold_gain":0.0,"event_name":"Shining Light","player_choice":"Entered Light","floor":5.0,"gold_loss":0.0,"damage_taken":20.0,"cards_upgraded":["Vigilance","Defend_P"]},{"damage_healed":0.0,"max_hp_gain":0.0,"max_hp_loss":0.0,"gold_gain":0.0,"event_name":"Upgrade Shrine","player_choice":"Upgraded","floor":20.0,"gold_loss":0.0,"damage_taken":0.0,"cards_upgraded":["Adaptation"]},{"damage_healed":0.0,"max_hp_gain":0.0,"max_hp_loss":0.0,"gold_gain":0.0,"event_name":"WeMeetAgain","player_choice":"Gave Potion","floor":29.0,"gold_loss":0.0,"damage_taken":0.0,"relics_obtained":["Sundial"]}],"is_beta":false,"boss_relics":[{"not_picked":["Coffee Dripper","Runic Dome"],"picked":"Black Star"},{"not_picked":["Snecko Eye","Astrolabe"],"picked":"Runic Pyramid"}],"items_purged_floors":[21,31],"is_endless":false,"potions_floor_spawned":[1,7,13,16,24,25,28,30,33],"killed_by":"3 Shapes","ascension_level":20}}