{"host":"wbdly04l9mkn9nrc","time":1608206821,"event":{"mods":["AchievementEnabler","BaseMod","BetterRewards","Minty Spire (QoL Compilation)","StSLib","[IsaacMod]ÒÔÈö¼âËþ"],"gold_per_floor":[122,122,142,29,48,48,48,89,89,89,126,126,149,205,229,256,267,53,53,53,111,118,118,145,171,208,208,230,230,422,422,450,487,402,420,111,165,165,165,192,246,246,286,326,356,356,497,497,524,533,131,179,0,64,64,64,87,137,137,162,176,240,240,268],"floor_reached":51,"playtime":2785,"items_purged":["Strike_R","Defend_R"],"score":1640,"play_id":"b0ca7127-b732-448f-8f31-378eedf070f2","local_time":"20201217200701","is_ascension_mode":true,"campfire_choices":[{"data":"Armaments","floor":6.0,"key":"SMITH"},{"data":"Heavy Blade","floor":10.0,"key":"SMITH"},{"data":"Offering","floor":12.0,"key":"SMITH"},{"data":"Armaments","floor":15.0,"key":"SMITH"},{"data":"Fire Breathing","floor":6.0,"key":"SMITH"},{"data":"Headbutt","floor":13.0,"key":"SMITH"},{"data":"Inflame","floor":15.0,"key":"SMITH"},{"data":"Double Tap","floor":24.0,"key":"SMITH"},{"data":"Demon Form","floor":28.0,"key":"SMITH"},{"data":"Warcry","floor":32.0,"key":"SMITH"},{"data":"Secret Technique","floor":41.0,"key":"SMITH"},{"data":"Limit Break","floor":45.0,"key":"SMITH"},{"floor":49,"key":"REST"}],"circlet_count":0,"master_deck":["Strike_R","Strike_R","Defend_R","Defend_R","Bash+1","Shrug It Off","Inflame+1","Armaments+1","Feed+1","Headbutt","Heavy Blade+1","Carnage","Whirlwind","Offering+1","Warcry+1","Headbutt+1","Armaments+1","Battle Trance","Fire Breathing+1","Wild Strike","Double Tap+1","Shrug It Off","Demon Form+1","Shockwave+1","Twin Strike+1","Inflame+1","Armaments+1","Limit Break+1","Secret Technique+1","Bloodletting+1","Shrug It Off+1","Flex+1"],"relics":["Burning Blood","HushsDoor","SatanicBible","SalivaCoin","Letter Opener","Blood Vial","GuppysPaw","CeramicFish","Bottled Flame","Golden Idol","Paper Frog","MagicMushroom","Meat on the Bone","BelialBook","Pen Nib","Oddly Smooth Stone","Vajra","Mark of Pain","Bottled Tornado","Happy Flower","Red Mask","Ice Cream","Art of War","BookOfRevelations","Whetstone"],"acts_visited":["Exordium","TheCity","TheBeyond"],"potions_floor_usage":[46],"damage_taken":[{"damage":7.0,"enemies":"Jaw Worm","floor":1.0,"turns":3.0},{"damage":0.0,"enemies":"Small Slimes","floor":3.0,"turns":3.0},{"damage":1.0,"enemies":"Cultist","floor":5.0,"turns":3.0},{"damage":0.0,"enemies":"Lagavulin","floor":8.0,"turns":3.0},{"damage":14.0,"enemies":"Lots of Slimes","floor":11.0,"turns":2.0},{"damage":6.0,"enemies":"Large Slime","floor":13.0,"turns":3.0},{"damage":21.0,"enemies":"3 Sentries","floor":14.0,"turns":5.0},{"damage":1.0,"enemies":"Cultist","floor":1.0,"turns":4.0},{"damage":15.0,"enemies":"Small Slimes","floor":2.0,"turns":4.0},{"damage":0.0,"enemies":"2 Louse","floor":3.0,"turns":2.0},{"damage":28.0,"enemies":"Lagavulin","floor":7.0,"turns":5.0},{"damage":8.0,"enemies":"Blue Slaver","floor":10.0,"turns":2.0},{"damage":0.0,"enemies":"Looter","floor":11.0,"turns":1.0},{"damage":0.0,"enemies":"3 Louse","floor":12.0,"turns":2.0},{"damage":10.0,"enemies":"2 Fungi Beasts","floor":14.0,"turns":3.0},{"damage":48.0,"enemies":"Hexaghost","floor":16.0,"turns":6.0},{"damage":2.0,"enemies":"Chosen","floor":18.0,"turns":4.0},{"damage":17.0,"enemies":"2 Thieves","floor":19.0,"turns":2.0},{"damage":14.0,"enemies":"Slavers","floor":23.0,"turns":3.0},{"damage":14.0,"enemies":"Centurion and Healer","floor":27.0,"turns":4.0},{"damage":6.0,"enemies":"3 Cultists","floor":29.0,"turns":2.0},{"damage":6.0,"enemies":"Snake Plant","floor":30.0,"turns":1.0},{"damage":12.0,"enemies":"Snecko","floor":31.0,"turns":3.0},{"damage":0.0,"enemies":"Champ","floor":33.0,"turns":4.0},{"damage":11.0,"enemies":"3 Shapes","floor":35.0,"turns":3.0},{"damage":21.0,"enemies":"3 Darklings","floor":38.0,"turns":2.0},{"damage":37.0,"enemies":"Reptomancer","floor":40.0,"turns":4.0},{"damage":0.0,"enemies":"Nemesis","floor":44.0,"turns":3.0},{"damage":0,"enemies":"Jaw Worm Horde","floor":46,"turns":1},{"damage":0,"enemies":"Transient","floor":47,"turns":5},{"damage":18,"enemies":"Giant Head","floor":48,"turns":4},{"damage":8,"enemies":"Time Eater","floor":50,"turns":3}],"seed_played":"3275793974392645162","potions_obtained":[{"floor":1.0,"key":"Ancient Potion"},{"floor":5.0,"key":"PowerPotion"},{"floor":1.0,"key":"Strength Potion"},{"floor":3.0,"key":"FearPotion"},{"floor":12.0,"key":"DuplicationPotion"},{"floor":16.0,"key":"LiquidBronze"},{"floor":19.0,"key":"Block Potion"},{"floor":27.0,"key":"BlessingOfTheForge"},{"floor":30.0,"key":"ColorlessPotion"},{"floor":46,"key":"AttackPotion"},{"floor":47,"key":"PowerPotion"}],"is_trial":false,"path_per_floor":["M","?","M","$","M","R","$","E","T","R","M","R","M","E","R","M","M","M","$","?","R","E","?","T","M","M","M","R","M","R","B",null,"M","M","?","?","$","E","R","?","T","M","R","M","M","M","R","B",null,"M","?","$","M","?","E","R","$","T","E","R","M","M","E","R","B",null],"character_chosen":"IRONCLAD","items_purchased":["ForgetMeNow","Shrug It Off","Inflame","Armaments","SalivaCoin","Feed","Carnage","Whirlwind","CeramicFish","Fire Breathing","BelialBook","Pen Nib","Bottled Tornado","Happy Flower"],"campfire_rested":1,"item_purchase_floors":[0,0,0,0,0,0,4,4,4,4,22,22,37,37],"current_hp_per_floor":[26,31,41,41,46,46,46,52,52,52,49,49,51,42,90,86,97,97,97,97,81,55,55,55,67,75,75,76,76,36,97,104,96,96,96,96,95,95,95,95,90,90,93,95,92,92,101,115,113,113,113,101,101,73,73,73,73,82,82,90,99,90,119,117],"gold":268,"neow_bonus":"","is_daily":false,"chose_seed":false,"campfire_upgraded":12,"win_rate":0.0,"timestamp":1608206821,"path_taken":["M","?","?","$","M","R","$","E","T","R","?","R","M","E","R","M","M","M","$","?","R","E","?","T","?","M","M","R","M","R","BOSS","M","M","?","?","$","E","R","?","T","M","R","M","?","M","R","BOSS","M","?","$","M","?","E","R","?","T","E","R","M","M","E","R","BOSS"],"items_purchased_type":["Relic","Card","Card","Card","Relic","Card","Card","Card","Relic","Card","Relic","Relic","Relic","Relic"],"build_version":"2020-12-13","purchased_purges":2,"victory":true,"max_hp_per_floor":[80,85,89,89,89,89,89,89,89,89,92,92,92,96,96,99,102,102,102,102,106,106,106,106,110,110,110,113,113,113,115,115,115,115,115,115,119,119,119,119,119,119,119,119,119,119,119,119,119,119,119,119,119,119,119,119,119,119,119,119,119,119,119,119],"card_choices":[{"not_picked":[],"picked":"Bomb","floor":0.0},{"not_picked":["Sword Boomerang","Seeing Red"],"picked":"Headbutt","floor":1.0},{"not_picked":["Feel No Pain","Sword Boomerang"],"picked":"Heavy Blade","floor":3.0},{"not_picked":["Uppercut","Cleave"],"picked":"Offering","floor":5.0},{"not_picked":["Blood for Blood","Clash"],"picked":"Warcry","floor":8.0},{"not_picked":["True Grit","Havoc"],"picked":"Headbutt","floor":11.0},{"not_picked":["Headbutt","Immolate"],"picked":"Armaments","floor":13.0},{"not_picked":["Clash","Reckless Charge"],"picked":"Battle Trance","floor":14.0},{"not_picked":["Thunderclap","Twin Strike","Entrench"],"picked":"SKIP","floor":1.0},{"not_picked":["Evolve","Warcry","Body Slam"],"picked":"SKIP","floor":2.0},{"not_picked":["Armaments","Combust","Iron Wave"],"picked":"SKIP","floor":3.0},{"not_picked":["Warcry","Blood for Blood"],"picked":"Wild Strike","floor":7.0},{"not_picked":["Cleave","Headbutt","Sword Boomerang"],"picked":"SKIP","floor":10.0},{"not_picked":["Sword Boomerang","Armaments","Wild Strike"],"picked":"SKIP","floor":11.0},{"not_picked":["Searing Blow","Clash","Havoc"],"picked":"SKIP","floor":12.0},{"not_picked":["Clash","Armaments","Evolve"],"picked":"SKIP","floor":14.0},{"not_picked":["Immolate","Berserk"],"picked":"Double Tap","floor":16.0},{"not_picked":["Sentinel","True Grit","Disarm"],"picked":"SKIP","floor":18.0},{"not_picked":["Thunderclap","Hemokinesis","Headbutt"],"picked":"SKIP","floor":19.0},{"not_picked":["Evolve","Second Wind","Headbutt"],"picked":"SKIP","floor":23.0},{"not_picked":["Havoc","Shrug It Off+1"],"picked":"Shockwave+1","floor":27.0},{"not_picked":["Combust","Brutality"],"picked":"Twin Strike+1","floor":29.0},{"not_picked":["Seeing Red","Armaments"],"picked":"Inflame+1","floor":30.0},{"not_picked":["Iron Wave","Combust"],"picked":"Armaments+1","floor":31.0},{"not_picked":["Impervious","Corruption"],"picked":"Limit Break","floor":33.0},{"not_picked":["Armaments","Sever Soul+1","Carnage+1"],"picked":"SKIP","floor":35.0},{"not_picked":["PanicButton","Finesse"],"picked":"Secret Technique","floor":36.0},{"not_picked":["Havoc+1","Anger","Entrench+1"],"picked":"SKIP","floor":38.0},{"not_picked":["Anger","Perfected Strike+1"],"picked":"Bloodletting+1","floor":40.0},{"not_picked":["Feel No Pain","Exhume"],"picked":"Shrug It Off+1","floor":44.0},{"not_picked":["Searing Blow","Evolve+1"],"picked":"Flex+1","floor":46},{"not_picked":["Inflame+1","Armaments+1","Sword Boomerang+1"],"picked":"SKIP","floor":47},{"not_picked":["Rupture","Sever Soul+1","Clothesline+1"],"picked":"SKIP","floor":48}],"player_experience":100712,"relics_obtained":[{"floor":8.0,"key":"Letter Opener"},{"floor":9.0,"key":"Blood Vial"},{"floor":14.0,"key":"GuppysPaw"},{"floor":7.0,"key":"Bottled Flame"},{"floor":9.0,"key":"Paper Frog"},{"floor":23.0,"key":"Oddly Smooth Stone"},{"floor":26.0,"key":"Vajra"},{"floor":40.0,"key":"Ice Cream"},{"floor":43.0,"key":"Art of War"},{"floor":44.0,"key":"BookOfRevelations"},{"floor":48,"key":"Whetstone"}],"event_choices":[{"damage_healed":0.0,"max_hp_gain":5.0,"max_hp_loss":0.0,"gold_gain":0.0,"event_name":"Big Fish","player_choice":"Donut","floor":2.0,"gold_loss":0.0,"damage_taken":0.0},{"cards_removed":["Strike_R"],"damage_healed":0.0,"max_hp_gain":0.0,"max_hp_loss":0.0,"gold_gain":0.0,"event_name":"Bonfire Elementals","player_choice":"Offered Basic","floor":5.0,"gold_loss":0.0,"damage_taken":0.0},{"damage_healed":0.0,"max_hp_gain":0.0,"max_hp_loss":0.0,"gold_gain":0.0,"event_name":"Golden Idol","player_choice":"Take Damage","floor":8.0,"gold_loss":0.0,"damage_taken":26.0,"relics_obtained":["Golden Idol"]},{"damage_healed":0.0,"max_hp_gain":0.0,"max_hp_loss":0.0,"gold_gain":0.0,"event_name":"Addict","player_choice":"Obtained Relic","floor":20.0,"gold_loss":85.0,"damage_taken":0.0,"relics_obtained":["Meat on the Bone"]},{"damage_healed":0.0,"max_hp_gain":0.0,"max_hp_loss":0.0,"gold_gain":0.0,"cards_transformed":["Strike_R","Defend_R"],"event_name":"Drug Dealer","player_choice":"Became Test Subject","floor":21.0,"gold_loss":0.0,"damage_taken":0.0,"cards_obtained":["Shrug It Off","Demon Form"]},{"damage_healed":0.0,"max_hp_gain":0.0,"max_hp_loss":0.0,"gold_gain":0.0,"event_name":"Ghosts","player_choice":"Ignored","floor":25.0,"gold_loss":0.0,"damage_taken":0.0},{"damage_healed":0.0,"max_hp_gain":0.0,"max_hp_loss":0.0,"gold_gain":0.0,"event_name":"SensoryStone","player_choice":"Memory 1","floor":36.0,"gold_loss":0.0,"damage_taken":0.0},{"damage_healed":0.0,"max_hp_gain":0.0,"max_hp_loss":0.0,"gold_gain":0.0,"event_name":"Tomb of Lord Red Mask","player_choice":"Paid","floor":39.0,"gold_loss":179.0,"damage_taken":0.0,"relics_obtained":["Red Mask"]}],"is_beta":false,"boss_relics":[{"not_picked":["Calling Bell","Velvet Choker"],"picked":"MagicMushroom"},{"not_picked":[]},{"not_picked":["Tiny House","Black Blood"],"picked":"Mark of Pain"},{"not_picked":[]}],"items_purged_floors":[0,17],"is_endless":false,"potions_floor_spawned":[1,5,1,3,12,14,16,19,27,30,33,35,46,47,48],"ascension_level":8}}