{"host":"684z1xpuwaoqmmh1","time":1608203962,"event":{"mods":["Bard","BaseMod","Downfall","Hermit","Jorbs\u0027s Wanderer Trilogy","Marisa????????","Minty Spire (QoL Compilation)","StSLib","The Hierophant","The Mystic","The Runesmith"],"gold_per_floor":[99,99,132,282,308,308,308,233,253,283,293,180,255,117,137,235,235,235,250,250,283,283,316,397,415,415,443,443,443,82,82,101,204,204,204],"floor_reached":34,"playtime":1570,"items_purged":["Slimebound:Icky","Pain"],"score":770,"play_id":"5fa00bc1-fa09-49cf-88ad-c8eba5585d38","local_time":"20201217131922","is_ascension_mode":true,"campfire_choices":[{"floor":1,"key":"RECALL"},{"data":"champ:Taunt","floor":8,"key":"SMITH"},{"data":"champ:DancingMaster","floor":18,"key":"SMITH"},{"data":"champ:EndlessRage","floor":20,"key":"SMITH"},{"data":"champ:SteelEdge","floor":22,"key":"SMITH"},{"data":"champ:IgnorePain","floor":26,"key":"SMITH"}],"circlet_count":0,"master_deck":["AscendersBane","champ:Strike","champ:Strike","champ:Strike","champ:Defend","champ:Defend","champ:Defend","champ:Execute","champ:Taunt+1","champ:TornadoPunch","champ:DefensiveShout","champ:BerserkerStyle","champ:RageSigil","champ:EndlessRage+1","champ:SteelEdge+1","champ:RageSigil","champ:BringItOn","champ:FlashCut","champ:Balance","champ:DancingMaster+1","champ:StanceDance","champ:RisingSlash","champ:FaceSlap+1","champ:IgnorePain+1","champ:AdrenalArmor","champ:GutPunch","champ:IronFortress","Pain","champ:Aggression+1","champ:VampiricStrike"],"relics":["champ:ChampionCrown","downfall:HeartsMalice","Thread and Needle","InkBottle","WarpedTongs","Letter Opener","downfall:HeartBlessingRed","champ:SpectersHand","Empty Cage","Ornamental Fan","champ:DuelingGlove","Mercury Hourglass","Dream Catcher","MutagenicStrength","ClockworkSouvenir","champ:DefensiveTrainingManual","Girya","SlaversCollar"],"acts_visited":["Exordium","TheCity","TheBeyond"],"potions_floor_usage":[21,21,21,23,27],"damage_taken":[{"damage":0,"enemies":"Small Slimes","floor":2,"turns":1},{"damage":0,"enemies":"Gremlin Nob","floor":3,"turns":1},{"damage":0,"enemies":"Lagavulin","floor":5,"turns":1},{"damage":2,"enemies":"Cultist","floor":9,"turns":3},{"damage":50,"enemies":"Gremlin Nob","floor":10,"turns":4},{"damage":20,"enemies":"Jaw Worm","floor":11,"turns":3},{"damage":26,"enemies":"downfall:FleeingMerchant","floor":12,"turns":4},{"damage":9,"enemies":"downfall:FleeingMerchant","floor":14,"turns":4},{"damage":5,"enemies":"2 Fungi Beasts","floor":15,"turns":3},{"damage":55,"enemies":"downfall:Ironclad","floor":16,"turns":9},{"damage":26,"enemies":"Chosen","floor":19,"turns":4},{"damage":37,"enemies":"Book of Stabbing","floor":21,"turns":3},{"damage":22,"enemies":"Slavers","floor":23,"turns":4},{"damage":26,"enemies":"Spheric Guardian","floor":25,"turns":3},{"damage":31,"enemies":"Gremlin Leader","floor":27,"turns":5},{"damage":20,"enemies":"downfall:FleeingMerchant","floor":30,"turns":4},{"damage":20,"enemies":"Cultist and Chosen","floor":32,"turns":4},{"damage":57,"enemies":"downfall:Watcher","floor":33,"turns":8}],"seed_played":"-8206661279186034513","potions_obtained":[{"floor":5,"key":"FairyPotion"},{"floor":9,"key":"EntropicBrew"},{"floor":16,"key":"PowerPotion"},{"floor":21,"key":"SkillPotion"},{"floor":23,"key":"Regen Potion"}],"is_trial":false,"path_per_floor":["R","M","E","?","E","?","T","R","M","E","M","$","?","$","M","B",null,"R","M","R","E","R","E","T","M","R","E","?","?","$","?","M","B",null],"character_chosen":"THE_CHAMP","items_purchased":["champ:RageSigil","champ:FlashCut","champ:IronFortress","ClockworkSouvenir","champ:DefensiveTrainingManual"],"campfire_rested":0,"item_purchase_floors":[12,14,30,30,30],"current_hp_per_floor":[81,81,81,81,81,81,81,81,79,48,53,55,55,53,54,44,79,79,79,79,77,77,69,69,78,78,90,90,90,90,90,82,86,89,89],"gold":204,"neow_bonus":"THREE_ENEMY_KILL","is_daily":false,"chose_seed":false,"campfire_upgraded":5,"win_rate":0.0,"timestamp":1608203962,"path_taken":["R","M","E","?","E","?","T","R","M","E","?","$","?","$","M","BOSS","R","M","R","E","R","E","T","M","R","E","?","?","$","?","M","BOSS"],"items_purchased_type":["Card","Card","Card","Relic","Relic"],"build_version":"2020-12-13","purchased_purges":2,"victory":false,"max_hp_per_floor":[90,90,90,90,90,90,90,90,90,90,90,90,90,90,90,90,90,90,90,90,90,90,90,90,90,90,90,90,90,90,90,90,90,90,90],"card_choices":[{"not_picked":["champ:FocusedGladiator","champ:Duel"],"picked":"champ:TornadoPunch","floor":2},{"not_picked":["champ:BerserkersShout","champ:TornadoPunch"],"picked":"champ:DefensiveShout","floor":3},{"not_picked":["champ:PerfectedStrike","champ:ShieldSigil"],"picked":"champ:BerserkerStyle","floor":5},{"not_picked":["champ:SwordSigil","champ:FanOfKnives"],"picked":"champ:RageSigil","floor":9},{"not_picked":["champ:RapidStrikes","champ:ArenaPreparation"],"picked":"champ:EndlessRage","floor":10},{"not_picked":["champ:BladeFlurry","champ:FightOn","champ:ShieldSigil"],"picked":"SKIP","floor":11},{"not_picked":["champ:TornadoPunch","champ:EnGarde"],"picked":"champ:SteelEdge","floor":12},{"not_picked":["champ:Circumvent","champ:PreciseThrust"],"picked":"champ:BringItOn","floor":14},{"not_picked":["champ:BerserkersShout","champ:BladeFlurry"],"picked":"champ:Balance","floor":15},{"not_picked":["champ:SteelEdge","champ:EnchantShield"],"picked":"champ:DancingMaster","floor":16},{"not_picked":["champ:CrookedStrike","champ:EnGarde"],"picked":"champ:StanceDance","floor":19},{"not_picked":["champ:FalseCounter+1","champ:SwordSigil"],"picked":"champ:RisingSlash","floor":21},{"not_picked":["champ:TornadoPunch","champ:SwordSigil+1"],"picked":"champ:FaceSlap+1","floor":23},{"not_picked":["champ:TornadoPunch","champ:Aggression"],"picked":"champ:IgnorePain","floor":25},{"not_picked":["champ:FocusedDefense","champ:BringItOn"],"picked":"champ:AdrenalArmor","floor":27},{"not_picked":["champ:AdrenalArmor","champ:FocusedBerserking+1"],"picked":"champ:GutPunch","floor":30},{"not_picked":["champ:ShieldSigil","champ:Riposte"],"picked":"champ:Aggression+1","floor":32},{"not_picked":["champ:EnchantShield","champ:Improvising"],"picked":"champ:VampiricStrike","floor":33}],"player_experience":2350445,"relics_obtained":[{"floor":3,"key":"Thread and Needle"},{"floor":5,"key":"InkBottle"},{"floor":7,"key":"Letter Opener"},{"floor":10,"key":"champ:SpectersHand"},{"floor":21,"key":"Ornamental Fan"},{"floor":23,"key":"champ:DuelingGlove"},{"floor":24,"key":"Mercury Hourglass"},{"floor":27,"key":"Dream Catcher"}],"event_choices":[{"damage_healed":0,"gold_gain":0,"player_choice":"Rummage","damage_taken":0,"relics_obtained":["WarpedTongs"],"max_hp_gain":0,"max_hp_loss":0,"event_name":"Accursed Blacksmith","floor":6,"gold_loss":0,"cards_obtained":["Pain"]},{"damage_healed":0,"gold_gain":0,"player_choice":"Inject Mutagens","damage_taken":0,"relics_obtained":["MutagenicStrength"],"max_hp_gain":0,"max_hp_loss":0,"event_name":"Drug Dealer","floor":29,"gold_loss":0}],"is_beta":false,"boss_relics":[{"not_picked":["Snecko Eye","Velvet Choker"],"picked":"Empty Cage"},{"not_picked":["sneckomod:SneckoTalon","Tiny House"],"picked":"SlaversCollar"}],"items_purged_floors":[12,14],"is_endless":false,"potions_floor_spawned":[5,9,16,21,23],"ascension_level":11}}