{"host":"p9t7qd83igtcp2bh","time":1608225885,"event":{"mods":["2.2 Compatiblity","AchievementEnabler","BaseMod","Colored Map","Colored Powertips","Custom Start","DeckTracker","Keyboard Shortcuts","Minty Spire (QoL Compilation)","Permanent Neow","StSLib","SuperFastMode","everything is the same but u backflip on backflip"],"gold_per_floor":[18,38,52,70,83,83,99,99,99,119,119,130,55,69,69,142,142,156,156,156,174,17,17,34,63,63,79,79,4,4,32,32,106,106,119,130,141,65,65,90,101,101,101,117,131,131,131],"floor_reached":46,"playtime":1679,"items_purged":["Pain"],"score":967,"play_id":"b8f3b6b2-6820-4859-8495-3cf31d6e4340","local_time":"20201218022445","is_ascension_mode":true,"campfire_choices":[{"data":"Apotheosis","floor":6.0,"key":"SMITH"},{"floor":8.0,"key":"REST"},{"data":"Skim","floor":15.0,"key":"SMITH"},{"data":"1","floor":23.0,"key":"LIFT"},{"data":"2","floor":28,"key":"LIFT"},{"data":"3","floor":30,"key":"LIFT"},{"floor":32,"key":"REST"},{"floor":42,"key":"REST"}],"circlet_count":0,"master_deck":["AscendersBane","Strike_B","Strike_B","Strike_B","Defend_B","Defend_B","Defend_B","Defend_B","Zap","Dualcast","Apotheosis+1","Coolheaded","Doom and Gloom","Aggregate","Hologram","Go for the Eyes","FTL","Beam Cell","Fusion","Skim+1","Machine Learning","Heatsinks","Rebound","Compile Driver","Gash+1","Recycle","Echo Form","CurseOfTheBell","Stack+1","Coolheaded+1","FTL+1","Seek+1","Glacier","Hologram","Hello World","Blizzard","Steam Power","Turbo"],"relics":["Cracked Core","Bird Faced Urn","WarpedTongs","Fusion Hammer","Girya","Lee\u0027s Waffle","Pantograph","Darkstone Periapt","Emotion Chip","Calling Bell","Omamori","Mummified Hand","Gambling Chip","Prayer Wheel","Bottled Lightning"],"acts_visited":["Exordium","TheCity","TheBeyond"],"potions_floor_usage":[31,33,35,44,46,46],"damage_taken":[{"damage":0.0,"enemies":"Cultist","floor":1.0,"turns":3.0},{"damage":6.0,"enemies":"2 Louse","floor":2.0,"turns":2.0},{"damage":4.0,"enemies":"Jaw Worm","floor":3.0,"turns":3.0},{"damage":21.0,"enemies":"Exordium Wildlife","floor":4.0,"turns":5.0},{"damage":5.0,"enemies":"Exordium Thugs","floor":5.0,"turns":5.0},{"damage":5.0,"enemies":"Large Slime","floor":7.0,"turns":6.0},{"damage":9.0,"enemies":"Looter","floor":10.0,"turns":4.0},{"damage":15.0,"enemies":"Lots of Slimes","floor":12.0,"turns":3.0},{"damage":8.0,"enemies":"Gremlin Gang","floor":14.0,"turns":5.0},{"damage":0.0,"enemies":"Hexaghost","floor":16.0,"turns":9.0},{"damage":16.0,"enemies":"Spheric Guardian","floor":18.0,"turns":4.0},{"damage":31.0,"enemies":"2 Thieves","floor":21.0,"turns":5.0},{"damage":32.0,"enemies":"Shelled Parasite and Fungi","floor":24.0,"turns":5.0},{"damage":3.0,"enemies":"Gremlin Leader","floor":25.0,"turns":5.0},{"damage":4,"enemies":"Centurion and Healer","floor":27,"turns":5},{"damage":24,"enemies":"Slavers","floor":31,"turns":5},{"damage":15,"enemies":"Champ","floor":33,"turns":6},{"damage":27,"enemies":"3 Darklings","floor":35,"turns":4},{"damage":16,"enemies":"Orb Walker","floor":36,"turns":2},{"damage":23,"enemies":"Jaw Worm Horde","floor":37,"turns":4},{"damage":11,"enemies":"Giant Head","floor":40,"turns":7},{"damage":23,"enemies":"Transient","floor":41,"turns":5},{"damage":31,"enemies":"4 Shapes","floor":44,"turns":6},{"damage":4,"enemies":"Sphere and 2 Shapes","floor":45,"turns":4},{"damage":15,"enemies":"Reptomancer","floor":46,"turns":2}],"seed_played":"5712286762306871128","potions_obtained":[{"floor":1.0,"key":"Dexterity Potion"},{"floor":12.0,"key":"SkillPotion"},{"floor":16.0,"key":"FearPotion"},{"floor":21.0,"key":"DistilledChaos"},{"floor":31,"key":"PowerPotion"},{"floor":33,"key":"DuplicationPotion"},{"floor":37,"key":"Block Potion"},{"floor":40,"key":"Strength Potion"},{"floor":45,"key":"Fire Potion"}],"is_trial":false,"path_per_floor":["M","M","M","M","M","R","M","R","T","M","?","M","$","M","R","B",null,"M","?","T","M","$","R","M","E","T","M","R","?","R","E","R","B",null,"M","M","M","$","?","E","M","R","T","M","M","E"],"character_chosen":"DEFECT","items_purchased":["Lee\u0027s Waffle","Seek"],"campfire_rested":3,"item_purchase_floors":[22,38],"current_hp_per_floor":[64,58,54,33,28,28,23,44,44,35,35,20,20,14,14,14,57,43,43,43,14,78,78,48,47,47,45,45,45,45,25,48,78,84,65,49,32,32,32,27,10,35,35,8,10,0,0],"gold":131,"neow_bonus":"RANDOM_COLORLESS_2","is_daily":false,"chose_seed":false,"campfire_upgraded":2,"win_rate":0.0,"timestamp":1608225885,"path_taken":["M","M","?","M","M","R","M","R","T","M","?","?","?","M","R","BOSS","M","?","?","M","$","R","M","E","T","?","R","?","R","E","R","BOSS","M","M","M","$","?","E","M","R","T","M","?","E"],"items_purchased_type":["Relic","Card"],"build_version":"2020-12-13","purchased_purges":1,"victory":false,"max_hp_per_floor":[71,71,71,71,71,71,71,71,71,71,71,71,71,71,71,71,71,71,71,71,71,78,78,78,78,78,78,78,78,78,78,78,78,84,84,84,84,84,84,84,84,84,84,84,84,84,84],"card_choices":[{"not_picked":["Thinking Ahead","Transmutation"],"picked":"Apotheosis","floor":0.0},{"not_picked":["Leap","Redo"],"picked":"Coolheaded","floor":1.0},{"not_picked":["Hologram","Double Energy"],"picked":"Doom and Gloom","floor":2.0},{"not_picked":["Gash","Barrage"],"picked":"Aggregate","floor":3.0},{"not_picked":["Darkness","Steam"],"picked":"Hologram","floor":4.0},{"not_picked":["Darkness","Barrage"],"picked":"Go for the Eyes","floor":5.0},{"not_picked":["Rebound","Streamline"],"picked":"FTL","floor":7.0},{"not_picked":["BootSequence","Amplify"],"picked":"Beam Cell","floor":10.0},{"not_picked":["Steam Power","Aggregate"],"picked":"Fusion","floor":12.0},{"not_picked":["Double Energy","Darkness"],"picked":"Skim","floor":14.0},{"not_picked":["Meteor Strike","All For One"],"picked":"Machine Learning","floor":16.0},{"not_picked":["Streamline","Compile Driver"],"picked":"Heatsinks","floor":18.0},{"not_picked":["FTL","Cold Snap"],"picked":"Rebound","floor":21.0},{"not_picked":["Reinforced Body","Steam"],"picked":"Compile Driver","floor":24.0},{"not_picked":["Cold Snap","Beam Cell"],"picked":"Gash+1","floor":25.0},{"not_picked":["Melter","Scrape","Rebound"],"picked":"SKIP","floor":27},{"not_picked":["Echo Form","Hologram"],"picked":"Recycle","floor":31},{"not_picked":["Electrodynamics","Machine Learning"],"picked":"Echo Form","floor":33},{"not_picked":["Conserve Battery","Leap+1"],"picked":"Stack+1","floor":35},{"not_picked":["Beam Cell","Genetic Algorithm"],"picked":"Coolheaded+1","floor":36},{"not_picked":["Steam+1","Sweeping Beam"],"picked":"FTL+1","floor":37},{"not_picked":["Storm","Core Surge","Steam"],"picked":"SKIP","floor":40},{"not_picked":["Redo+1","Cold Snap"],"picked":"Glacier","floor":41},{"not_picked":["Compile Driver","Doom and Gloom"],"picked":"Hologram","floor":41},{"not_picked":["Coolheaded","Recycle"],"picked":"Hello World","floor":44},{"not_picked":["Scrape","Melter"],"picked":"Blizzard","floor":44},{"not_picked":["Scrape","Beam Cell"],"picked":"Steam Power","floor":45},{"not_picked":["Double Energy","Hologram"],"picked":"Turbo","floor":45}],"player_experience":557789,"relics_obtained":[{"floor":9.0,"key":"Bird Faced Urn"},{"floor":20.0,"key":"Girya"},{"floor":25.0,"key":"Pantograph"},{"floor":26,"key":"Darkstone Periapt"},{"floor":31,"key":"Emotion Chip"},{"floor":34,"key":"Omamori"},{"floor":34,"key":"Mummified Hand"},{"floor":34,"key":"Gambling Chip"},{"floor":40,"key":"Prayer Wheel"},{"floor":43,"key":"Bottled Lightning"}],"event_choices":[{"damage_healed":0.0,"max_hp_gain":0.0,"max_hp_loss":0.0,"gold_gain":0.0,"event_name":"Accursed Blacksmith","player_choice":"Rummage","floor":11.0,"gold_loss":0.0,"damage_taken":0.0,"relics_obtained":["WarpedTongs"],"cards_obtained":["Pain"]},{"damage_healed":0.0,"max_hp_gain":0.0,"max_hp_loss":0.0,"gold_gain":0.0,"event_name":"Cursed Tome","player_choice":"Ignored","floor":19.0,"gold_loss":0.0,"damage_taken":0.0},{"cards_removed":["Strike_B"],"damage_healed":0,"gold_gain":0,"player_choice":"Gave Gold","damage_taken":0,"max_hp_gain":0,"max_hp_loss":0,"event_name":"Beggar","floor":29,"gold_loss":75},{"damage_healed":0,"gold_gain":0,"player_choice":"Upgraded","damage_taken":0,"max_hp_gain":0,"max_hp_loss":0,"event_name":"Upgrade Shrine","floor":39,"gold_loss":0,"cards_upgraded":["Seek"]}],"is_beta":false,"boss_relics":[{"not_picked":["SlaversCollar","Busted Crown"],"picked":"Fusion Hammer"},{"not_picked":["Tiny House","Runic Dome"],"picked":"Calling Bell"}],"items_purged_floors":[13],"is_endless":false,"potions_floor_spawned":[1,12,16,21,31,33,37,40,45],"killed_by":"Reptomancer","ascension_level":15}}