{"host":"dwac3oi3s9eqm522","time":1608226549,"event":{"mods":["A Magickal Journey","BaseMod","Better Third Choice","BetterRewards","Hermit","Hubris","Infinite Spire","Mathematician","Mimic Mod","Minty Spire (QoL Compilation)","Replay The Spire","Shade Mod","Shop Mod","StSLib","The Bladedancer","The Bug Knight","The Cursed","The Dragon Tamer","The Necromancer","The Runesmith"],"gold_per_floor":[217,217,233,233,233,233,248,248,248,248,248,248,260,279,279,381,381,395,395,347,358,372,372,382,382,406,406,406,418,418,433,433,534,534,547,547,547,547,557,557,569,586,586,612,612,612,625,645,645,645],"floor_reached":51,"playtime":2006,"items_purged":[],"score":544,"play_id":"a9217ae0-95c4-4300-b86d-c7d168db944a","local_time":"20201217173549","is_ascension_mode":false,"campfire_choices":[{"data":"Neutralize","floor":6.0,"key":"SMITH"},{"data":"Terror","floor":8.0,"key":"SMITH"},{"data":"Strike_G","floor":10.0,"key":"SMITH"},{"data":"Infinite Blades","floor":15.0,"key":"SMITH"},{"floor":23.0,"key":"REST"},{"data":"Blade Dance","floor":32.0,"key":"SMITH"},{"floor":40.0,"key":"REST"},{"floor":45,"key":"REST"},{"floor":49,"key":"REST"}],"circlet_count":0,"master_deck":["Strike_G+1","Strike_G+1","Strike_G+1","Strike_G+1","Strike_G+1","Defend_G+1","Defend_G+1","Defend_G+1","Defend_G+1","Defend_G+1","Survivor","Neutralize+1","Terror+1","Infinite Blades+1","Blade Dance","Adrenaline","Blade Dance","Well Laid Plans","Blade Dance+1","Accuracy+1","Accuracy","Cloak And Dagger+1","hubris:DuctTapeCard","Cloak And Dagger+1","ReplayTheSpireMod:Scrap Shanks"],"relics":["Ring of the Snake","hubris:Icosahedron","Eternal Feather","SlaversCollar","NlothsMask","hubris:HollowSoul","hubris:DuctTape","Vajra"],"acts_visited":["Exordium","TheCity","TheBeyond"],"potions_floor_usage":[47,50,50],"damage_taken":[{"damage":1.0,"enemies":"Jaw Worm","floor":1.0,"turns":7.0},{"damage":0.0,"enemies":"2 Louse","floor":3.0,"turns":2.0},{"damage":0.0,"enemies":"Cultist","floor":7.0,"turns":4.0},{"damage":2.0,"enemies":"Exordium Wildlife","floor":13.0,"turns":3.0},{"damage":2.0,"enemies":"Gremlin Gang","floor":14.0,"turns":5.0},{"damage":13.0,"enemies":"Hexaghost","floor":16.0,"turns":8.0},{"damage":9.0,"enemies":"Shell Parasite","floor":18.0,"turns":5.0},{"damage":23.0,"enemies":"3 Cultists","floor":21.0,"turns":7.0},{"damage":20.0,"enemies":"Chosen and Byrds","floor":22.0,"turns":5.0},{"damage":7.0,"enemies":"Snecko","floor":24.0,"turns":4.0},{"damage":23.0,"enemies":"Centurion and Healer","floor":29.0,"turns":5.0},{"damage":2.0,"enemies":"Sentry and Sphere","floor":31.0,"turns":4.0},{"damage":2.0,"enemies":"Automaton","floor":33.0,"turns":4.0},{"damage":11.0,"enemies":"Orb Walker","floor":35.0,"turns":3.0},{"damage":27.0,"enemies":"3 Shapes","floor":39.0,"turns":5.0},{"damage":14.0,"enemies":"Spire Growth","floor":41.0,"turns":4.0},{"damage":6.0,"enemies":"Maw","floor":42.0,"turns":5.0},{"damage":38,"enemies":"HollowMod:StalkingDevout","floor":44,"turns":5},{"damage":18,"enemies":"Transient","floor":47,"turns":5},{"damage":12,"enemies":"Maw","floor":48,"turns":6},{"damage":38,"enemies":"Replay:Hell Engine","floor":50,"turns":8}],"seed_played":"5582513251432198616","potions_obtained":[{"floor":3.0,"key":"Block Potion"},{"floor":7.0,"key":"Strength Potion"},{"floor":14.0,"key":"LifebloodPotion"},{"floor":24.0,"key":"Venom Potion"},{"floor":29.0,"key":"PowerPotion"},{"floor":35.0,"key":"AttackPotion"},{"floor":44,"key":"LiquidMemories"},{"floor":46,"key":"Weak Potion"}],"is_trial":false,"path_per_floor":["M","?","M","$","?","R","M","R","T","R","?","?","M","M","R","B",null,"M","?","$","M","M","R","M","?","T","?","$","M","?","M","R","B",null,"M","?","?","$","M","R","M","M","T","E","R","?","M","M","R","B",null],"character_chosen":"THE_SILENT","items_purchased":["Blade Dance"],"campfire_rested":4,"item_purchase_floors":[20],"current_hp_per_floor":[69,69,69,69,69,69,69,69,69,70,70,70,68,66,70,57,70,61,61,61,38,18,48,41,41,41,41,41,18,5,3,15,13,75,64,64,64,64,37,71,57,51,51,13,47,47,29,17,54,16],"gold":645,"neow_bonus":"HUNDRED_GOLD","is_daily":false,"chose_seed":false,"campfire_upgraded":5,"win_rate":0.0,"timestamp":1608226549,"path_taken":["M","?","M","$","?","R","M","R","T","R","?","?","?","M","R","BOSS","M","?","$","M","?","R","M","?","T","?","?","M","?","?","R","BOSS","M","?","?","$","?","R","M","M","T","E","R","?","?","M","R","BOSS"],"items_purchased_type":["Card"],"build_version":"2020-12-13","purchased_purges":0,"victory":true,"max_hp_per_floor":[70,70,70,70,70,70,70,70,70,70,70,70,70,70,70,70,70,70,70,70,70,70,70,70,70,70,70,70,70,75,75,75,75,75,75,75,75,75,75,75,75,75,75,75,75,75,75,75,75,75],"card_choices":[{"not_picked":["hubris:SlightOfHand","Prepared","Calculated Gamble"],"picked":"SKIP","floor":1.0},{"not_picked":["Footwork","hubris:SlightOfHand","Dagger Throw"],"picked":"SKIP","floor":3.0},{"not_picked":["Flechettes","Deflect"],"picked":"Terror","floor":7.0},{"not_picked":["Bane","hubris:SlightOfHand"],"picked":"Infinite Blades","floor":13.0},{"not_picked":["Calculated Gamble","Dagger Throw"],"picked":"Blade Dance","floor":14.0},{"not_picked":["ReplayTheSpireMod:Necrosis","Atom Bomb"],"picked":"Adrenaline","floor":16.0},{"not_picked":["Riddle With Holes","Hidden Blade","All Out Attack"],"picked":"SKIP","floor":18.0},{"not_picked":["Deadly Poison","Dodge and Roll"],"picked":"Well Laid Plans","floor":21.0},{"not_picked":["Skewer","Flying Knee"],"picked":"Blade Dance","floor":22.0},{"not_picked":["Underhanded Strike","Bane","Toxin Wave"],"picked":"SKIP","floor":24.0},{"not_picked":["Dodge and Roll+1","Cloak And Dagger"],"picked":"Accuracy+1","floor":29.0},{"not_picked":["Bane","hubris:Sniper","Hidden Blade"],"picked":"SKIP","floor":31.0},{"not_picked":["Malaise","Unload"],"picked":"After Image","floor":33.0},{"not_picked":["hubris:Counter+1","Flying Knee","Hidden Blade+1"],"picked":"SKIP","floor":35.0},{"not_picked":["Quick Slash+1","Sneak Up"],"picked":"Accuracy","floor":39.0},{"not_picked":["Bane+1","Fluid Movement"],"picked":"Cloak And Dagger+1","floor":41.0},{"not_picked":["Flechettes+1","ReplayTheSpireMod:Scrap Shanks+1","Crippling Poison"],"picked":"SKIP","floor":42.0},{"not_picked":["Flechettes+1","Crippling Poison"],"picked":"ReplayTheSpireMod:Scrap Shanks+1","floor":42.0},{"not_picked":["Dodge and Roll","hubris:Sniper+1"],"picked":"Cloak And Dagger+1","floor":44},{"not_picked":["Backflip+1","Distraction"],"picked":"ReplayTheSpireMod:Scrap Shanks","floor":47},{"not_picked":["Acrobatics","Skewer+1","PiercingWail"],"picked":"SKIP","floor":48}],"player_experience":449925,"relics_obtained":[{"floor":9.0,"key":"Eternal Feather"},{"floor":43,"key":"hubris:DuctTape"},{"floor":44,"key":"Vajra"}],"event_choices":[{"damage_healed":0.0,"max_hp_gain":0.0,"max_hp_loss":0.0,"gold_gain":0.0,"event_name":"WeMeetAgain","player_choice":"Ignored","floor":12.0,"gold_loss":0.0,"damage_taken":0.0},{"damage_healed":0.0,"max_hp_gain":0.0,"max_hp_loss":0.0,"gold_gain":0.0,"event_name":"FaceTrader","player_choice":"Trade","floor":19.0,"gold_loss":0.0,"damage_taken":0.0,"relics_obtained":["NlothsMask"]},{"damage_healed":0.0,"max_hp_gain":0.0,"max_hp_loss":8.0,"gold_gain":0.0,"event_name":"betterThird:BetterWriting","player_choice":"Simplicity","floor":25.0,"gold_loss":0.0,"damage_taken":0.0},{"damage_healed":0.0,"max_hp_gain":5.0,"max_hp_loss":0.0,"gold_gain":0.0,"event_name":"Forgotten Altar","player_choice":"Shed Blood","floor":30.0,"gold_loss":0.0,"damage_taken":18.0},{"damage_healed":0.0,"max_hp_gain":0.0,"max_hp_loss":0.0,"gold_gain":0.0,"event_name":"Tomb of Lord Red Mask","player_choice":"Ignored","floor":36.0,"gold_loss":0.0,"damage_taken":0.0},{"damage_healed":0.0,"max_hp_gain":0.0,"max_hp_loss":0.0,"gold_gain":0.0,"event_name":"Upgrade Shrine","player_choice":"Upgraded","floor":37.0,"gold_loss":0.0,"damage_taken":0.0,"cards_upgraded":["After Image"]},{"damage_healed":0,"gold_gain":0,"player_choice":"Got Potions","damage_taken":0,"max_hp_gain":0,"max_hp_loss":0,"event_name":"Lab","floor":46,"gold_loss":0}],"is_beta":false,"boss_relics":[{"not_picked":["Runic Dome","Honey Jar"],"picked":"SlaversCollar"},{"not_picked":["hubris:RunicObelisk","hubris:GrandSneckoEye"],"picked":"hubris:HollowSoul"}],"items_purged_floors":[],"is_endless":false,"potions_floor_spawned":[3,7,14,24,29,31,35,44],"ascension_level":0}}