{"host":"msepye59htvs4aw4","time":1608226682,"event":{"mods":["BaseMod","Colored Map","DeckTracker","Highlight Path","Minty Spire (QoL Compilation)","Shop Mod","StSLib","SuperFastMode"],"gold_per_floor":[18,18,18,18,37,37,37,37,60,101,22,58,73,94,94,189,189,208,68,94,19,39,39,60,60,130,130,154,7,132,132,132,223,223,239,239,132,132,148,148,171,70,70,70,70],"floor_reached":44,"playtime":4736,"items_purged":[],"score":721,"play_id":"df4ee7d9-6c9c-49b8-9dc6-d2ecb3690f61","local_time":"20201217183802","is_ascension_mode":true,"campfire_choices":[{"floor":6,"key":"REST"},{"data":"Poisoned Stab","floor":8,"key":"SMITH"},{"floor":15,"key":"REST"},{"floor":23,"key":"REST"},{"data":"Adrenaline","floor":25,"key":"SMITH"},{"data":"Leg Sweep","floor":27,"key":"SMITH"},{"floor":32,"key":"REST"},{"data":"Backflip","floor":40,"key":"SMITH"}],"circlet_count":0,"master_deck":["AscendersBane","Strike_G","Strike_G","Strike_G","Strike_G","Defend_G+1","Defend_G","Defend_G","Defend_G","Survivor+1","Neutralize","After Image","Poisoned Stab+1","PiercingWail","Footwork","Malaise","Deadly Poison","Adrenaline+1","Leg Sweep+1","Footwork","PiercingWail","Backflip+1","Dagger Spray+1","Footwork","Dagger Spray"],"relics":["Ring of the Snake","Golden Idol","Vajra","HornCleat","CaptainsWheel","Busted Crown","Regal Pillow","Letter Opener","Lee\u0027s Waffle","Lizard Tail","Ninja Scroll","Dream Catcher","SacredBark","Bottled Flame"],"acts_visited":["Exordium","TheCity","TheBeyond"],"potions_floor_usage":[10,14,16,22,22,28,30,30],"damage_taken":[{"damage":0,"enemies":"2 Louse","floor":1,"turns":4},{"damage":1,"enemies":"Small Slimes","floor":5,"turns":4},{"damage":21,"enemies":"Gremlin Nob","floor":10,"turns":5},{"damage":25,"enemies":"Lagavulin","floor":12,"turns":9},{"damage":0,"enemies":"Jaw Worm","floor":13,"turns":6},{"damage":0,"enemies":"Red Slaver","floor":14,"turns":5},{"damage":9,"enemies":"The Guardian","floor":16,"turns":13},{"damage":4,"enemies":"Spheric Guardian","floor":18,"turns":6},{"damage":0,"enemies":"2 Thieves","floor":22,"turns":4},{"damage":4,"enemies":"Snake Plant","floor":24,"turns":6},{"damage":13,"enemies":"3 Cultists","floor":28,"turns":7},{"damage":0,"enemies":"Colosseum Slavers","floor":30,"turns":6},{"damage":11,"enemies":"Colosseum Nobs","floor":30,"turns":9},{"damage":69,"enemies":"Collector","floor":33,"turns":15},{"damage":6,"enemies":"3 Darklings","floor":35,"turns":12},{"damage":2,"enemies":"3 Shapes","floor":39,"turns":6},{"damage":25,"enemies":"3 Darklings","floor":41,"turns":5},{"damage":34,"enemies":"4 Shapes","floor":44,"turns":4}],"seed_played":"-1360363747936426266","potions_obtained":[{"floor":5,"key":"Swift Potion"},{"floor":12,"key":"Swift Potion"},{"floor":13,"key":"Ancient Potion"},{"floor":14,"key":"EssenceOfSteel"},{"floor":18,"key":"EntropicBrew"},{"floor":28,"key":"DistilledChaos"},{"floor":39,"key":"PowerPotion"},{"floor":41,"key":"PowerPotion"}],"is_trial":false,"path_per_floor":["M","?","$","?","M","R","$","R","T","E","$","E","M","M","R","B",null,"M","$","T","?","M","R","M","R","T","R","M","$","?","T","R","B",null,"M","?","$","?","M","R","M","$","T","M"],"character_chosen":"THE_SILENT","items_purchased":["Footwork","Leg Sweep","Footwork","Lee\u0027s Waffle","Backflip","Dagger Spray","Footwork","Dagger Spray"],"campfire_rested":4,"item_purchase_floors":[11,19,19,29,37,37,42,42],"current_hp_per_floor":[59,59,59,41,40,58,58,58,58,37,37,12,12,12,30,21,50,46,46,46,46,46,60,56,56,56,56,43,67,56,56,67,31,58,52,52,52,52,50,50,25,25,25,0,0],"gold":70,"neow_bonus":"THREE_RARE_CARDS","is_daily":false,"chose_seed":false,"campfire_upgraded":4,"win_rate":0.0,"timestamp":1608226682,"path_taken":["M","?","$","?","M","R","?","R","T","E","$","E","?","M","R","BOSS","M","$","?","?","M","R","M","R","T","R","M","$","?","?","R","BOSS","M","?","$","?","M","R","?","$","T","M"],"items_purchased_type":["Card","Card","Card","Relic","Card","Card","Card","Card"],"build_version":"2020-12-13","purchased_purges":0,"victory":false,"max_hp_per_floor":[66,60,60,60,60,60,60,60,60,60,60,60,60,60,60,60,60,60,60,60,60,60,60,60,60,60,60,60,67,67,67,67,67,67,67,67,67,67,67,67,67,67,67,67,67],"card_choices":[{"not_picked":["Envenom","Unload"],"picked":"After Image","floor":0},{"not_picked":["PiercingWail","Dodge and Roll"],"picked":"Poisoned Stab","floor":1},{"not_picked":["Acrobatics","Cloak And Dagger"],"picked":"PiercingWail","floor":5},{"not_picked":["Accuracy","Expertise","Caltrops"],"picked":"SKIP","floor":10},{"not_picked":["Prepared","Dagger Throw"],"picked":"Malaise","floor":12},{"not_picked":["Quick Slash","Bane"],"picked":"Deadly Poison","floor":13},{"not_picked":["Slice","Setup","Blade Dance"],"picked":"SKIP","floor":14},{"not_picked":["Night Terror","A Thousand Cuts"],"picked":"Adrenaline","floor":16},{"not_picked":["Poisoned Stab"],"picked":"SKIP","floor":18},{"not_picked":[],"picked":"PiercingWail","floor":22},{"not_picked":["Acrobatics"],"picked":"SKIP","floor":24},{"not_picked":["Slice"],"picked":"SKIP","floor":28},{"not_picked":["Endless Agony+1"],"picked":"SKIP","floor":35},{"not_picked":["Backflip"],"picked":"SKIP","floor":39},{"not_picked":["Flying Knee"],"picked":"SKIP","floor":41}],"player_experience":1592457,"relics_obtained":[{"floor":9,"key":"Vajra"},{"floor":10,"key":"HornCleat"},{"floor":12,"key":"CaptainsWheel"},{"floor":20,"key":"Regal Pillow"},{"floor":26,"key":"Letter Opener"},{"floor":30,"key":"Lizard Tail"},{"floor":30,"key":"Ninja Scroll"},{"floor":31,"key":"Dream Catcher"},{"floor":43,"key":"Bottled Flame"}],"event_choices":[{"damage_healed":0,"gold_gain":0,"player_choice":"Lose Max HP","damage_taken":0,"relics_obtained":["Golden Idol"],"max_hp_gain":0,"max_hp_loss":6,"event_name":"Golden Idol","floor":2,"gold_loss":0},{"damage_healed":0,"gold_gain":0,"player_choice":"Entered Light","damage_taken":18,"max_hp_gain":0,"max_hp_loss":0,"event_name":"Shining Light","floor":4,"gold_loss":0,"cards_upgraded":["Survivor","Defend_G"]},{"cards_removed":["Defend_G"],"damage_healed":0,"gold_gain":0,"player_choice":"Gave Gold","damage_taken":0,"max_hp_gain":0,"max_hp_loss":0,"event_name":"Beggar","floor":21,"gold_loss":75},{"damage_healed":0,"gold_gain":0,"player_choice":"Fight","damage_taken":0,"max_hp_gain":0,"max_hp_loss":0,"event_name":"Colosseum","floor":30,"gold_loss":0},{"damage_healed":0,"gold_gain":0,"player_choice":"Fought Nobs","damage_taken":0,"max_hp_gain":0,"max_hp_loss":0,"event_name":"Colosseum","floor":30,"gold_loss":0},{"cards_removed":["Strike_G"],"damage_healed":0,"gold_gain":0,"player_choice":"Removed Attack","damage_taken":0,"max_hp_gain":0,"max_hp_loss":0,"event_name":"Falling","floor":36,"gold_loss":0},{"damage_healed":0,"gold_gain":0,"player_choice":"Forge","damage_taken":0,"max_hp_gain":0,"max_hp_loss":0,"event_name":"Accursed Blacksmith","floor":38,"gold_loss":0,"cards_upgraded":["Dagger Spray"]}],"is_beta":false,"boss_relics":[{"not_picked":["Snecko Eye","Black Star"],"picked":"Busted Crown"},{"not_picked":["SlaversCollar","Velvet Choker"],"picked":"SacredBark"}],"items_purged_floors":[],"is_endless":false,"potions_floor_spawned":[5,12,13,14,18,24,28,39,41],"killed_by":"4 Shapes","ascension_level":15}}