{"host":"z60ck2mpr6goyib8","time":1608201019,"event":{"mods":["BaseMod","Best Route Mod","Bestiary","Better Third Choice","Block Reminder","Colored Map","Colored Powertips","Googly Eyes","Minty Spire (QoL Compilation)","Quick Restart","Relic Stats","Slay-I","StSLib","everything is the same but u backflip on backflip"],"gold_per_floor":[109,109,8,8,8,39,58,58,112,162,192,240,252,252],"floor_reached":13,"playtime":326,"items_purged":["Strike_R"],"score":174,"play_id":"5171c4fa-2f29-4316-a021-95e11b415d05","local_time":"20201217103019","is_ascension_mode":true,"campfire_choices":[],"circlet_count":0,"master_deck":["AscendersBane","Strike_R","Strike_R","Strike_R","Strike_R","Defend_R","Defend_R","Defend_R","Bash","Intimidate","Shrug It Off","Dark Embrace","Flex","Twin Strike","Offering","Sever Soul"],"relics":["Burning Blood","NeowsBlessing","Omamori","Pantograph","Golden Idol","MawBank","Akabeko","Odd Mushroom"],"acts_visited":["Exordium"],"potions_floor_usage":[12,13],"damage_taken":[{"damage":0,"enemies":"2 Louse","floor":1,"turns":1},{"damage":0,"enemies":"Lagavulin","floor":6,"turns":1},{"damage":0,"enemies":"Small Slimes","floor":7,"turns":1},{"damage":50,"enemies":"3 Sentries","floor":10,"turns":12},{"damage":6,"enemies":"Cultist","floor":11,"turns":3},{"damage":22,"enemies":"The Mushroom Lair","floor":12,"turns":4},{"damage":23,"enemies":"Lagavulin","floor":13,"turns":3}],"seed_played":"5216769735010901637","potions_obtained":[{"floor":6,"key":"FairyPotion"},{"floor":7,"key":"DuplicationPotion"},{"floor":12,"key":"SkillPotion"}],"is_trial":false,"path_per_floor":["M","?","$","?","$","E","M","?","T","E","M","?","E"],"character_chosen":"IRONCLAD","items_purchased":["Shrug It Off"],"campfire_rested":0,"item_purchase_floors":[3],"current_hp_per_floor":[78,60,60,53,53,59,65,45,45,30,30,14,0,0],"gold":252,"neow_bonus":"THREE_ENEMY_KILL","is_daily":false,"chose_seed":false,"campfire_upgraded":0,"win_rate":0.0,"timestamp":1608201019,"path_taken":["M","?","$","?","$","E","M","?","T","E","M","?","E"],"items_purchased_type":["Card"],"build_version":"2020-12-13","purchased_purges":1,"victory":false,"max_hp_per_floor":[80,80,80,80,80,80,80,80,80,80,80,80,80,80],"relic_stats":{"counters":[7,25],"Golden Idol":19,"Pantograph":0,"MawBank":48,"obtain_stats":[{"NeowsBlessing":0,"Golden Idol":8,"Pantograph":6,"Omamori":2,"Odd Mushroom":12,"MawBank":9,"Burning Blood":0,"Akabeko":10},{"NeowsBlessing":0,"Golden Idol":3,"Pantograph":2,"Omamori":1,"Odd Mushroom":6,"MawBank":3,"Burning Blood":0,"Akabeko":4},{"NeowsBlessing":0,"Golden Idol":3,"Pantograph":2,"Omamori":1,"Odd Mushroom":22,"MawBank":3,"Burning Blood":0,"Akabeko":15}],"Burning Blood":36},"card_choices":[{"not_picked":["Anger","Rage"],"picked":"Intimidate","floor":1},{"not_picked":["Dropkick","Dual Wield"],"picked":"Dark Embrace","floor":6},{"not_picked":["Sentinel","Dark Embrace"],"picked":"Flex","floor":7},{"not_picked":["Blood for Blood","Shrug It Off"],"picked":"Twin Strike","floor":10},{"not_picked":["Anger","Wild Strike"],"picked":"Offering","floor":11},{"not_picked":["Heavy Blade","Feel No Pain"],"picked":"Sever Soul","floor":12}],"player_experience":492189,"relics_obtained":[{"floor":6,"key":"Pantograph"},{"floor":9,"key":"MawBank"},{"floor":10,"key":"Akabeko"},{"floor":12,"key":"Odd Mushroom"}],"event_choices":[{"damage_healed":0,"gold_gain":0,"player_choice":"Relic ","damage_taken":18,"max_hp_gain":0,"max_hp_loss":0,"event_name":"betterThird:BetterScrap","floor":2,"gold_loss":0,"cards_obtained":["All Out Attack"]},{"cards_removed":["Defend_R"],"damage_healed":0,"gold_gain":0,"player_choice":"Card Removal","damage_taken":7,"max_hp_gain":0,"max_hp_loss":0,"event_name":"Golden Wing","floor":4,"gold_loss":0},{"damage_healed":0,"gold_gain":0,"player_choice":"Take Damage","damage_taken":20,"relics_obtained":["Golden Idol"],"max_hp_gain":0,"max_hp_loss":0,"event_name":"Golden Idol","floor":8,"gold_loss":0},{"damage_healed":0,"gold_gain":0,"player_choice":"Fought Mushrooms","damage_taken":0,"max_hp_gain":0,"max_hp_loss":0,"event_name":"Mushrooms","floor":12,"gold_loss":0}],"is_beta":false,"boss_relics":[],"items_purged_floors":[3],"is_endless":false,"potions_floor_spawned":[6,7,12],"killed_by":"Lagavulin","ascension_level":10}}