{"host":"y3h3n3f7seyagppx","time":1608182378,"event":{"mods":["AlwaysNeverKeys","BaseMod","Better Vampires","Colored Powertips","DeckTracker","Emptier Cage","Minty Spire (QoL Compilation)","Permanent Neow","Quick Restart","Rare Cards Sparkle","Relic Sorter","Relic Stats","StSLib","Transform Curses"],"gold_per_floor":[210,38,55,74,74,74,108,108,131,148,176,176,206,206,218,230,230],"floor_reached":16,"playtime":4138,"items_purged":[],"score":286,"play_id":"151ef084-1fe4-4be3-91b5-a8b620a21314","local_time":"20201217001938","is_ascension_mode":true,"campfire_choices":[{"data":"Carnage","floor":6,"key":"SMITH"},{"data":"Bash","floor":8,"key":"SMITH"},{"data":"Whirlwind","floor":15,"key":"SMITH"}],"circlet_count":0,"master_deck":["AscendersBane","Strike_R","Strike_R","Strike_R","Strike_R+1","Strike_R+1","Defend_R","Defend_R","Defend_R","Defend_R","Bash+1","Feel No Pain","Carnage+1","Decay","Anger","Whirlwind+1"],"relics":["Burning Blood","Whetstone","Akabeko","Pen Nib","Champion Belt","Mummified Hand","MawBank"],"acts_visited":["Exordium"],"potions_floor_usage":[7,11],"damage_taken":[{"damage":6,"enemies":"Cultist","floor":1,"turns":4},{"damage":4,"enemies":"Small Slimes","floor":3,"turns":3},{"damage":12,"enemies":"Jaw Worm","floor":4,"turns":3},{"damage":21,"enemies":"3 Sentries","floor":7,"turns":11},{"damage":19,"enemies":"Large Slime","floor":10,"turns":4},{"damage":32,"enemies":"Lagavulin","floor":11,"turns":4},{"damage":0,"enemies":"Gremlin Nob","floor":13,"turns":2},{"damage":19,"enemies":"Hexaghost","floor":16,"turns":7}],"seed_played":"1263409457593503157","potions_obtained":[{"floor":1,"key":"Dexterity Potion"},{"floor":3,"key":"ElixirPotion"},{"floor":7,"key":"Strength Potion"}],"is_trial":false,"path_per_floor":["M","$","M","M","?","R","E","R","T","M","E","?","E","?","R","B"],"character_chosen":"IRONCLAD","items_purchased":["Whetstone"],"campfire_rested":0,"item_purchase_floors":[2],"current_hp_per_floor":[68,68,70,64,64,64,49,49,49,36,10,10,16,16,16,0,0],"gold":230,"neow_bonus":"HUNDRED_GOLD","is_daily":false,"chose_seed":false,"campfire_upgraded":3,"win_rate":0.0,"timestamp":1608182378,"path_taken":["M","$","M","?","?","R","E","R","T","?","E","?","E","?","R","BOSS"],"items_purchased_type":["Relic"],"build_version":"2020-12-13","purchased_purges":0,"victory":false,"max_hp_per_floor":[75,75,75,75,75,75,75,75,75,75,75,75,75,75,75,75,75],"relic_stats":{"counters":[8,38],"Mummified Hand":[1],"Pen Nib":[3],"Whetstone":["Strike_R","Strike_R"],"Champion Belt":[2],"MawBank":24,"obtain_stats":[{"Mummified Hand":13,"Pen Nib":9,"Whetstone":2,"Champion Belt":11,"MawBank":14,"Burning Blood":0,"Akabeko":7},{"Mummified Hand":7,"Pen Nib":4,"Whetstone":1,"Champion Belt":6,"MawBank":7,"Burning Blood":0,"Akabeko":4},{"Mummified Hand":31,"Pen Nib":21,"Whetstone":4,"Champion Belt":29,"MawBank":31,"Burning Blood":0,"Akabeko":21}],"Burning Blood":42},"card_choices":[{"not_picked":["Searing Blow","Cleave"],"picked":"Feel No Pain","floor":1},{"not_picked":["Whirlwind","True Grit"],"picked":"Carnage","floor":3},{"not_picked":["Pommel Strike","Headbutt","Intimidate"],"picked":"SKIP","floor":4},{"not_picked":["Second Wind","Blood for Blood","Wild Strike"],"picked":"SKIP","floor":7},{"not_picked":["Iron Wave","Feel No Pain"],"picked":"Anger","floor":10},{"not_picked":["Body Slam","Pummel","Rampage"],"picked":"SKIP","floor":11},{"not_picked":["Pommel Strike","Body Slam"],"picked":"Whirlwind","floor":13}],"player_experience":20000466,"relics_obtained":[{"floor":7,"key":"Akabeko"},{"floor":9,"key":"Pen Nib"},{"floor":11,"key":"Champion Belt"},{"floor":13,"key":"Mummified Hand"}],"event_choices":[{"damage_healed":0,"gold_gain":0,"player_choice":"Cursed","damage_taken":0,"max_hp_gain":0,"max_hp_loss":0,"event_name":"Wheel of Change","floor":5,"gold_loss":0,"cards_obtained":["Decay"]},{"damage_healed":0,"gold_gain":0,"player_choice":"Ignored","damage_taken":0,"max_hp_gain":0,"max_hp_loss":0,"event_name":"Shining Light","floor":12,"gold_loss":0},{"damage_healed":0,"gold_gain":0,"player_choice":"Gave Potion","damage_taken":0,"relics_obtained":["MawBank"],"max_hp_gain":0,"max_hp_loss":0,"event_name":"WeMeetAgain","floor":14,"gold_loss":0}],"is_beta":false,"boss_relics":[],"items_purged_floors":[],"is_endless":false,"potions_floor_spawned":[1,3,7],"killed_by":"Hexaghost","ascension_level":20}}