{"host":"ydrqlkwz2nodhfch","time":1608194707,"event":{"mods":["AchievementEnabler","BaseMod","Better Third Choice","BetterRewards","Minty Spire (QoL Compilation)","Permanent Neow","Quick Restart","StSLib"],"gold_per_floor":[116,132,148,168,168,118,128,128,152,52,52,52,66,79,79,79,79],"floor_reached":16,"playtime":1374,"items_purged":["Strike_P","Strike_P"],"score":119,"play_id":"d9ff272d-e115-4017-9887-771989ddfa95","local_time":"20201217034507","is_ascension_mode":false,"campfire_choices":[{"data":"Worship","floor":8,"key":"SMITH"},{"floor":15,"key":"REST"}],"circlet_count":0,"master_deck":["Strike_P","Strike_P","Defend_P","Defend_P+1","Eruption+1","Vigilance","Crescendo","ThirdEye","CrushJoints","FollowUp","ThirdEye","Worship+1","Halt","Sanctity"],"relics":["PureWater","CaptainsWheel","Pear","Lee\u0027s Waffle","Pen Nib","Nunchaku"],"acts_visited":["Exordium"],"potions_floor_usage":[14,16,16],"damage_taken":[{"damage":7,"enemies":"Cultist","floor":1,"turns":3},{"damage":9,"enemies":"Small Slimes","floor":2,"turns":3},{"damage":0,"enemies":"2 Louse","floor":3,"turns":2},{"damage":4,"enemies":"Red Slaver","floor":4,"turns":3},{"damage":0,"enemies":"Large Slime","floor":7,"turns":1},{"damage":12,"enemies":"Looter","floor":13,"turns":4},{"damage":22,"enemies":"Exordium Thugs","floor":14,"turns":4},{"damage":72,"enemies":"The Guardian","floor":16,"turns":8}],"seed_played":"1985183334733715768","potions_obtained":[{"floor":4,"key":"LiquidBronze"},{"floor":7,"key":"Dexterity Potion"},{"floor":13,"key":"Energy Potion"}],"is_trial":false,"path_per_floor":["M","M","M","M","?","?","M","R","T","$","?","$","M","M","R","B"],"character_chosen":"WATCHER","items_purchased":["Pear","Lee\u0027s Waffle"],"campfire_rested":1,"item_purchase_floors":[0,0],"current_hp_per_floor":[82,73,73,69,69,69,69,69,69,69,69,69,57,35,61,0,0],"gold":79,"neow_bonus":"","is_daily":false,"chose_seed":false,"campfire_upgraded":1,"win_rate":0.0,"timestamp":1608194707,"path_taken":["M","M","M","?","?","?","M","R","T","$","?","$","?","M","R","BOSS"],"items_purchased_type":["Relic","Relic"],"build_version":"2020-12-13","purchased_purges":2,"victory":false,"max_hp_per_floor":[89,89,89,89,89,89,89,89,89,89,89,89,89,89,89,89,89],"card_choices":[{"not_picked":["Evaluate","JustLucky"],"picked":"ThirdEye","floor":1},{"not_picked":["FlurryOfBlows","JustLucky"],"picked":"CrushJoints","floor":2},{"not_picked":["Swivel","ReachHeaven"],"picked":"FollowUp","floor":3},{"not_picked":["BowlingBash","Swivel"],"picked":"ThirdEye","floor":4},{"not_picked":["PathToVictory","DeceiveReality"],"picked":"Worship","floor":7},{"not_picked":["WaveOfTheHand","FlyingSleeves"],"picked":"Halt","floor":13},{"not_picked":["BowlingBash","FlurryOfBlows"],"picked":"Sanctity","floor":14}],"player_experience":21396,"relics_obtained":[{"floor":9,"key":"Nunchaku"}],"event_choices":[{"damage_healed":0,"gold_gain":0,"player_choice":"Grow","damage_taken":0,"max_hp_gain":0,"max_hp_loss":0,"event_name":"Living Wall","floor":5,"gold_loss":0,"cards_upgraded":["Eruption"]},{"cards_removed":["Defend_P"],"damage_healed":0,"gold_gain":0,"player_choice":"Card Removal","damage_taken":0,"max_hp_gain":0,"max_hp_loss":0,"event_name":"The Cleric","floor":6,"gold_loss":50},{"damage_healed":0,"gold_gain":0,"player_choice":"Upgraded","damage_taken":0,"max_hp_gain":0,"max_hp_loss":0,"event_name":"Upgrade Shrine","floor":11,"gold_loss":0,"cards_upgraded":["Defend_P"]}],"is_beta":false,"boss_relics":[],"items_purged_floors":[0,10],"is_endless":false,"potions_floor_spawned":[4,7,13],"killed_by":"The Guardian","ascension_level":0}}