{"host":"wvjetiwvtzv47vcu","time":1608237723,"event":{"mods":["AchievementEnabler","Act Like it!","BaseMod","BetterRewards","Colored Map","Colored Powertips","Downfall","Gensokyo","Hubris","Koishi","Marisa????????","Minty Spire (QoL Compilation)","Rare Cards Sparkle","StSLib","The Animator"],"gold_per_floor":[117,134,134,134,145,178,178,205,205,205,225,190,24,37,37,135,135,135],"floor_reached":17,"playtime":1070,"items_purged":[],"score":165,"play_id":"977adadc-3888-449c-a424-bebb5bef66f2","local_time":"20201217124203","is_ascension_mode":false,"campfire_choices":[{"data":"Koishi:FidgetySnatcher","floor":7,"key":"SMITH"},{"data":"Koishi:CatchAndRose","floor":10,"key":"SMITH"},{"floor":15,"key":"REST"}],"circlet_count":0,"master_deck":["Koishi:BasicStrike","Koishi:BasicStrike","Koishi:BasicStrike","Koishi:BasicDefend","Koishi:BasicDefend","Koishi:BasicDefend","Koishi:BasicDefend","Koishi:Provoke","Koishi:HauntingSlash","Koishi:ParalyzingFear","Koishi:PhilosophyOfTheDespised","Koishi:FidgetySnatcher+1","Koishi:CatchAndRose+1","Koishi:Jaunt","hubris:EnhanceAbility","Koishi:DreadfulBlow","Koishi:MentalBreakdown"],"relics":["Koishi:ImaginaryFriend","hubris:Icosahedron","hubris:SlimyHat","Pen Nib","Darkstone Periapt","Ectoplasm"],"acts_visited":["Exordium","TheCity"],"potions_floor_usage":[6,6,16,16],"damage_taken":[{"damage":1,"enemies":"Cultist","floor":1,"turns":4},{"damage":3,"enemies":"Jaw Worm","floor":2,"turns":4},{"damage":1,"enemies":"Small Slimes","floor":5,"turns":4},{"damage":34,"enemies":"3 Sentries","floor":6,"turns":12},{"damage":15,"enemies":"Lagavulin","floor":8,"turns":9},{"damage":26,"enemies":"Red Slaver","floor":11,"turns":5},{"damage":10,"enemies":"Large Slime","floor":14,"turns":6},{"damage":13,"enemies":"The Guardian","floor":16,"turns":9}],"seed_played":"-79616451110693359","potions_obtained":[{"floor":2,"key":"LiquidMemories"},{"floor":5,"key":"Regen Potion"},{"floor":8,"key":"BlessingOfTheForge"},{"floor":11,"key":"PowerPotion"},{"floor":16,"key":"Weak Potion"}],"is_trial":false,"path_per_floor":["M","M","?","?","M","E","R","E","T","R","M","?","$","M","R","B",null],"character_chosen":"KOISHI","items_purchased":["hubris:EnhanceAbility"],"campfire_rested":1,"item_purchase_floors":[13],"current_hp_per_floor":[66,64,57,57,57,40,40,30,30,30,5,21,21,11,30,18,66,66],"gold":135,"neow_bonus":"TEN_PERCENT_HP_BONUS","is_daily":false,"chose_seed":false,"campfire_upgraded":2,"win_rate":0.0,"timestamp":1608237723,"path_taken":["M","M","?","?","M","E","R","E","T","R","M","?","?","M","R","BOSS"],"items_purchased_type":["Card"],"build_version":"2020-12-13","purchased_purges":0,"victory":false,"max_hp_per_floor":[66,66,66,66,66,66,66,66,66,66,66,66,66,66,66,66,66,66],"card_choices":[{"not_picked":["Koishi:BloodcurdlingScream","Koishi:UnansweredLove"],"picked":"Koishi:ParalyzingFear","floor":1},{"not_picked":["Koishi:BloodcurdlingScream","Koishi:UnconsciousUprising"],"picked":"Koishi:PhilosophyOfTheDespised","floor":2},{"not_picked":["Koishi:Prune","Koishi:Vanish","Koishi:Bloodlust"],"picked":"SKIP","floor":5},{"not_picked":["Koishi:ParalyzingFear","Koishi:TremblingHands"],"picked":"Koishi:FidgetySnatcher","floor":6},{"not_picked":["Koishi:SubterraneanRose","Koishi:UnansweredLove"],"picked":"Koishi:CatchAndRose","floor":8},{"not_picked":["Koishi:Bloodlust","Koishi:Possession"],"picked":"Koishi:Jaunt","floor":11},{"not_picked":["Koishi:SubconsciousSweep","Koishi:IdleWhim"],"picked":"Koishi:DreadfulBlow","floor":14},{"not_picked":["Koishi:ConditionedTeleport","Koishi:RollingInRichesHeart"],"picked":"Koishi:MentalBreakdown","floor":16}],"player_experience":242965,"relics_obtained":[{"floor":6,"key":"hubris:SlimyHat"},{"floor":8,"key":"Pen Nib"},{"floor":9,"key":"Darkstone Periapt"}],"event_choices":[{"cards_removed":["Koishi:BasicStrike"],"damage_healed":0,"gold_gain":0,"player_choice":"Card Removal","damage_taken":7,"max_hp_gain":0,"max_hp_loss":0,"event_name":"Golden Wing","floor":3,"gold_loss":0},{"damage_healed":16,"gold_gain":0,"player_choice":"Healed","damage_taken":0,"max_hp_gain":0,"max_hp_loss":0,"event_name":"The Cleric","floor":12,"gold_loss":35}],"is_beta":false,"boss_relics":[{"not_picked":["Calling Bell","hubris:RunicObelisk"],"picked":"Ectoplasm"}],"items_purged_floors":[],"is_endless":false,"potions_floor_spawned":[2,5,8,11,16],"ascension_level":0}}