{"host":"bux1pdxjwq4dkad9","time":1608166611,"event":{"mods":["BaseMod","Colored Map","Minty Spire (QoL Compilation)","Quick Restart","Robot Space Explorer","StSLib","SuperFastMode","The Alterego","°æ“≈ŒÔMod°øºÚµ•”Œœ∑"],"gold_per_floor":[114,133,133,233,245,271,196,225,296,326,326,326,355,355,355,455,455,468,468,217,230,244,271,271,181,181,208,233,233,260,24,24,132,132,155,183,197,197,214,252,252,64,64,339,372,387,387,387,387,387,387,387,117,159,159],"floor_reached":56,"playtime":1534,"items_purged":["alterego_mod:Strike","alterego_mod:Strike"],"score":2677,"play_id":"84b9cac9-f122-4292-b835-b522637358a0","local_time":"20201217085651","is_ascension_mode":true,"campfire_choices":[{"data":"alterego_mod:Venus","floor":11.0,"key":"SMITH"},{"floor":15.0,"key":"RECALL"},{"data":"alterego_mod:TrashNCrash","floor":24.0,"key":"SMITH"},{"data":"alterego_mod:PresenceConcealment","floor":29,"key":"SMITH"},{"data":"Panache","floor":32,"key":"SMITH"},{"data":"Enlightenment","floor":47,"key":"SMITH"},{"data":"alterego_mod:AlterEgo","floor":49,"key":"SMITH"},{"data":"alterego_mod:Rake","floor":52,"key":"SMITH"}],"circlet_count":0,"master_deck":["AscendersBane","alterego_mod:Defend","alterego_mod:Defend","alterego_mod:Defend","alterego_mod:Impale","alterego_mod:BigMeatyClaws","alterego_mod:BrynhildrsRune","alterego_mod:Mirror+1","alterego_mod:Birthday","alterego_mod:Venus+1","alterego_mod:Birthday","alterego_mod:TrashNCrash+1","alterego_mod:PresenceConcealment+1","Panache+1","alterego_mod:AlterEgo+1","alterego_mod:GachaTicket+1","alterego_mod:Undulate+1","alterego_mod:Rake+1","Enlightenment+1","alterego_mod:ChallengeComplete+1","alterego_mod:Bunnysuit","alterego_mod:Clap"],"relics":["alterego_mod:MasochisticConstitution","ImprovedEquipment","NeowsBlessing","Unceasing Top","Juzu Bracelet","Mercury Hourglass","Anchor","Shuriken","Black Star","ClockworkSouvenir","Bronze Scales","CeramicFish","Omamori","StrikeDummy","Gremlin Horn","Pen Nib","Membership Card","SlaversCollar","Frozen Egg 2","White Beast Statue","Medical Kit","Potion Belt","Incense Burner","Mummified Hand","Blood Vial","TheAbacus","Akabeko","Strawberry","Bird Faced Urn","Turnip"],"acts_visited":["Exordium","TheCity","TheBeyond","TheEnding"],"potions_floor_usage":[55,55],"damage_taken":[{"damage":0.0,"enemies":"Jaw Worm","floor":1.0,"turns":1.0},{"damage":0.0,"enemies":"Small Slimes","floor":2.0,"turns":1.0},{"damage":0.0,"enemies":"Cultist","floor":5.0,"turns":1.0},{"damage":0.0,"enemies":"Gremlin Nob","floor":6.0,"turns":4.0},{"damage":0.0,"enemies":"Lagavulin","floor":8.0,"turns":5.0},{"damage":0.0,"enemies":"Gremlin Nob","floor":10.0,"turns":3.0},{"damage":0.0,"enemies":"3 Sentries","floor":13.0,"turns":3.0},{"damage":0.0,"enemies":"Slime Boss","floor":16.0,"turns":4.0},{"damage":0.0,"enemies":"Spheric Guardian","floor":18.0,"turns":3.0},{"damage":0.0,"enemies":"2 Thieves","floor":21.0,"turns":2.0},{"damage":0.0,"enemies":"Shelled Parasite and Fungi","floor":22.0,"turns":2.0},{"damage":0.0,"enemies":"Slavers","floor":23.0,"turns":3.0},{"damage":0,"enemies":"Gremlin Leader","floor":27,"turns":2},{"damage":0,"enemies":"Snecko","floor":28,"turns":2},{"damage":0,"enemies":"Book of Stabbing","floor":30,"turns":3},{"damage":0,"enemies":"Automaton","floor":33,"turns":4},{"damage":0,"enemies":"Orb Walker","floor":35,"turns":3},{"damage":0,"enemies":"3 Darklings","floor":36,"turns":2},{"damage":11,"enemies":"4 Shapes","floor":37,"turns":2},{"damage":0,"enemies":"Transient","floor":39,"turns":5},{"damage":0,"enemies":"Giant Head","floor":40,"turns":2},{"damage":0,"enemies":"Nemesis","floor":45,"turns":3},{"damage":0,"enemies":"3 Darklings","floor":46,"turns":1},{"damage":0,"enemies":"Donu and Deca","floor":50,"turns":2},{"damage":0,"enemies":"Shield and Spear","floor":54,"turns":2},{"damage":0,"enemies":"The Heart","floor":55,"turns":4}],"seed_played":"-7128376232200814972","potions_obtained":[{"floor":1.0,"key":"FairyPotion"},{"floor":2.0,"key":"Energy Potion"},{"floor":6.0,"key":"Strength Potion"},{"floor":8.0,"key":"SteroidPotion"},{"floor":46,"key":"SpeedPotion"},{"floor":54,"key":"DistilledChaos"}],"is_trial":false,"path_per_floor":["M","M","?","?","M","E","$","E","T","E","R","?","E","?","R","B",null,"M","?","$","M","M","E","R","?","T","E","M","R","E","$","R","B",null,"M","M","M","$","M","E","?","$","T","?","E","M","R","$","R","B",null,"R","$","E","B",null],"character_chosen":"The_Alterego","items_purchased":["ClockworkSouvenir","Membership Card","Panache","Medical Kit","Potion Belt","Enlightenment","TheAbacus","alterego_mod:ChallengeComplete+1","alterego_mod:Bunnysuit","Akabeko","Strawberry"],"campfire_rested":0,"item_purchase_floors":[20,31,31,42,42,42,53,53,53,53,53],"current_hp_per_floor":[63,63,68,68,68,70,70,72,72,74,74,74,75,75,75,75,75,75,75,75,75,75,75,75,75,75,75,75,75,75,75,75,75,75,75,75,65,65,74,76,76,76,76,76,76,76,76,76,76,76,76,76,83,83,83],"gold":159,"neow_bonus":"THREE_ENEMY_KILL","is_daily":false,"chose_seed":false,"campfire_upgraded":7,"win_rate":0.0,"timestamp":1608166611,"path_taken":["M","M","?","?","?","E","?","E","T","E","R","?","E","?","R","BOSS","M","?","$","M","M","E","R","?","T","E","M","R","E","?","R","BOSS","M","M","M","$","M","E","?","$","T","?","E","M","R","$","R","BOSS","R","$","E","BOSS"],"items_purchased_type":["Relic","Relic","Card","Relic","Relic","Card","Relic","Card","Card","Relic","Relic"],"build_version":"2020-12-13","purchased_purges":2,"victory":true,"max_hp_per_floor":[70,70,75,75,75,75,75,75,75,75,75,75,75,75,75,75,75,75,75,75,75,75,75,75,75,75,75,75,75,75,75,75,75,75,75,75,76,76,76,76,76,76,76,76,76,76,76,76,76,76,76,76,83,83,83],"card_choices":[{"not_picked":["alterego_mod:PresenceConcealment","alterego_mod:Cooking"],"picked":"alterego_mod:Mirror","floor":1.0},{"not_picked":["alterego_mod:Smother","alterego_mod:Stockings","alterego_mod:Jiggle"],"picked":"SKIP","floor":2.0},{"not_picked":["alterego_mod:Clones","alterego_mod:BreastValley"],"picked":"alterego_mod:Birthday","floor":5.0},{"not_picked":["alterego_mod:Table","alterego_mod:GachaTicket"],"picked":"alterego_mod:Venus","floor":6.0},{"not_picked":["alterego_mod:Cycle","alterego_mod:Bounce","alterego_mod:Nekomimi"],"picked":"SKIP","floor":8.0},{"not_picked":["alterego_mod:Clones","alterego_mod:PerceptionDisorder","alterego_mod:Bounce"],"picked":"SKIP","floor":10.0},{"not_picked":["alterego_mod:GoddessCore","alterego_mod:RidiculouslyBig"],"picked":"alterego_mod:Birthday","floor":13.0},{"not_picked":["alterego_mod:Schoolgirl","alterego_mod:BusterCard","alterego_mod:Birthday"],"picked":"SKIP","floor":18.0},{"not_picked":["alterego_mod:BoobPocket","alterego_mod:Rip","alterego_mod:PerceptionDisorder"],"picked":"SKIP","floor":21.0},{"not_picked":["alterego_mod:Rip","alterego_mod:SakuraFive"],"picked":"alterego_mod:TrashNCrash","floor":22.0},{"not_picked":["alterego_mod:Table","alterego_mod:Crossover","alterego_mod:Complex"],"picked":"SKIP","floor":23.0},{"not_picked":["alterego_mod:PurpleHair","alterego_mod:Bounce","alterego_mod:PerceptionDisorder"],"picked":"SKIP","floor":27},{"not_picked":["alterego_mod:Table","alterego_mod:TrashNCrash"],"picked":"alterego_mod:PresenceConcealment","floor":28},{"not_picked":["alterego_mod:DiscoLights+1","alterego_mod:Stockings","alterego_mod:PerceptionDisorder"],"picked":"SKIP","floor":30},{"not_picked":["alterego_mod:STier","alterego_mod:Tantrum"],"picked":"alterego_mod:AlterEgo","floor":33},{"not_picked":["alterego_mod:DeftHands+1","alterego_mod:Bloomers+1"],"picked":"alterego_mod:GachaTicket+1","floor":35},{"not_picked":["alterego_mod:Crossover","alterego_mod:SakuraFive","alterego_mod:Undulate+1"],"picked":"SKIP","floor":36},{"not_picked":["alterego_mod:Crossover","alterego_mod:SakuraFive"],"picked":"alterego_mod:Undulate+1","floor":36},{"not_picked":["alterego_mod:RocketPunch","alterego_mod:Mirror","alterego_mod:BoobPocket+1"],"picked":"SKIP","floor":37},{"not_picked":["alterego_mod:TrashNCrash","alterego_mod:1TonWallop","alterego_mod:Undulate+1"],"picked":"SKIP","floor":39},{"not_picked":["alterego_mod:Weigh","alterego_mod:Punishment+1"],"picked":"alterego_mod:Rake","floor":40},{"not_picked":["alterego_mod:DeftHands+1","alterego_mod:Rip","alterego_mod:Punishment+1"],"picked":"SKIP","floor":45},{"not_picked":["alterego_mod:Rip","alterego_mod:Mirror","alterego_mod:HighServant+1"],"picked":"SKIP","floor":46},{"not_picked":["alterego_mod:DustData","alterego_mod:Tantrum"],"picked":"alterego_mod:Clap","floor":54}],"player_experience":2352302,"relics_obtained":[{"floor":6.0,"key":"Unceasing Top"},{"floor":8.0,"key":"Juzu Bracelet"},{"floor":9.0,"key":"Mercury Hourglass"},{"floor":10.0,"key":"Anchor"},{"floor":13.0,"key":"Shuriken"},{"floor":23.0,"key":"Bronze Scales"},{"floor":23.0,"key":"CeramicFish"},{"floor":27,"key":"Omamori"},{"floor":27,"key":"StrikeDummy"},{"floor":30,"key":"Gremlin Horn"},{"floor":30,"key":"Pen Nib"},{"floor":40,"key":"Frozen Egg 2"},{"floor":40,"key":"White Beast Statue"},{"floor":43,"key":"Incense Burner"},{"floor":45,"key":"Mummified Hand"},{"floor":45,"key":"Blood Vial"},{"floor":54,"key":"Bird Faced Urn"},{"floor":54,"key":"Turnip"}],"event_choices":[{"damage_healed":0.0,"max_hp_gain":5.0,"max_hp_loss":0.0,"gold_gain":0.0,"event_name":"Big Fish","player_choice":"Donut","floor":3.0,"gold_loss":0.0,"damage_taken":0.0},{"damage_healed":0.0,"max_hp_gain":0.0,"max_hp_loss":0.0,"gold_gain":100.0,"event_name":"Golden Shrine","player_choice":"Pray","floor":4.0,"gold_loss":0.0,"damage_taken":0.0},{"cards_removed":["alterego_mod:Strike"],"damage_healed":0.0,"max_hp_gain":0.0,"max_hp_loss":0.0,"gold_gain":0.0,"event_name":"Bonfire Elementals","player_choice":"Offered Basic","floor":12.0,"gold_loss":0.0,"damage_taken":0.0},{"cards_removed":["alterego_mod:Strike"],"damage_healed":0.0,"max_hp_gain":0.0,"max_hp_loss":0.0,"gold_gain":0.0,"event_name":"Purifier","player_choice":"Purged","floor":14.0,"gold_loss":0.0,"damage_taken":0.0},{"damage_healed":0.0,"max_hp_gain":0.0,"max_hp_loss":0.0,"gold_gain":0.0,"event_name":"Ghosts","player_choice":"Ignored","floor":19.0,"gold_loss":0.0,"damage_taken":0.0},{"cards_removed":["alterego_mod:Defend"],"damage_healed":0.0,"max_hp_gain":0.0,"max_hp_loss":0.0,"gold_gain":0.0,"event_name":"Designer","player_choice":"Upgrade and Remove","floor":25.0,"gold_loss":90.0,"damage_taken":0.0,"cards_upgraded":["alterego_mod:Mirror"]},{"damage_healed":0,"gold_gain":0,"player_choice":"Ignored","damage_taken":0,"max_hp_gain":0,"max_hp_loss":0,"event_name":"Tomb of Lord Red Mask","floor":41,"gold_loss":0},{"damage_healed":0,"gold_gain":275,"player_choice":"Desecrate","damage_taken":0,"max_hp_gain":0,"max_hp_loss":0,"event_name":"Golden Shrine","floor":44,"gold_loss":0,"cards_obtained":["Regret"]}],"is_beta":false,"boss_relics":[{"not_picked":["Runic Dome","Snecko Eye"],"picked":"Black Star"},{"not_picked":["Velvet Choker","Philosopher\u0027s Stone"],"picked":"SlaversCollar"}],"items_purged_floors":[7,20],"is_endless":false,"potions_floor_spawned":[1,2,6,8,22,27,28,30,33,37,39,45,46,54],"ascension_level":12}}