{"host":"nox","time":1608213196,"event":{"mods":["Aspiration","BaseMod","Better Third Choice","Colored Powertips","Conspire","Hubris","Infinite Spire","Minty Spire (QoL Compilation)","Quick Restart","Rare Cards Sparkle","Replay The Spire","Shop Mod","Spikes Relics","StSLib","SuperFastMode","The Alterego","vexMod"],"gold_per_floor":[111,61,73,93,108,134,148,148,196,196,121,121,139,139,139],"floor_reached":14,"playtime":310,"items_purged":["Strike_R"],"score":129,"play_id":"27ba281b-d19a-4483-b2aa-7105843d422a","local_time":"20201217205316","is_ascension_mode":true,"campfire_choices":[{"floor":8.0,"key":"REST"},{"data":"ReplayTheSpireMod:Limb From Limb","floor":12.0,"key":"SMITH"}],"circlet_count":0,"master_deck":["Strike_R","Strike_R","Defend_R","Defend_R","Defend_R","Defend_R","Bash","Heavy Blade","Carnage","ReplayTheSpireMod:Limb From Limb+1","Heavy Blade"],"relics":["Burning Blood","aspiration:Nostalgia","Cracked Core","RetroEgg","Strawberry"],"acts_visited":["Exordium"],"potions_floor_usage":[14],"damage_taken":[{"damage":13.0,"enemies":"Small Slimes","floor":1.0,"turns":3.0},{"damage":6.0,"enemies":"2 Louse","floor":3.0,"turns":3.0},{"damage":7.0,"enemies":"Jaw Worm","floor":4.0,"turns":2.0},{"damage":20.0,"enemies":"Lots of Slimes","floor":5.0,"turns":4.0},{"damage":45.0,"enemies":"Lagavulin","floor":6.0,"turns":6.0},{"damage":7.0,"enemies":"2 Fungi Beasts","floor":7.0,"turns":3.0},{"damage":8.0,"enemies":"Blue Slaver","floor":13.0,"turns":2.0},{"damage":39,"enemies":"3 Sentries","floor":14,"turns":4}],"seed_played":"3289560625180228918","potions_obtained":[{"floor":1.0,"key":"Swift Potion"},{"floor":3.0,"key":"GamblersBrew"},{"floor":13.0,"key":"Dexterity Potion"}],"is_trial":false,"path_per_floor":["M","?","M","M","M","E","M","R","T","?","$","R","M","E"],"character_chosen":"IRONCLAD","items_purchased":[],"campfire_rested":1,"item_purchase_floors":[],"current_hp_per_floor":[65,65,65,64,50,11,10,34,41,34,34,34,32,0,0],"gold":139,"neow_bonus":"NOSTALGIA","is_daily":false,"chose_seed":false,"campfire_upgraded":1,"win_rate":0.0,"timestamp":1608213196,"path_taken":["M","?","M","M","M","E","M","R","T","?","$","R","M","E"],"items_purchased_type":[],"build_version":"2020-11-17","purchased_purges":1,"victory":false,"max_hp_per_floor":[80,80,80,80,80,80,80,80,87,87,87,87,87,87,87],"card_choices":[{"not_picked":["Shockwave","Anger"],"picked":"Heavy Blade","floor":1.0},{"not_picked":["Battle Trance","BarbarianYell"],"picked":"Carnage","floor":3.0},{"not_picked":["conspire:Charge","Abandon","BarbarianYell"],"picked":"SKIP","floor":4.0},{"not_picked":["Body Slam","infinitespire:OneForAll","Shrug It Off"],"picked":"SKIP","floor":5.0},{"not_picked":["Run Through","Blood for Blood"],"picked":"ReplayTheSpireMod:Limb From Limb","floor":6.0},{"not_picked":["Massacre","Dropkick","Warcry"],"picked":"SKIP","floor":7.0},{"not_picked":["ReplayTheSpireMod:Stacked","Iron Wave"],"picked":"Heavy Blade","floor":13.0}],"player_experience":171491,"relics_obtained":[{"floor":6.0,"key":"RetroEgg"},{"floor":9.0,"key":"Strawberry"}],"event_choices":[{"cards_removed":["Strike_R"],"damage_healed":0.0,"max_hp_gain":0.0,"max_hp_loss":0.0,"gold_gain":0.0,"event_name":"The Cleric","player_choice":"Card Removal","floor":2.0,"gold_loss":50.0,"damage_taken":0.0},{"cards_removed":["Strike_R"],"damage_healed":0.0,"max_hp_gain":0.0,"max_hp_loss":0.0,"gold_gain":0.0,"event_name":"Golden Wing","player_choice":"Card Removal","floor":10.0,"gold_loss":0.0,"damage_taken":7.0}],"is_beta":true,"boss_relics":[],"items_purged_floors":[11],"is_endless":false,"potions_floor_spawned":[1,3,13],"killed_by":"3 Sentries","ascension_level":8}}