{"host":"wshh0nphwn6jv7vj","time":1608164749,"event":{"mods":["BaseMod","Bestiary","Minty Spire (QoL Compilation)"],"gold_per_floor":[110,110,129,20,40,69,69,31,31,57,57,57,71,103,103,174,174,185,202,218,36,36,69,69,69,69],"floor_reached":25,"playtime":3492,"items_purged":["Regret","Strike_G"],"score":418,"play_id":"98a2dded-5f05-41cd-9800-746dfc0e0a4e","local_time":"20201216192549","is_ascension_mode":true,"campfire_choices":[{"data":"Neutralize","floor":7,"key":"SMITH"},{"floor":12,"key":"REST"},{"floor":15,"key":"REST"}],"circlet_count":0,"master_deck":["AscendersBane","Strike_G","Strike_G","Strike_G","Strike_G","Defend_G","Defend_G","Defend_G","Defend_G","Defend_G","Survivor","Neutralize+1","Master of Strategy","Poisoned Stab","Storm of Steel","Expertise","Flying Knee","Accuracy","Noxious Fumes","PiercingWail","Crippling Poison","Heel Hook","Infinite Blades","Terror","Night Terror","Prepared+1","Accuracy","Wraith Form v2"],"relics":["Ring of the Snake","Lizard Tail","Torii","Ninja Scroll","Bag of Marbles","SlaversCollar","Bottled Lightning"],"acts_visited":["Exordium","TheCity"],"potions_floor_usage":[6,6,14,15],"damage_taken":[{"damage":0,"enemies":"Small Slimes","floor":1,"turns":4},{"damage":5,"enemies":"Cultist","floor":3,"turns":3},{"damage":1,"enemies":"Jaw Worm","floor":5,"turns":3},{"damage":16,"enemies":"3 Sentries","floor":6,"turns":7},{"damage":18,"enemies":"Lagavulin","floor":10,"turns":6},{"damage":2,"enemies":"Lots of Slimes","floor":13,"turns":4},{"damage":22,"enemies":"Gremlin Nob","floor":14,"turns":4},{"damage":12,"enemies":"Hexaghost","floor":16,"turns":8},{"damage":0,"enemies":"Chosen","floor":18,"turns":4},{"damage":13,"enemies":"3 Byrds","floor":19,"turns":6},{"damage":17,"enemies":"Centurion and Healer","floor":20,"turns":6},{"damage":39,"enemies":"Book of Stabbing","floor":23,"turns":5},{"damage":38,"enemies":"Gremlin Leader","floor":25,"turns":5}],"seed_played":"4189429076617320418","potions_obtained":[{"floor":3,"key":"LiquidMemories"},{"floor":5,"key":"SpeedPotion"},{"floor":10,"key":"FearPotion"},{"floor":11,"key":"DuplicationPotion"},{"floor":11,"key":"EntropicBrew"},{"floor":14,"key":"Fruit Juice"},{"floor":16,"key":"Ancient Potion"},{"floor":18,"key":"FearPotion"}],"is_trial":false,"path_per_floor":["M","?","M","$","M","E","R","$","T","E","?","R","M","E","R","B",null,"M","M","M","$","?","E","?","E"],"character_chosen":"THE_SILENT","items_purchased":["Accuracy","Crippling Poison","Accuracy"],"campfire_rested":2,"item_purchase_floors":[4,8,21],"current_hp_per_floor":[59,59,54,54,53,37,37,37,37,19,19,37,35,18,37,25,55,55,42,25,25,25,29,29,0,0],"gold":69,"neow_bonus":"RANDOM_COLORLESS_2","is_daily":false,"chose_seed":false,"campfire_upgraded":1,"win_rate":0.0,"timestamp":1608164749,"path_taken":["M","?","M","?","?","E","R","$","T","E","?","R","M","E","R","BOSS","M","M","?","$","?","E","?","E"],"items_purchased_type":["Card","Card","Card"],"build_version":"2020-12-13","purchased_purges":2,"victory":false,"max_hp_per_floor":[60,60,60,60,60,60,60,60,60,60,60,60,60,65,65,65,65,65,65,65,65,65,65,65,65,65],"card_choices":[{"not_picked":["Apotheosis","Secret Technique"],"picked":"Master of Strategy","floor":0},{"not_picked":["Dagger Spray","Quick Slash"],"picked":"Poisoned Stab","floor":1},{"not_picked":["Outmaneuver","Deflect"],"picked":"Flying Knee","floor":3},{"not_picked":["Bouncing Flask","Acrobatics"],"picked":"Noxious Fumes","floor":5},{"not_picked":["Quick Slash","Slice"],"picked":"PiercingWail","floor":6},{"not_picked":["Deflect","Dagger Spray"],"picked":"Heel Hook","floor":10},{"not_picked":["Acrobatics","Dagger Spray"],"picked":"Infinite Blades","floor":13},{"not_picked":["Expertise","Eviscerate"],"picked":"Terror","floor":14},{"not_picked":["Malaise","Grand Finale"],"picked":"Night Terror","floor":16},{"not_picked":["Choke+1","Slice"],"picked":"Prepared+1","floor":18},{"not_picked":["All Out Attack","Dagger Spray","Endless Agony"],"picked":"SKIP","floor":19},{"not_picked":["Flying Knee","Tactician","Skewer"],"picked":"SKIP","floor":20},{"not_picked":["Bouncing Flask","Sucker Punch"],"picked":"Wraith Form v2","floor":23}],"player_experience":1428496,"relics_obtained":[{"floor":6,"key":"Lizard Tail"},{"floor":9,"key":"Torii"},{"floor":10,"key":"Ninja Scroll"},{"floor":14,"key":"Bag of Marbles"},{"floor":23,"key":"Bottled Lightning"}],"event_choices":[{"damage_healed":0,"gold_gain":0,"player_choice":"3 cards matched","damage_taken":0,"max_hp_gain":0,"max_hp_loss":0,"event_name":"Match and Keep!","floor":2,"gold_loss":0,"cards_obtained":["Storm of Steel","Regret","Expertise"]},{"damage_healed":0,"gold_gain":0,"player_choice":"Got Potions","damage_taken":0,"max_hp_gain":0,"max_hp_loss":0,"event_name":"Lab","floor":11,"gold_loss":0},{"damage_healed":0,"gold_gain":0,"player_choice":"Smashed Altar","damage_taken":0,"max_hp_gain":0,"max_hp_loss":0,"event_name":"Forgotten Altar","floor":22,"gold_loss":0,"cards_obtained":["Decay"]},{"cards_removed":["Decay"],"damage_healed":0,"gold_gain":0,"player_choice":"Removed Curses","damage_taken":0,"max_hp_gain":0,"max_hp_loss":0,"event_name":"Fountain of Cleansing","floor":24,"gold_loss":0}],"is_beta":false,"boss_relics":[{"not_picked":["Coffee Dripper","Tiny House"],"picked":"SlaversCollar"}],"items_purged_floors":[4,21],"is_endless":false,"potions_floor_spawned":[3,5,10,14,16,18,20],"killed_by":"Gremlin Leader","ascension_level":15}}