{"host":"0v07cr0k93jhgkpm","time":1608227129,"event":{"mods":["BaseMod","Colored Map","DeckTracker","Minty Spire (QoL Compilation)","Quick Restart","SuperFastMode"],"gold_per_floor":[109,120,120,131,131,131,164,183,251,251,270,270,270,298,298,373,373,393,393,411,411,171,171,171,186,213,232,232,66,66,81,81,158,158,169,188,204,214,214,242,242,242,242],"floor_reached":42,"playtime":2177,"items_purged":["Strike_P"],"score":876,"play_id":"0fbd4e9b-132d-4d2c-8748-5b13ed4e57df","local_time":"20201218024529","is_ascension_mode":true,"campfire_choices":[{"data":"SandsOfTime","floor":6.0,"key":"SMITH"},{"data":"SashWhip","floor":10.0,"key":"SMITH"},{"floor":12.0,"key":"REST"},{"data":"Tantrum","floor":15.0,"key":"SMITH"},{"floor":23.0,"key":"RECALL"},{"floor":28.0,"key":"REST"},{"floor":32.0,"key":"REST"},{"floor":41,"key":"REST"}],"circlet_count":0,"master_deck":["AscendersBane","Strike_P","Strike_P+1","Strike_P+1","Defend_P","Defend_P","Defend_P","Eruption+1","Vigilance","EmptyFist+1","FlurryOfBlows","SandsOfTime+1","EmptyMind","SashWhip+1","Tantrum+1","EmptyBody","Vault+1","CutThroughFate+1","TalkToTheHand","Protect+1","Perseverance","Establishment","Blasphemy","Halt+1","LessonLearned","DeusExMachina"],"relics":["PureWater","Torii","HornCleat","Centennial Puzzle","Fusion Hammer","Medical Kit","Blood Vial","TheAbacus","Nloth\u0027s Gift","Black Star","Matryoshka","StrikeDummy"],"acts_visited":["Exordium","TheCity","TheBeyond"],"potions_floor_usage":[40,42],"damage_taken":[{"damage":1.0,"enemies":"Cultist","floor":1.0,"turns":4.0},{"damage":0.0,"enemies":"Jaw Worm","floor":2.0,"turns":2.0},{"damage":4.0,"enemies":"2 Louse","floor":4.0,"turns":2.0},{"damage":10.0,"enemies":"Gremlin Nob","floor":7.0,"turns":3.0},{"damage":7.0,"enemies":"Exordium Thugs","floor":8.0,"turns":4.0},{"damage":0.0,"enemies":"Large Slime","floor":11.0,"turns":2.0},{"damage":10.0,"enemies":"3 Sentries","floor":14.0,"turns":4.0},{"damage":1.0,"enemies":"Hexaghost","floor":16.0,"turns":6.0},{"damage":0.0,"enemies":"Shell Parasite","floor":18.0,"turns":4.0},{"damage":0.0,"enemies":"Chosen","floor":20.0,"turns":3.0},{"damage":19.0,"enemies":"Shelled Parasite and Fungi","floor":25.0,"turns":3.0},{"damage":0.0,"enemies":"Sentry and Sphere","floor":27.0,"turns":4.0},{"damage":0.0,"enemies":"3 Cultists","floor":31.0,"turns":5.0},{"damage":1.0,"enemies":"Collector","floor":33.0,"turns":9.0},{"damage":1.0,"enemies":"Orb Walker","floor":35.0,"turns":5.0},{"damage":0.0,"enemies":"3 Darklings","floor":36.0,"turns":5.0},{"damage":0.0,"enemies":"Maw","floor":37.0,"turns":8.0},{"damage":1.0,"enemies":"Transient","floor":38.0,"turns":7.0},{"damage":66,"enemies":"Giant Head","floor":40,"turns":9},{"damage":24,"enemies":"Nemesis","floor":42,"turns":5}],"seed_played":"-7195499440459089429","potions_obtained":[{"floor":2.0,"key":"Regen Potion"},{"floor":8.0,"key":"Regen Potion"},{"floor":14.0,"key":"Energy Potion"},{"floor":16.0,"key":"StancePotion"},{"floor":40,"key":"BottledMiracle"}],"is_trial":false,"path_per_floor":["M","M","?","M","?","R","E","M","T","R","M","R","?","E","R","B",null,"M","?","M","?","$","R","?","M","T","M","R","$","?","M","R","B",null,"M","M","M","M","?","E","R","E"],"character_chosen":"WATCHER","items_purchased":["Medical Kit","TheAbacus"],"campfire_rested":4,"item_purchase_floors":[22,29],"current_hp_per_floor":[60,60,40,36,36,36,35,28,28,28,28,48,48,38,38,37,60,60,60,60,60,60,60,60,41,41,43,63,63,63,65,68,67,68,67,68,68,67,67,2,22,0,0],"gold":242,"neow_bonus":"REMOVE_CARD","is_daily":false,"chose_seed":false,"campfire_upgraded":3,"win_rate":0.0,"timestamp":1608227129,"path_taken":["M","M","?","M","?","R","E","M","T","R","?","R","?","E","R","BOSS","M","?","M","?","$","R","?","M","T","?","R","$","?","M","R","BOSS","M","M","M","?","?","E","R","E"],"items_purchased_type":["Relic","Relic"],"build_version":"2020-11-30","purchased_purges":1,"victory":false,"max_hp_per_floor":[68,68,68,68,68,68,68,68,68,68,68,68,68,68,68,68,68,68,68,68,68,68,68,68,68,68,68,68,68,68,68,68,68,68,68,68,68,68,68,68,68,68,68],"card_choices":[{"not_picked":["FlyingSleeves","ClearTheMind"],"picked":"EmptyFist","floor":1.0},{"not_picked":["FlyingSleeves","BattleHymn"],"picked":"FlurryOfBlows","floor":2.0},{"not_picked":["ForeignInfluence","Crescendo"],"picked":"SandsOfTime","floor":4.0},{"not_picked":["Weave","BowlingBash"],"picked":"EmptyMind","floor":7.0},{"not_picked":["ThirdEye","SandsOfTime"],"picked":"SashWhip","floor":8.0},{"not_picked":["ClearTheMind","SashWhip"],"picked":"Tantrum","floor":11.0},{"not_picked":["Study","MasterReality"],"picked":"EmptyBody","floor":14.0},{"not_picked":["MasterReality","LessonLearned"],"picked":"Vault","floor":16.0},{"not_picked":["FlurryOfBlows","Tantrum"],"picked":"CutThroughFate+1","floor":18.0},{"not_picked":["JustLucky+1","SashWhip"],"picked":"Protect+1","floor":20.0},{"not_picked":["Evaluate","Sanctity","PathToVictory"],"picked":"SKIP","floor":25.0},{"not_picked":["CutThroughFate","EmptyBody"],"picked":"Perseverance","floor":27.0},{"not_picked":["SashWhip","CutThroughFate"],"picked":"Establishment","floor":31.0},{"not_picked":["ConjureBlade","Ragnarok"],"picked":"Blasphemy","floor":33.0},{"not_picked":["Meditate","ReachHeaven","Consecrate+1"],"picked":"SKIP","floor":35.0},{"not_picked":["FollowUp","WheelKick"],"picked":"Halt+1","floor":36.0},{"not_picked":["Conclude","CutThroughFate"],"picked":"LessonLearned","floor":37.0},{"not_picked":["WreathOfFlame+1","BowlingBash","Evaluate"],"picked":"SKIP","floor":38.0},{"not_picked":["MasterReality","Pray"],"picked":"DeusExMachina","floor":40}],"player_experience":2466077,"relics_obtained":[{"floor":7.0,"key":"Torii"},{"floor":9.0,"key":"HornCleat"},{"floor":14.0,"key":"Thread and Needle"},{"floor":26.0,"key":"Blood Vial"},{"floor":40,"key":"Matryoshka"},{"floor":40,"key":"StrikeDummy"}],"event_choices":[{"damage_healed":0.0,"max_hp_gain":0.0,"max_hp_loss":0.0,"gold_gain":0.0,"event_name":"Shining Light","player_choice":"Entered Light","floor":3.0,"gold_loss":0.0,"damage_taken":20.0,"cards_upgraded":["Strike_P","EmptyFist"]},{"damage_healed":0.0,"max_hp_gain":0.0,"max_hp_loss":0.0,"gold_gain":0.0,"event_name":"Upgrade Shrine","player_choice":"Upgraded","floor":5.0,"gold_loss":0.0,"damage_taken":0.0,"cards_upgraded":["Eruption"]},{"damage_healed":0.0,"max_hp_gain":0.0,"max_hp_loss":0.0,"gold_gain":0.0,"event_name":"WeMeetAgain","player_choice":"Gave Potion","floor":13.0,"gold_loss":0.0,"damage_taken":0.0,"relics_obtained":["Centennial Puzzle"]},{"damage_healed":0.0,"max_hp_gain":0.0,"max_hp_loss":0.0,"gold_gain":0.0,"event_name":"The Library","player_choice":"Read","floor":19.0,"gold_loss":0.0,"damage_taken":0.0,"cards_obtained":["TalkToTheHand"]},{"damage_healed":0.0,"max_hp_gain":0.0,"max_hp_loss":0.0,"gold_gain":0.0,"event_name":"Ghosts","player_choice":"Ignored","floor":21.0,"gold_loss":0.0,"damage_taken":0.0},{"damage_healed":0.0,"max_hp_gain":0.0,"max_hp_loss":0.0,"gold_gain":0.0,"event_name":"Upgrade Shrine","player_choice":"Upgraded","floor":24.0,"gold_loss":0.0,"damage_taken":0.0,"cards_upgraded":["Vault"]},{"damage_healed":0.0,"max_hp_gain":0.0,"max_hp_loss":0.0,"gold_gain":0.0,"event_name":"N\u0027loth","player_choice":"Traded Relic","floor":30.0,"relics_lost":["Thread and Needle"],"gold_loss":0.0,"damage_taken":0.0,"relics_obtained":["Nloth\u0027s Gift"]},{"damage_healed":0.0,"max_hp_gain":0.0,"max_hp_loss":0.0,"gold_gain":0.0,"event_name":"Tomb of Lord Red Mask","player_choice":"Ignored","floor":39.0,"gold_loss":0.0,"damage_taken":0.0}],"is_beta":false,"boss_relics":[{"not_picked":["Cursed Key","Ectoplasm"],"picked":"Fusion Hammer"},{"not_picked":["Coffee Dripper","Tiny House"],"picked":"Black Star"}],"items_purged_floors":[22],"is_endless":false,"potions_floor_spawned":[2,8,14,16,18,25,27,37,40],"killed_by":"Nemesis","ascension_level":20}}