{"host":"l8lkgdumzpe3823a","time":1608233200,"event":{"mods":["Aspiration","BaseMod","Better Note","Colored Powertips","Curses Come First","Custom Start","DeckTracker","Defuse TimeMaze Blight","Highlight Path","Hubris","Infinite Spire","Minty Spire (QoL Compilation)","Quick Restart","Replay The Spire","Shop Mod","StSLib","SuperFastMode","The Construct","The Dragon Tamer","vexMod"],"gold_per_floor":[112,112,161,161,180,180,180,7,57,57,82,82,111,128,128,225,225,240,240,165,185,32,32,65,65,65,65,65,65],"floor_reached":28,"playtime":959,"items_purged":["Biased Cognition","Strike_B"],"score":288,"play_id":"3d09b822-70bc-4e75-9220-870831366375","local_time":"20201217132640","is_ascension_mode":true,"campfire_choices":[{"data":"Coolheaded","floor":6,"key":"SMITH"},{"data":"Redo","floor":10,"key":"SMITH"},{"data":"Defragment","floor":12,"key":"SMITH"},{"data":"Zap","floor":15,"key":"SMITH"},{"data":"hubris:DoWhile","floor":23,"key":"SMITH"}],"circlet_count":0,"master_deck":["Strike_B","Strike_B","Defend_B","Defend_B","Defend_B","Zap+1","Dualcast","Gash","Coolheaded+1","Defragment+1","Go for the Eyes","Redo+1","Turbo","Go for the Eyes","hubris:DoWhile+1","Gash","Gash","Coolheaded"],"relics":["Cracked Core","hubris:TenFootPole","Ancient Tea Set","Vajra","hubris:FunFungus","Strawberry","hubris:RunicObelisk","ReplayTheSpireMod:Lightbulb","Darkstone Periapt"],"acts_visited":["Exordium","TheCity"],"potions_floor_usage":[24,24],"damage_taken":[{"damage":14,"enemies":"Jaw Worm","floor":1,"turns":4},{"damage":5,"enemies":"Small Slimes","floor":5,"turns":3},{"damage":10,"enemies":"Gremlin Nob","floor":13,"turns":3},{"damage":3,"enemies":"2 Louse","floor":14,"turns":2},{"damage":19,"enemies":"Hexaghost","floor":16,"turns":9},{"damage":5,"enemies":"Chosen","floor":18,"turns":4},{"damage":12,"enemies":"Spheric Guardian","floor":21,"turns":4},{"damage":57,"enemies":"Gremlin Leader","floor":24,"turns":6},{"damage":3,"enemies":"Slavers","floor":28,"turns":1}],"seed_played":"-2078409500169149410","potions_obtained":[{"floor":1,"key":"Energy Potion"},{"floor":14,"key":"SkillPotion"},{"floor":16,"key":"Explosive Potion"},{"floor":21,"key":"DuplicationPotion"},{"floor":24,"key":"Strength Potion"}],"is_trial":false,"path_per_floor":["M","?","T","?","M","R","?","$","T","R","?","R","E","M","R","B",null,"M","?","$","M","$","R","E","$","T","?","E"],"character_chosen":"DEFECT","items_purchased":["Defragment","Go for the Eyes","Redo","Coolheaded"],"campfire_rested":0,"item_purchase_floors":[8,8,8,22],"current_hp_per_floor":[61,61,61,61,56,56,56,56,56,56,41,41,40,37,37,23,67,65,65,65,53,53,53,3,3,3,3,0,0],"gold":65,"neow_bonus":"RANDOM_COMMON_RELIC","is_daily":false,"chose_seed":false,"campfire_upgraded":5,"win_rate":0.0,"timestamp":1608233200,"path_taken":["M","?","?","?","?","R","?","$","T","R","?","R","E","M","R","BOSS","M","?","?","M","$","R","E","$","T","?","E"],"items_purchased_type":["Card","Card","Card","Card"],"build_version":"2020-12-13","purchased_purges":2,"victory":false,"max_hp_per_floor":[75,75,75,75,75,75,75,75,75,75,75,75,82,82,82,82,82,82,82,82,82,82,82,82,82,82,82,82,82],"card_choices":[{"not_picked":["Defragment","Stack"],"picked":"Gash","floor":1},{"not_picked":["Leap","Rebound"],"picked":"Coolheaded","floor":5},{"not_picked":["Undo","Conserve Battery"],"picked":"Biased Cognition","floor":11},{"not_picked":["Redo","Barrage"],"picked":"Turbo","floor":13},{"not_picked":["Rip and Tear","Redo"],"picked":"Go for the Eyes","floor":14},{"not_picked":["Core Surge","ReplayRNGCard"],"picked":"hubris:DoWhile","floor":16},{"not_picked":["Redo","BasicCrystalCard+1","Leap+1"],"picked":"SKIP","floor":18},{"not_picked":["Go for the Eyes","Streamline+1"],"picked":"Gash","floor":21},{"not_picked":["aspiration:Polymerization","Rebound","Compile Driver+1"],"picked":"SKIP","floor":24}],"player_experience":567292,"relics_obtained":[{"floor":3,"key":"Ancient Tea Set"},{"floor":9,"key":"Vajra"},{"floor":11,"key":"hubris:FunFungus"},{"floor":13,"key":"Strawberry"},{"floor":24,"key":"ReplayTheSpireMod:Lightbulb"},{"floor":26,"key":"Darkstone Periapt"}],"event_choices":[{"cards_removed":["Strike_B"],"damage_healed":0,"gold_gain":0,"player_choice":"Forget","damage_taken":0,"max_hp_gain":0,"max_hp_loss":0,"event_name":"Living Wall","floor":4,"gold_loss":0},{"damage_healed":0,"gold_gain":0,"player_choice":"Ignored","damage_taken":0,"max_hp_gain":0,"max_hp_loss":0,"event_name":"Liars Game","floor":7,"gold_loss":0},{"damage_healed":0,"gold_gain":0,"player_choice":"Copied","damage_taken":0,"max_hp_gain":0,"max_hp_loss":0,"event_name":"Duplicator","floor":19,"gold_loss":0,"cards_obtained":["Gash"]},{"damage_healed":0,"gold_gain":0,"player_choice":"Ignored","damage_taken":0,"max_hp_gain":0,"max_hp_loss":0,"event_name":"Cursed Tome","floor":27,"gold_loss":0}],"is_beta":false,"boss_relics":[{"not_picked":["hubris:BlackHole","Black Star"],"picked":"hubris:RunicObelisk"}],"items_purged_floors":[20,22],"is_endless":false,"potions_floor_spawned":[1,14,16,21,24],"killed_by":"Slavers","ascension_level":5}}