{"host":"vfg9szunmpjwj08o","time":1608233364,"event":{"mods":["Act Like it!","BaseMod","Challenge The Spire","Colored Map","Colored Powertips","Minty Spire (QoL Compilation)","StSLib","Waifu the Spire"],"gold_per_floor":[111,111,123,123,133,133,147,175,175,195,215,215,215],"floor_reached":12,"playtime":335,"items_purged":[],"score":160,"play_id":"fcd8ac66-f768-4cca-aa87-63b203fb6707","local_time":"20201217202924","is_ascension_mode":true,"campfire_choices":[{"data":"Zap","floor":6,"key":"SMITH"}],"circlet_count":0,"master_deck":["AscendersBane","Strike_B","Strike_B","Strike_B","Defend_B","Defend_B","Defend_B","Defend_B","Zap+1","Dualcast","Glacier","Compile Driver","Double Energy","Scrape","Coolheaded","Gash"],"relics":["Cracked Core","NeowsBlessing","Potion Belt","The Courier"],"acts_visited":["Exordium"],"potions_floor_usage":[8,8,10],"damage_taken":[{"damage":0,"enemies":"Small Slimes","floor":1,"turns":1},{"damage":0,"enemies":"Cultist","floor":3,"turns":1},{"damage":0,"enemies":"Jaw Worm","floor":5,"turns":1},{"damage":21,"enemies":"Lots of Slimes","floor":7,"turns":5},{"damage":7,"enemies":"Gremlin Nob","floor":8,"turns":3},{"damage":1,"enemies":"Looter","floor":10,"turns":3},{"damage":5,"enemies":"Blue Slaver","floor":11,"turns":3},{"damage":25,"enemies":"Lagavulin","floor":12,"turns":5}],"seed_played":"3834142840843246107","potions_obtained":[{"floor":1,"key":"FearPotion"},{"floor":5,"key":"SteroidPotion"},{"floor":10,"key":"Fruit Juice"}],"is_trial":false,"path_per_floor":["M","?","M","?","M","R","M","E","T","M","M","E"],"character_chosen":"DEFECT","items_purchased":[],"campfire_rested":0,"item_purchase_floors":[],"current_hp_per_floor":[64,64,64,64,64,64,43,36,36,40,35,10,10],"gold":215,"neow_bonus":"THREE_ENEMY_KILL","is_daily":false,"chose_seed":false,"campfire_upgraded":1,"win_rate":0.0,"timestamp":1608233364,"path_taken":["M","?","?","?","?","R","M","E","T","M","M","E"],"items_purchased_type":[],"build_version":"2020-12-13","purchased_purges":0,"victory":false,"max_hp_per_floor":[71,71,71,71,71,71,71,71,71,76,76,76,76],"card_choices":[{"not_picked":["Undo","Compile Driver"],"picked":"Glacier","floor":1},{"not_picked":["Gash","Stack"],"picked":"Compile Driver","floor":3},{"not_picked":["Rebound","Streamline","Compile Driver"],"picked":"SKIP","floor":5},{"not_picked":["Stack","Compile Driver"],"picked":"Double Energy","floor":7},{"not_picked":["Barrage","Go for the Eyes"],"picked":"Scrape","floor":8},{"not_picked":["Redo","Leap"],"picked":"Coolheaded","floor":10},{"not_picked":["Leap","Loop"],"picked":"Gash","floor":11}],"player_experience":992166,"relics_obtained":[{"floor":2,"key":"Potion Belt"},{"floor":8,"key":"The Courier"}],"event_choices":[{"damage_healed":0,"gold_gain":0,"player_choice":"Relic","damage_taken":0,"max_hp_gain":0,"max_hp_loss":0,"event_name":"Wheel of Change","floor":2,"gold_loss":0},{"cards_removed":["Strike_B"],"damage_healed":0,"gold_gain":0,"player_choice":"Purged","damage_taken":0,"max_hp_gain":0,"max_hp_loss":0,"event_name":"Purifier","floor":4,"gold_loss":0}],"is_beta":false,"boss_relics":[],"items_purged_floors":[],"is_endless":false,"potions_floor_spawned":[1,5,10],"killed_by":"Lagavulin","ascension_level":19}}