{"host":"avjwtc49fhlk6kym","time":1608242075,"event":{"mods":["AchievementEnabler","BaseMod","Better Match","Better Note","Better Third Choice","Colored Map","Colored Powertips","Displayed Cursed Tome","Highlight Path","Minty Spire (QoL Compilation)","Permanent Neow","Quick Restart","StSLib"],"gold_per_floor":[110,121,75,150,115,115,143,143,214,214,230,230,245,255,255,354,354,373,373,373,373,389,389,417,431,500,50,50,50],"floor_reached":28,"playtime":887,"items_purged":["Writhe"],"score":342,"play_id":"01ffb542-bdc1-4093-be5b-6dfd2fd29237","local_time":"20201217165435","is_ascension_mode":true,"campfire_choices":[{"data":"Eruption","floor":6.0,"key":"SMITH"},{"data":"Discovery","floor":8.0,"key":"SMITH"},{"data":"CarveReality","floor":10.0,"key":"SMITH"},{"data":"Consecrate","floor":12.0,"key":"SMITH"},{"data":"LessonLearned","floor":15.0,"key":"SMITH"},{"floor":23.0,"key":"REST"}],"circlet_count":0,"master_deck":["Strike_P","Strike_P+1","Strike_P","Defend_P+1","Defend_P+1","Eruption+1","Vigilance","Discovery+1","Consecrate+1","CarveReality+1","BowlingBash","FlurryOfBlows","Prostrate","LessonLearned+1","CutThroughFate+1","Devotion","Worship+1","MentalFortress+1","Halt+1","CrushJoints","Necronomicurse","Wallop+1","BattleHymn","Evaluate","Wireheading"],"relics":["PureWater","Orichalcum","TeardropLocket","Astrolabe","Necronomicon","Toy Ornithopter","Pantograph","Bottled Tornado","Omamori","Bronze Scales"],"acts_visited":["Exordium","TheCity"],"potions_floor_usage":[28],"damage_taken":[{"damage":0.0,"enemies":"Cultist","floor":1.0,"turns":3.0},{"damage":0.0,"enemies":"Small Slimes","floor":2.0,"turns":3.0},{"damage":0.0,"enemies":"Lagavulin","floor":7.0,"turns":3.0},{"damage":4.0,"enemies":"Jaw Worm","floor":11.0,"turns":2.0},{"damage":3.0,"enemies":"Blue Slaver","floor":13.0,"turns":3.0},{"damage":10.0,"enemies":"Exordium Thugs","floor":14.0,"turns":2.0},{"damage":0.0,"enemies":"Slime Boss","floor":16.0,"turns":7.0},{"damage":6.0,"enemies":"Chosen","floor":18.0,"turns":3.0},{"damage":40.0,"enemies":"Shell Parasite","floor":22.0,"turns":8.0},{"damage":53.0,"enemies":"Slavers","floor":24.0,"turns":6.0},{"damage":7.0,"enemies":"Sentry and Sphere","floor":25.0,"turns":3.0},{"damage":27,"enemies":"Shelled Parasite and Fungi","floor":28,"turns":2}],"seed_played":"9040909569760836813","potions_obtained":[{"floor":7.0,"key":"FearPotion"},{"floor":11.0,"key":"Fire Potion"},{"floor":13.0,"key":"Ancient Potion"},{"floor":14.0,"key":"ColorlessPotion"},{"floor":16.0,"key":"Energy Potion"},{"floor":18.0,"key":"Regen Potion"},{"floor":25.0,"key":"Energy Potion"}],"is_trial":false,"path_per_floor":["M","M","$","?","?","R","E","R","T","R","M","R","M","M","R","B",null,"M","?","?","?","M","R","E","M","T","$","M"],"character_chosen":"WATCHER","items_purchased":["BowlingBash","Omamori","Bronze Scales","Wireheading"],"campfire_rested":1,"item_purchase_floors":[3,27,27,27],"current_hp_per_floor":[72,72,72,61,72,72,72,72,72,72,68,68,65,55,55,55,72,66,50,50,50,35,56,8,1,1,1,0,0],"gold":50,"neow_bonus":"RANDOM_COLORLESS","is_daily":false,"chose_seed":false,"campfire_upgraded":5,"win_rate":0.0,"timestamp":1608242075,"path_taken":["M","M","$","?","?","R","E","R","T","R","M","R","M","M","R","BOSS","M","?","?","?","M","R","E","M","T","$","?"],"items_purchased_type":["Card","Relic","Relic","Card"],"build_version":"2020-12-13","purchased_purges":1,"victory":false,"max_hp_per_floor":[72,72,72,72,72,72,72,72,72,72,72,72,72,72,72,72,72,72,72,72,72,72,72,72,72,72,72,72,72],"card_choices":[{"not_picked":["Impatience","Swift Strike"],"picked":"Discovery","floor":0.0},{"not_picked":["Evaluate","Prostrate"],"picked":"Consecrate","floor":1.0},{"not_picked":["WaveOfTheHand","Swivel"],"picked":"CarveReality","floor":2.0},{"not_picked":["SpiritShield","EmptyFist"],"picked":"FlurryOfBlows","floor":7.0},{"not_picked":["SignatureMove","FlyingSleeves"],"picked":"Prostrate","floor":11.0},{"not_picked":["FlurryOfBlows","FollowUp"],"picked":"LessonLearned","floor":13.0},{"not_picked":["Crescendo","SashWhip"],"picked":"CutThroughFate","floor":14.0},{"not_picked":["ConjureBlade","Wish"],"picked":"Devotion","floor":16.0},{"not_picked":["JustLucky","SignatureMove"],"picked":"CrushJoints","floor":18.0},{"not_picked":["CrushJoints","ForeignInfluence+1"],"picked":"Wallop+1","floor":22.0},{"not_picked":["SandsOfTime","MentalFortress+1"],"picked":"BattleHymn","floor":24.0},{"not_picked":["Swivel","CutThroughFate"],"picked":"Evaluate","floor":25.0}],"player_experience":509247,"relics_obtained":[{"floor":7.0,"key":"Orichalcum"},{"floor":9.0,"key":"TeardropLocket"},{"floor":24.0,"key":"Pantograph"},{"floor":26.0,"key":"Bottled Tornado"}],"event_choices":[{"damage_healed":0.0,"max_hp_gain":0.0,"max_hp_loss":0.0,"gold_gain":75.0,"event_name":"betterThird:BetterGoop","player_choice":"Gold","floor":4.0,"gold_loss":0.0,"damage_taken":11.0},{"damage_healed":18.0,"max_hp_gain":0.0,"max_hp_loss":0.0,"gold_gain":0.0,"event_name":"The Cleric","player_choice":"Healed","floor":5.0,"gold_loss":35.0,"damage_taken":0.0},{"damage_healed":0.0,"max_hp_gain":0.0,"max_hp_loss":0.0,"gold_gain":0.0,"event_name":"Cursed Tome","player_choice":"Obtained Book","floor":19.0,"gold_loss":0.0,"damage_taken":16.0},{"damage_healed":0.0,"max_hp_gain":0.0,"max_hp_loss":0.0,"gold_gain":0.0,"event_name":"Vampires","player_choice":"Ignored","floor":20.0,"gold_loss":0.0,"damage_taken":0.0},{"damage_healed":0.0,"max_hp_gain":0.0,"max_hp_loss":0.0,"gold_gain":0.0,"event_name":"The Mausoleum","player_choice":"Opened","floor":21.0,"gold_loss":0.0,"damage_taken":0.0,"relics_obtained":["Toy Ornithopter"],"cards_obtained":["Writhe"]}],"is_beta":false,"boss_relics":[{"not_picked":["Ectoplasm","Runic Dome"],"picked":"Astrolabe"}],"items_purged_floors":[27],"is_endless":false,"potions_floor_spawned":[7,11,13,14,16,18,25],"killed_by":"Shelled Parasite and Fungi","ascension_level":2}}