{"host":"vtakxgab1vu2j1nx","time":1608214087,"event":{"mods":["AchievementEnabler","BaseMod","Colored Map","Minty Spire (QoL Compilation)","Quick Restart","SuperFastMode"],"gold_per_floor":[110,110,122,132,148,148,173,183,183,208,208,219,219,232,232,335,335,335,335],"floor_reached":18,"playtime":404,"items_purged":[],"score":277,"play_id":"73dfa8f9-a122-4dee-8bd3-72ab1557ddaa","local_time":"20201217090807","is_ascension_mode":true,"campfire_choices":[{"data":"Mayhem","floor":6.0,"key":"SMITH"},{"floor":11.0,"key":"REST"},{"floor":13.0,"key":"REST"},{"data":"Perfected Strike","floor":15,"key":"SMITH"}],"circlet_count":0,"master_deck":["AscendersBane","Strike_R","Strike_R","Strike_R","Strike_R","Strike_R","Defend_R","Defend_R","Defend_R","Defend_R","Bash","Mayhem+1","Perfected Strike+1","Twin Strike","Berserk","Rage","Inflame","Intimidate","Cleave","Spot Weakness","Double Tap"],"relics":["Burning Blood","Spirit Poop","Blue Candle","Strawberry","Anchor","Mark of Pain"],"acts_visited":["Exordium","TheCity"],"potions_floor_usage":[16,18],"damage_taken":[{"damage":11.0,"enemies":"Small Slimes","floor":1.0,"turns":4.0},{"damage":1.0,"enemies":"Cultist","floor":3.0,"turns":4.0},{"damage":7.0,"enemies":"Jaw Worm","floor":4.0,"turns":2.0},{"damage":15.0,"enemies":"3 Louse","floor":5.0,"turns":3.0},{"damage":40.0,"enemies":"3 Sentries","floor":7.0,"turns":7.0},{"damage":10.0,"enemies":"Red Slaver","floor":8.0,"turns":3.0},{"damage":25.0,"enemies":"Lagavulin","floor":10.0,"turns":5.0},{"damage":16.0,"enemies":"Blue Slaver","floor":12.0,"turns":4.0},{"damage":9.0,"enemies":"3 Louse","floor":14.0,"turns":3.0},{"damage":23,"enemies":"Slime Boss","floor":16,"turns":9},{"damage":30,"enemies":"3 Byrds","floor":18,"turns":3}],"seed_played":"-9173885652462872932","potions_obtained":[{"floor":1.0,"key":"Explosive Potion"},{"floor":5.0,"key":"FearPotion"},{"floor":8.0,"key":"Strength Potion"},{"floor":16,"key":"Block Potion"}],"is_trial":false,"path_per_floor":["M","?","M","M","M","R","E","M","T","E","R","M","R","M","R","B",null,"M"],"character_chosen":"IRONCLAD","items_purchased":[],"campfire_rested":2,"item_purchase_floors":[],"current_hp_per_floor":[67,67,72,71,62,62,28,24,31,12,37,27,52,49,49,32,71,41,41],"gold":335,"neow_bonus":"RANDOM_COLORLESS_2","is_daily":false,"chose_seed":false,"campfire_upgraded":2,"win_rate":0.0,"timestamp":1608214087,"path_taken":["M","?","?","M","M","R","E","?","T","E","R","?","R","M","R","BOSS","M"],"items_purchased_type":[],"build_version":"2020-12-13","purchased_purges":0,"victory":false,"max_hp_per_floor":[80,77,77,77,77,77,77,77,84,84,84,84,84,84,84,84,84,84,84],"card_choices":[{"not_picked":["Chrysalis","Magnetism"],"picked":"Mayhem","floor":0.0},{"not_picked":["Thunderclap","Wild Strike"],"picked":"Perfected Strike","floor":1.0},{"not_picked":["Thunderclap","Ghostly Armor"],"picked":"Twin Strike","floor":3.0},{"not_picked":["Sever Soul","Carnage","Clash"],"picked":"SKIP","floor":4.0},{"not_picked":["Pummel","Heavy Blade"],"picked":"Berserk","floor":5.0},{"not_picked":["Second Wind","Clash"],"picked":"Rage","floor":7.0},{"not_picked":["Armaments","Havoc"],"picked":"Inflame","floor":8.0},{"not_picked":["Reckless Charge","True Grit"],"picked":"Intimidate","floor":10.0},{"not_picked":["Clothesline","Flex"],"picked":"Cleave","floor":12.0},{"not_picked":["Heavy Blade","Havoc"],"picked":"Spot Weakness","floor":14.0},{"not_picked":["Immolate","Exhume"],"picked":"Double Tap","floor":16}],"player_experience":182535,"relics_obtained":[{"floor":7.0,"key":"Blue Candle"},{"floor":9.0,"key":"Strawberry"},{"floor":10.0,"key":"Anchor"}],"event_choices":[{"cards_removed":["Parasite"],"damage_healed":0.0,"max_hp_gain":0.0,"max_hp_loss":0.0,"gold_gain":0.0,"event_name":"Bonfire Elementals","player_choice":"Offered Curse","floor":2.0,"gold_loss":0.0,"damage_taken":0.0,"relics_obtained":["Spirit Poop"]}],"is_beta":false,"boss_relics":[{"not_picked":["Coffee Dripper","Ectoplasm"],"picked":"Mark of Pain"}],"items_purged_floors":[],"is_endless":false,"potions_floor_spawned":[1,5,8,16],"killed_by":"3 Byrds","ascension_level":12}}