{"host":"sav7uxregyirlf69","time":1608210992,"event":{"mods":["AchievementEnabler","BaseMod","Colored Map","DeckTracker","Keyboard Shortcuts","Minty Spire (QoL Compilation)","READ ME - Guardian Mod","StSLib","SuperFastMode"],"gold_per_floor":[113,132,132,152,77,77,93,116,116,116,149,109,144,167,167,262,262,281,281,304,304,304],"floor_reached":21,"playtime":389,"items_purged":["Strike_R"],"score":382,"play_id":"59c761ea-0a8d-4e0b-8841-3bd5bf9ffa6f","local_time":"20201217221632","is_ascension_mode":true,"campfire_choices":[{"data":"Immolate","floor":6,"key":"SMITH"},{"data":"Entrench","floor":10,"key":"SMITH"},{"floor":15,"key":"REST"}],"circlet_count":0,"master_deck":["AscendersBane","Strike_R","Strike_R","Defend_R","Defend_R","Defend_R","Defend_R","Bash","Immolate+1","Entrench+1","Evolve","Wild Strike","Flame Barrier","Shrug It Off","Reaper","Battle Trance","Body Slam"],"relics":["Burning Blood","Golden Idol","Sundial","Vajra","Sozu","Art of War"],"acts_visited":["Exordium","TheCity"],"potions_floor_usage":[11],"damage_taken":[{"damage":0,"enemies":"2 Louse","floor":1,"turns":1},{"damage":0,"enemies":"Small Slimes","floor":2,"turns":2},{"damage":6,"enemies":"Cultist","floor":4,"turns":4},{"damage":13,"enemies":"3 Louse","floor":7,"turns":2},{"damage":0,"enemies":"Exordium Thugs","floor":8,"turns":3},{"damage":8,"enemies":"3 Sentries","floor":11,"turns":4},{"damage":27,"enemies":"Lagavulin","floor":13,"turns":7},{"damage":6,"enemies":"Red Slaver","floor":14,"turns":3},{"damage":62,"enemies":"Slime Boss","floor":16,"turns":9},{"damage":16,"enemies":"Spheric Guardian","floor":18,"turns":5},{"damage":20,"enemies":"Shell Parasite","floor":20,"turns":4},{"damage":56,"enemies":"Chosen and Byrds","floor":21,"turns":6}],"seed_played":"-8780173174587124950","potions_obtained":[{"floor":1,"key":"FairyPotion"},{"floor":8,"key":"Block Potion"},{"floor":12,"key":"FairyPotion"}],"is_trial":false,"path_per_floor":["M","M","?","M","$","R","M","M","T","R","E","?","E","M","R","B",null,"M","?","M","M"],"character_chosen":"IRONCLAD","items_purchased":[],"campfire_rested":1,"item_purchase_floors":[],"current_hp_per_floor":[56,62,36,36,36,36,29,35,35,35,33,33,12,12,34,28,63,53,53,46,0,0],"gold":304,"neow_bonus":"TRANSFORM_TWO_CARDS","is_daily":false,"chose_seed":false,"campfire_upgraded":2,"win_rate":0.0,"timestamp":1608210992,"path_taken":["M","M","?","M","$","R","M","M","T","R","E","?","E","?","R","BOSS","M","?","M","M"],"items_purchased_type":[],"build_version":"2020-12-13","purchased_purges":1,"victory":false,"max_hp_per_floor":[75,75,75,75,75,75,75,75,75,75,75,75,75,75,75,75,75,75,75,75,75,75],"card_choices":[{"not_picked":["Blood for Blood","Flex"],"picked":"Evolve","floor":1},{"not_picked":["Pommel Strike","Iron Wave","Armaments"],"picked":"SKIP","floor":2},{"not_picked":["Blood for Blood","Headbutt"],"picked":"Wild Strike","floor":4},{"not_picked":["Wild Strike","Clash"],"picked":"Flame Barrier","floor":7},{"not_picked":["Corruption","True Grit"],"picked":"Warcry","floor":8},{"not_picked":["Havoc","Wild Strike","Demon Form"],"picked":"SKIP","floor":11},{"not_picked":["Carnage","True Grit"],"picked":"Shrug It Off","floor":13},{"not_picked":["Battle Trance","Havoc","Evolve"],"picked":"SKIP","floor":14},{"not_picked":["Exhume","Immolate"],"picked":"Reaper","floor":16},{"not_picked":["Flex","Perfected Strike"],"picked":"Battle Trance","floor":18},{"not_picked":["Ghostly Armor+1","Shrug It Off"],"picked":"Body Slam","floor":20}],"player_experience":943600,"relics_obtained":[{"floor":11,"key":"Sundial"},{"floor":13,"key":"Vajra"}],"event_choices":[{"damage_healed":0,"gold_gain":0,"player_choice":"Take Damage","damage_taken":26,"relics_obtained":["Golden Idol"],"max_hp_gain":0,"max_hp_loss":0,"event_name":"Golden Idol","floor":3,"gold_loss":0},{"damage_healed":0,"gold_gain":0,"player_choice":"Bought 3 Potions","damage_taken":0,"max_hp_gain":0,"max_hp_loss":0,"event_name":"The Woman in Blue","floor":12,"gold_loss":0},{"cards_removed":["Warcry"],"damage_healed":0,"gold_gain":0,"player_choice":"Gave Card","damage_taken":0,"relics_obtained":["Art of War"],"max_hp_gain":0,"max_hp_loss":0,"event_name":"WeMeetAgain","floor":19,"gold_loss":0}],"is_beta":false,"boss_relics":[{"not_picked":["SacredBark","Astrolabe"],"picked":"Sozu"}],"items_purged_floors":[5],"is_endless":false,"potions_floor_spawned":[1,8,13,20],"killed_by":"Chosen and Byrds","ascension_level":20}}