{"host":"nox","time":1608177440,"event":{"mods":["BaseMod","Colored Powertips","Minty Spire (QoL Compilation)","Quick Restart","Replay The Spire","StSLib"],"gold_per_floor":[112,112,132,144,156,156,171,205,231,243,243,243],"floor_reached":11,"playtime":374,"items_purged":[],"score":92,"play_id":"1d9ad812-908a-4548-811c-c896b2afb212","local_time":"20201217105720","is_ascension_mode":true,"campfire_choices":[{"data":"Zap","floor":6,"key":"SMITH"}],"circlet_count":0,"master_deck":["Strike_B","Strike_B","Strike_B","Strike_B","Defend_B","Defend_B","Defend_B","Defend_B","Zap+1","Dualcast","Decay","Rebound","Streamline"],"relics":["Ring of Chaos","Potion Belt"],"acts_visited":["Exordium"],"potions_floor_usage":[8,10,11],"damage_taken":[{"damage":1,"enemies":"Cultist","floor":1,"turns":3},{"damage":0,"enemies":"2 Louse","floor":3,"turns":3},{"damage":5,"enemies":"Small Slimes","floor":4,"turns":4},{"damage":26,"enemies":"2 Fungi Beasts","floor":5,"turns":5},{"damage":6,"enemies":"Large Slime","floor":7,"turns":5},{"damage":20,"enemies":"Replay:BlueRogue","floor":8,"turns":7},{"damage":8,"enemies":"Exordium Thugs","floor":10,"turns":4},{"damage":24,"enemies":"Gremlin Nob","floor":11,"turns":3}],"seed_played":"-7302977582455206918","potions_obtained":[{"floor":5,"key":"AttackPotion"},{"floor":7,"key":"ColorlessPotion"},{"floor":10,"key":"Languid Potion"}],"is_trial":false,"path_per_floor":["M","?","M","M","M","R","M","E","T","M","E"],"character_chosen":"DEFECT","items_purchased":[],"campfire_rested":0,"item_purchase_floors":[],"current_hp_per_floor":[74,74,74,69,43,43,37,17,17,9,0,0],"gold":243,"neow_bonus":"BOSS_RELIC","is_daily":false,"chose_seed":false,"campfire_upgraded":1,"win_rate":0.0,"timestamp":1608177440,"path_taken":["M","?","M","M","M","R","M","E","T","M","E"],"items_purchased_type":[],"build_version":"2020-11-17","purchased_purges":0,"victory":false,"max_hp_per_floor":[75,75,75,75,75,75,75,75,75,75,75,75],"card_choices":[{"not_picked":["Steam","Barrage","Reinforced Body"],"picked":"SKIP","floor":1},{"not_picked":["Melter","Heatsinks","Skim"],"picked":"SKIP","floor":3},{"not_picked":["Doom and Gloom","Glacier","Redo"],"picked":"SKIP","floor":4},{"not_picked":["Defragment","Doom and Gloom"],"picked":"Rebound","floor":5},{"not_picked":["Go for the Eyes","ReplayTheSpireMod:Reroute Power"],"picked":"Streamline","floor":7},{"not_picked":["BootSequence","Barrage","Rebound"],"picked":"SKIP","floor":8},{"not_picked":["Leap","Tempest","Coolheaded"],"picked":"SKIP","floor":10}],"player_experience":152679,"relics_obtained":[{"floor":8,"key":"Potion Belt"}],"event_choices":[{"damage_healed":0,"gold_gain":0,"player_choice":"Cursed","damage_taken":0,"max_hp_gain":0,"max_hp_loss":0,"event_name":"Wheel of Change","floor":2,"gold_loss":0,"cards_obtained":["Decay"]}],"is_beta":true,"boss_relics":[],"items_purged_floors":[],"is_endless":false,"potions_floor_spawned":[5,7,10],"killed_by":"Gremlin Nob","ascension_level":4}}