{"host":"3h5qf14xt40jhha0","time":1608177518,"event":{"mods":["AlwaysNeverKeys","BaseMod","Colored Powertips","Minty Spire (QoL Compilation)","Permanent Neow","Relic Stats","StSLib"],"gold_per_floor":[119,119,131,148,3,38,38,68,68,83,83,111,111,131,131,236,236,250,165,195,205,218,228,254,254,254,254,254,283,283,313,313,415,415,425,439,457,65,115,115,128,148,148,148,165,201,51,86,86,86,86,86,23,62,62],"floor_reached":56,"playtime":3251,"items_purged":[],"score":1793,"play_id":"d9330e23-b9d0-4910-b473-27ba5d66421a","local_time":"20201216225838","is_ascension_mode":true,"campfire_choices":[{"data":"Seeing Red","floor":7,"key":"SMITH"},{"data":"Dark Embrace","floor":11,"key":"SMITH"},{"data":"Feed","floor":15,"key":"SMITH"},{"data":"Feed","floor":25,"key":"SMITH"},{"data":"Demon Form","floor":27,"key":"SMITH"},{"data":"Seeing Red","floor":32,"key":"SMITH"},{"floor":40,"key":"RECALL"},{"data":"Juggernaut","floor":49,"key":"SMITH"},{"data":"Rupture","floor":52,"key":"SMITH"}],"circlet_count":0,"master_deck":["Bash","Dark Embrace+1","Demon Form+1","Shrug It Off","Twin Strike","Reckless Charge","Bloodletting","Shrug It Off","Juggernaut+1","Clothesline","Seeing Red+1","Sword Boomerang","Anger","Seeing Red+1","Feed+1","Iron Wave","Feed+1","True Grit+1","Heavy Blade+1","Warcry+1","Warcry+1","Impervious+1","Havoc+1","Armaments+1","Rupture+1","Reaper","Disarm+1","Second Wind+1","Exhume+1","Blind+1","Dark Embrace+1","Warcry+1","Parasite","Disarm+1","Disarm+1","Shockwave+1","Shrug It Off+1"],"relics":["Pandora\u0027s Box","Brimstone","Tiny Chest","Singing Bowl","Bronze Scales","White Beast Statue","Toxic Egg 2","SlaversCollar","Bird Faced Urn","Red Mask","Toy Ornithopter","Ornamental Fan","Magic Flower","Self Forming Clay","Runic Dome","DollysMirror","Happy Flower","Gambling Chip","Incense Burner","Mummified Hand","CeramicFish","Medical Kit","Orichalcum","Lantern"],"acts_visited":["Exordium","TheCity","TheBeyond","TheEnding"],"potions_floor_usage":[12,18,20,21,22,23,24,24,29,31,35,36,37,41,46,48,50,54,55,55,55,55,55],"damage_taken":[{"damage":0,"enemies":"2 Louse","floor":1,"turns":3},{"damage":2,"enemies":"Cultist","floor":3,"turns":3},{"damage":2,"enemies":"Small Slimes","floor":4,"turns":2},{"damage":26,"enemies":"3 Sentries","floor":6,"turns":5},{"damage":2,"enemies":"Lagavulin","floor":8,"turns":4},{"damage":15,"enemies":"Exordium Wildlife","floor":10,"turns":3},{"damage":13,"enemies":"Gremlin Nob","floor":12,"turns":3},{"damage":0,"enemies":"2 Fungi Beasts","floor":14,"turns":2},{"damage":3,"enemies":"Slime Boss","floor":16,"turns":4},{"damage":3,"enemies":"Shell Parasite","floor":18,"turns":2},{"damage":14,"enemies":"Masked Bandits","floor":20,"turns":3},{"damage":22,"enemies":"3 Byrds","floor":21,"turns":4},{"damage":5,"enemies":"Snake Plant","floor":22,"turns":2},{"damage":38,"enemies":"Sentry and Sphere","floor":23,"turns":5},{"damage":15,"enemies":"Book of Stabbing","floor":24,"turns":2},{"damage":3,"enemies":"Slavers","floor":29,"turns":3},{"damage":2,"enemies":"Book of Stabbing","floor":31,"turns":3},{"damage":40,"enemies":"Collector","floor":33,"turns":5},{"damage":0,"enemies":"3 Shapes","floor":35,"turns":5},{"damage":29,"enemies":"Orb Walker","floor":36,"turns":4},{"damage":50,"enemies":"Maw","floor":37,"turns":6},{"damage":25,"enemies":"Mind Bloom Boss Battle","floor":39,"turns":8},{"damage":17,"enemies":"Transient","floor":41,"turns":5},{"damage":0,"enemies":"3 Darklings","floor":42,"turns":3},{"damage":13,"enemies":"Writhing Mass","floor":45,"turns":3},{"damage":21,"enemies":"Nemesis","floor":46,"turns":8},{"damage":3,"enemies":"Reptomancer","floor":48,"turns":3},{"damage":45,"enemies":"Awakened One","floor":50,"turns":6},{"damage":13,"enemies":"Shield and Spear","floor":54,"turns":2},{"damage":79,"enemies":"The Heart","floor":55,"turns":6}],"seed_played":"-1420805429161139805","potions_obtained":[{"floor":6,"key":"EntropicBrew"},{"floor":8,"key":"DuplicationPotion"},{"floor":10,"key":"Energy Potion"},{"floor":14,"key":"DistilledChaos"},{"floor":18,"key":"BlessingOfTheForge"},{"floor":20,"key":"Regen Potion"},{"floor":21,"key":"AttackPotion"},{"floor":22,"key":"BloodPotion"},{"floor":23,"key":"ColorlessPotion"},{"floor":24,"key":"DistilledChaos"},{"floor":29,"key":"Block Potion"},{"floor":31,"key":"BloodPotion"},{"floor":33,"key":"ColorlessPotion"},{"floor":35,"key":"CultistPotion"},{"floor":36,"key":"EssenceOfSteel"},{"floor":37,"key":"SmokeBomb"},{"floor":39,"key":"Swift Potion"},{"floor":41,"key":"ColorlessPotion"},{"floor":42,"key":"Explosive Potion"},{"floor":45,"key":"Block Potion"},{"floor":46,"key":"Swift Potion"},{"floor":48,"key":"EssenceOfSteel"},{"floor":54,"key":"Block Potion"}],"is_trial":false,"path_per_floor":["M","?","M","M","$","E","R","E","T","M","R","E","T","M","R","B",null,"M","?","?","M","M","M","E","R","T","R","T","E","?","E","R","B",null,"M","M","M","$","?","R","M","M","T","T","M","E","$","E","R","B",null,"R","$","E","B",null],"character_chosen":"IRONCLAD","items_purchased":["Brimstone","Blind+1","DollysMirror","Happy Flower","Medical Kit","Shockwave+1"],"campfire_rested":0,"item_purchase_floors":[5,38,38,38,47,53],"current_hp_per_floor":[72,72,70,68,68,42,42,42,42,27,27,14,14,17,17,18,71,72,72,65,59,62,55,44,44,44,44,44,60,60,83,83,55,111,133,130,99,99,95,95,147,153,153,153,157,151,151,163,163,135,162,162,162,170,122],"gold":62,"neow_bonus":"BOSS_RELIC","is_daily":false,"chose_seed":false,"campfire_upgraded":8,"win_rate":0.0,"timestamp":1608177518,"path_taken":["M","?","M","?","$","E","R","E","T","M","R","E","?","M","R","BOSS","M","?","?","M","M","M","E","R","T","R","?","E","?","E","R","BOSS","M","?","M","$","?","R","M","M","T","?","M","E","$","E","R","BOSS","R","$","E","BOSS"],"items_purchased_type":["Relic","Card","Relic","Relic","Relic","Card"],"build_version":"2020-12-13","purchased_purges":0,"victory":true,"max_hp_per_floor":[80,80,80,80,80,80,80,82,82,82,82,82,82,85,85,89,89,93,93,100,100,104,111,115,115,115,115,115,123,123,129,129,129,129,133,137,141,141,145,145,147,153,153,153,157,161,161,163,163,171,171,171,171,179,179],"relic_stats":{"Singing Bowl":10,"Happy Flower":[14],"counters":[30,117],"Self Forming Clay":[186],"CeramicFish":27,"Magic Flower":[87],"Orichalcum":[0],"Medical Kit":[10],"Ornamental Fan":[136],"Mummified Hand":[36],"Bronze Scales":[288],"Bird Faced Urn":[130],"Gambling Chip":[19],"Pandora\u0027s Box":["Hemokinesis","Dark Embrace","Demon Form","Shrug It Off","Twin Strike","Reckless Charge","Bloodletting","Shrug It Off","Juggernaut"],"Tiny Chest":2,"obtain_stats":[{"Lantern":54,"Singing Bowl":8,"CeramicFish":46,"Magic Flower":29,"Incense Burner":43,"Burning Blood":0,"DollysMirror":38,"Mummified Hand":44,"Gambling Chip":39,"Tiny Chest":6,"Red Mask":20,"Toxic Egg 2":13,"Happy Flower":38,"Self Forming Clay":31,"Orichalcum":48,"Medical Kit":47,"White Beast Statue":12,"SlaversCollar":17,"Runic Dome":34,"Brimstone":5,"Ornamental Fan":26,"Bronze Scales":9,"Bird Faced Urn":19,"Pandora\u0027s Box":0,"Toy Ornithopter":24},{"Lantern":29,"Singing Bowl":5,"CeramicFish":26,"Magic Flower":16,"Incense Burner":24,"Burning Blood":0,"DollysMirror":21,"Mummified Hand":24,"Gambling Chip":22,"Tiny Chest":4,"Red Mask":11,"Toxic Egg 2":7,"Happy Flower":21,"Self Forming Clay":17,"Orichalcum":27,"Medical Kit":26,"White Beast Statue":7,"SlaversCollar":9,"Runic Dome":18,"Brimstone":3,"Ornamental Fan":15,"Bronze Scales":5,"Bird Faced Urn":10,"Pandora\u0027s Box":0,"Toy Ornithopter":15},{"Lantern":111,"Singing Bowl":17,"CeramicFish":100,"Magic Flower":50,"Incense Burner":89,"Burning Blood":0,"DollysMirror":73,"Mummified Hand":89,"Gambling Chip":81,"Tiny Chest":13,"Red Mask":34,"Toxic Egg 2":23,"Happy Flower":73,"Self Forming Clay":53,"Orichalcum":103,"Medical Kit":100,"White Beast Statue":23,"SlaversCollar":29,"Runic Dome":58,"Brimstone":8,"Ornamental Fan":47,"Bronze Scales":17,"Bird Faced Urn":31,"Pandora\u0027s Box":0,"Toy Ornithopter":47}],"Toy Ornithopter":62},"card_choices":[{"not_picked":["Warcry","Wild Strike"],"picked":"Clothesline","floor":1},{"not_picked":["Iron Wave","Sentinel"],"picked":"Seeing Red","floor":3},{"not_picked":["Warcry","Wild Strike"],"picked":"Sword Boomerang","floor":4},{"not_picked":["Wild Strike","Clash"],"picked":"Anger","floor":6},{"not_picked":["Heavy Blade","Twin Strike","Anger"],"picked":"Singing Bowl","floor":8},{"not_picked":["Ghostly Armor","Thunderclap"],"picked":"Seeing Red","floor":10},{"not_picked":["Sentinel","Flex"],"picked":"Feed","floor":12},{"not_picked":["Sword Boomerang","Blood for Blood"],"picked":"Iron Wave","floor":14},{"not_picked":["Juggernaut","Offering+1"],"picked":"Feed","floor":16},{"not_picked":["Sword Boomerang","Anger"],"picked":"True Grit+1","floor":18},{"not_picked":["Iron Wave","Dual Wield+1"],"picked":"Heavy Blade+1","floor":20},{"not_picked":["Clash+1","Ghostly Armor+1"],"picked":"Warcry+1","floor":21},{"not_picked":["Inflame","Flex+1"],"picked":"Warcry+1","floor":22},{"not_picked":["Carnage","Pommel Strike+1"],"picked":"Impervious+1","floor":23},{"not_picked":["Rampage","Demon Form"],"picked":"Havoc+1","floor":24},{"not_picked":["Headbutt","Clothesline"],"picked":"Armaments+1","floor":29},{"not_picked":["Spot Weakness+1","Clash+1","Heavy Blade"],"picked":"Singing Bowl","floor":31},{"not_picked":["Impervious+1","Immolate"],"picked":"Reaper","floor":33},{"not_picked":["True Grit+1","Armaments+1"],"picked":"Disarm+1","floor":35},{"not_picked":["Sword Boomerang+1","Havoc+1"],"picked":"Second Wind+1","floor":36},{"not_picked":["Headbutt+1","Iron Wave+1"],"picked":"Exhume+1","floor":37},{"not_picked":["Sentinel+1","Pommel Strike+1"],"picked":"Warcry+1","floor":39},{"not_picked":["Rage+1","Thunderclap","Pommel Strike"],"picked":"Singing Bowl","floor":41},{"not_picked":["Cleave","Armaments+1","Headbutt+1"],"picked":"Singing Bowl","floor":42},{"not_picked":["Uppercut","Hemokinesis+1"],"picked":"Disarm+1","floor":45},{"not_picked":["Wild Strike","Pommel Strike+1"],"picked":"Disarm+1","floor":46},{"not_picked":["Headbutt","Uppercut+1","Clash"],"picked":"Singing Bowl","floor":48},{"not_picked":["True Grit+1","Fiend Fire"],"picked":"Shrug It Off+1","floor":54}],"player_experience":1248731,"relics_obtained":[{"floor":6,"key":"Tiny Chest"},{"floor":8,"key":"Singing Bowl"},{"floor":9,"key":"Bronze Scales"},{"floor":12,"key":"White Beast Statue"},{"floor":13,"key":"Toxic Egg 2"},{"floor":20,"key":"Red Mask"},{"floor":24,"key":"Toy Ornithopter"},{"floor":26,"key":"Ornamental Fan"},{"floor":29,"key":"Magic Flower"},{"floor":31,"key":"Self Forming Clay"},{"floor":39,"key":"Gambling Chip"},{"floor":43,"key":"Incense Burner"},{"floor":44,"key":"Mummified Hand"},{"floor":46,"key":"CeramicFish"},{"floor":48,"key":"Orichalcum"},{"floor":54,"key":"Lantern"}],"event_choices":[{"damage_healed":0,"gold_gain":0,"player_choice":"Bought 0 Potions","damage_taken":0,"max_hp_gain":0,"max_hp_loss":0,"event_name":"The Woman in Blue","floor":2,"gold_loss":0},{"damage_healed":0,"gold_gain":0,"player_choice":"Obtained Relic","damage_taken":0,"relics_obtained":["Bird Faced Urn"],"max_hp_gain":0,"max_hp_loss":0,"event_name":"Addict","floor":19,"gold_loss":85},{"damage_healed":0,"gold_gain":0,"player_choice":"Fought Bandits","damage_taken":0,"max_hp_gain":0,"max_hp_loss":0,"event_name":"Masked Bandits","floor":20,"gold_loss":0},{"damage_healed":0,"gold_gain":0,"cards_transformed":["Hemokinesis"],"player_choice":"Transformed","damage_taken":0,"max_hp_gain":0,"max_hp_loss":0,"event_name":"Transmorgrifier","floor":30,"gold_loss":0,"cards_obtained":["Rupture"]},{"damage_healed":0,"gold_gain":0,"player_choice":"Fight","damage_taken":0,"max_hp_gain":0,"max_hp_loss":0,"event_name":"MindBloom","floor":39,"gold_loss":0}],"is_beta":false,"boss_relics":[{"not_picked":["Ectoplasm","Calling Bell"],"picked":"SlaversCollar"},{"not_picked":["Snecko Eye","Fusion Hammer"],"picked":"Runic Dome"}],"items_purged_floors":[],"is_endless":false,"potions_floor_spawned":[6,8,10,14,16,18,20,21,22,23,24,29,31,33,35,36,37,39,41,42,45,46,48,54],"ascension_level":6}}