{"host":"9ndbo4kgsfoemf7y","time":1608200360,"event":{"mods":["AchievementEnabler","BaseMod","Colored Map","DeckTracker","Keyboard Shortcuts","Minty Spire (QoL Compilation)","Permanent Neow","Quick Restart","Relic Stats","StSLib","SuperFastMode"],"gold_per_floor":[14,29,46,121,132,132,167,183,183,217,233,233,246,272,272,349,349,368,368,249,249,174,204,204,229,254,267,267,267,267],"floor_reached":29,"playtime":679,"items_purged":["Strike_R"],"score":585,"play_id":"88e2fda9-ec3c-4ef8-a042-387376082eb3","local_time":"20201217191920","is_ascension_mode":true,"campfire_choices":[{"data":"Uppercut","floor":6.0,"key":"SMITH"},{"data":"Immolate","floor":12.0,"key":"SMITH"},{"data":"Seeing Red","floor":15,"key":"SMITH"},{"data":"Reaper","floor":24,"key":"SMITH"},{"data":"Battle Trance","floor":28,"key":"SMITH"}],"circlet_count":0,"master_deck":["AscendersBane","Strike_R","Strike_R","Strike_R","Defend_R","Defend_R","Defend_R","Defend_R","Bash","Immolate+1","Uppercut+1","Flex","Cleave","Metallicize","Shrug It Off","Seeing Red+1","Reaper+1","Power Through","Feel No Pain","Second Wind","Battle Trance+1","Second Wind+1"],"relics":["Burning Blood","Mercury Hourglass","Red Skull","Anchor","InkBottle","Philosopher\u0027s Stone","Darkstone Periapt","Oddly Smooth Stone","Smiling Mask"],"acts_visited":["Exordium","TheCity"],"potions_floor_usage":[23],"damage_taken":[{"damage":0.0,"enemies":"Small Slimes","floor":1.0,"turns":2.0},{"damage":4.0,"enemies":"Jaw Worm","floor":2.0,"turns":3.0},{"damage":1.0,"enemies":"2 Louse","floor":3.0,"turns":2.0},{"damage":14.0,"enemies":"Red Slaver","floor":5.0,"turns":3.0},{"damage":15.0,"enemies":"3 Sentries","floor":7.0,"turns":4.0},{"damage":3.0,"enemies":"Exordium Wildlife","floor":8.0,"turns":3.0},{"damage":14.0,"enemies":"Lagavulin","floor":10.0,"turns":5.0},{"damage":0.0,"enemies":"Lots of Slimes","floor":11.0,"turns":2.0},{"damage":0.0,"enemies":"Gremlin Gang","floor":13.0,"turns":2.0},{"damage":0,"enemies":"3 Sentries","floor":14,"turns":2},{"damage":59,"enemies":"Slime Boss","floor":16,"turns":7},{"damage":29,"enemies":"3 Byrds","floor":18,"turns":3},{"damage":47,"enemies":"Book of Stabbing","floor":23,"turns":5},{"damage":12,"enemies":"Slavers","floor":25,"turns":2},{"damage":7,"enemies":"Spheric Guardian","floor":27,"turns":5},{"damage":115,"enemies":"Book of Stabbing","floor":29,"turns":7}],"seed_played":"6305227104584728599","potions_obtained":[{"floor":3.0,"key":"BloodPotion"},{"floor":7.0,"key":"AttackPotion"},{"floor":11.0,"key":"Block Potion"},{"floor":13.0,"key":"FairyPotion"},{"floor":23,"key":"FairyPotion"}],"is_trial":false,"path_per_floor":["M","M","M","?","M","R","E","M","T","E","M","R","M","E","R","B",null,"M","?","$","?","?","E","R","E","T","M","R","E"],"character_chosen":"IRONCLAD","items_purchased":["Second Wind"],"campfire_rested":0,"item_purchase_floors":[20],"current_hp_per_floor":[74,75,75,64,56,56,47,50,50,42,48,48,54,60,60,7,58,41,41,41,41,41,28,28,57,57,60,60,0,0],"gold":267,"neow_bonus":"THREE_RARE_CARDS","is_daily":false,"chose_seed":false,"campfire_upgraded":5,"win_rate":0.0,"timestamp":1608200360,"path_taken":["M","M","M","?","M","R","E","M","T","E","M","R","M","E","R","BOSS","M","?","$","?","?","E","R","E","T","M","R","E"],"items_purchased_type":["Card"],"build_version":"2020-12-13","purchased_purges":1,"victory":false,"max_hp_per_floor":[75,75,75,75,75,75,75,75,75,75,75,75,75,75,75,75,75,75,75,75,75,75,75,75,75,75,75,75,75,75],"relic_stats":{"Darkstone Periapt":0,"counters":[16,56],"Smiling Mask":0,"obtain_stats":[{"Darkstone Periapt":23,"Anchor":10,"Oddly Smooth Stone":25,"Philosopher\u0027s Stone":17,"Smiling Mask":26,"Burning Blood":0,"Red Skull":9,"InkBottle":14,"Mercury Hourglass":7},{"Darkstone Periapt":13,"Anchor":7,"Oddly Smooth Stone":14,"Philosopher\u0027s Stone":11,"Smiling Mask":14,"Burning Blood":0,"Red Skull":6,"InkBottle":10,"Mercury Hourglass":5},{"Darkstone Periapt":42,"Anchor":21,"Oddly Smooth Stone":44,"Philosopher\u0027s Stone":34,"Smiling Mask":44,"Burning Blood":0,"Red Skull":17,"InkBottle":27,"Mercury Hourglass":14}],"Burning Blood":84,"InkBottle":[7],"Mercury Hourglass":[219]},"card_choices":[{"not_picked":["Corruption","Juggernaut"],"picked":"Immolate","floor":0.0},{"not_picked":["Sword Boomerang","Ghostly Armor"],"picked":"Uppercut","floor":1.0},{"not_picked":["Ghostly Armor","Headbutt"],"picked":"Flex","floor":2.0},{"not_picked":["Iron Wave","Perfected Strike"],"picked":"Cleave","floor":3.0},{"not_picked":["Thunderclap","Clash","Sentinel"],"picked":"SKIP","floor":5.0},{"not_picked":["Twin Strike","Carnage"],"picked":"Metallicize","floor":7.0},{"not_picked":["Whirlwind","Cleave","True Grit"],"picked":"SKIP","floor":8.0},{"not_picked":["Cleave","Juggernaut","Iron Wave"],"picked":"SKIP","floor":10.0},{"not_picked":["Uppercut","Thunderclap","True Grit"],"picked":"SKIP","floor":11.0},{"not_picked":["Spot Weakness","Pommel Strike"],"picked":"Shrug It Off","floor":13.0},{"not_picked":["Havoc","Combust"],"picked":"Seeing Red","floor":14},{"not_picked":["Exhume","Double Tap"],"picked":"Reaper","floor":16},{"not_picked":["Ghostly Armor","Pummel"],"picked":"Power Through","floor":18},{"not_picked":["Warcry+1","Body Slam"],"picked":"Battle Trance","floor":23},{"not_picked":["Flex","Rage","Body Slam"],"picked":"SKIP","floor":25},{"not_picked":["Headbutt","Demon Form"],"picked":"Second Wind+1","floor":27}],"player_experience":689734,"relics_obtained":[{"floor":7.0,"key":"Mercury Hourglass"},{"floor":9.0,"key":"Red Skull"},{"floor":10.0,"key":"Anchor"},{"floor":14,"key":"InkBottle"},{"floor":23,"key":"Darkstone Periapt"},{"floor":25,"key":"Oddly Smooth Stone"},{"floor":26,"key":"Smiling Mask"}],"event_choices":[{"damage_healed":0.0,"max_hp_gain":0.0,"max_hp_loss":0.0,"gold_gain":75.0,"event_name":"World of Goop","player_choice":"Gather Gold","floor":4.0,"gold_loss":0.0,"damage_taken":11.0},{"damage_healed":0,"gold_gain":0,"player_choice":"Read","damage_taken":0,"max_hp_gain":0,"max_hp_loss":0,"event_name":"The Library","floor":19,"gold_loss":0,"cards_obtained":["Feel No Pain"]},{"damage_healed":0,"gold_gain":0,"player_choice":"Ignored","damage_taken":0,"max_hp_gain":0,"max_hp_loss":0,"event_name":"Vampires","floor":21,"gold_loss":0},{"cards_removed":["Strike_R"],"damage_healed":0,"gold_gain":0,"player_choice":"Gave Gold","damage_taken":0,"max_hp_gain":0,"max_hp_loss":0,"event_name":"Beggar","floor":22,"gold_loss":75}],"is_beta":false,"boss_relics":[{"not_picked":["Empty Cage","Runic Pyramid"],"picked":"Philosopher\u0027s Stone"}],"items_purged_floors":[20],"is_endless":false,"potions_floor_spawned":[3,7,11,13,16,23],"killed_by":"Book of Stabbing","ascension_level":18}}