{"host":"yassvrowvc2yfwp2","time":1608215132,"event":{"mods":["2.2 Compatiblity","Act Like it!","BaseMod","Better Note","Downfall","HololiveMod","Jorbs\u0027s Wanderer Trilogy","Minty Spire (QoL Compilation)","Prisma Mod","Rare Cards Sparkle","Reimu£®≤©¿ˆ¡È√Œ£©","Replay The Spire","Spicy Shops","StSLib","The Bug Knight","The Cursed","The Servant 0.9.4"],"gold_per_floor":[99,109,126,151,168,196,222,240,240,270,102,119,133,144,164,260,260,185,185,185,185,185,185,185,185,185,185,185,185,185,185,185,185,185,185,185,185,185,185,185,185,185,185,185,185,185,185,185,185,185],"floor_reached":51,"playtime":2761,"items_purged":[],"score":1050,"play_id":"a4b09eca-02dc-4b2b-8d38-3bd96b76b795","local_time":"20201217222532","is_ascension_mode":true,"campfire_choices":[{"data":"hexamod:Float","floor":1.0,"key":"SMITH"},{"floor":9,"key":"REST"},{"data":"hexamod:EmpoweringStance","floor":18,"key":"SMITH"},{"data":"hexamod:TimeOfNeed","floor":21,"key":"SMITH"},{"data":"hexamod:EmpoweredFlame","floor":27,"key":"SMITH"},{"data":"hexamod:TimeWarp","floor":35,"key":"SMITH"},{"data":"hexamod:EmpoweredFlame","floor":38,"key":"SMITH"},{"floor":44,"key":"RECALL"}],"circlet_count":0,"master_deck":["hexamod:Strike","hexamod:Strike","hexamod:Strike","hexamod:Defend","hexamod:Defend","hexamod:Defend","hexamod:Sear","hexamod:Float+1","hexamod:GhostOfSpirePast","hexamod:ChargedBarrage","hexamod:HauntingEcho","hexamod:BacktrackSmack","hexamod:FlamesFromBeyond","hexamod:PhantomFireball","hexamod:EmpoweredFlame+1","hexamod:EmpoweringStance+1","hexamod:GhostOfSpirePast","hexamod:GhostOfSpirePast","hexamod:ThermalTransfer","hexamod:HeatMetal","hexamod:TimeOfNeed+1","hexamod:Again","hexamod:GhostOfSpirePast+1","hexamod:SwordOfDarkness+1","hexamod:RadiantFlame+1","hexamod:AdvancingGuard+1","hexamod:EmpoweringStance+1","hexamod:SecondSeal","hexamod:EmpoweredFlame+1","hexamod:ChargedBarrage+1","hexamod:PhantomCloak","hexamod:EmpoweredFlame+1","hexamod:TimeWarp+1","hexamod:RadiantFlame+1","hexamod:Incineration","hexamod:EmpoweredFlame+1","hexamod:GhostOfSpireFuture+1","hexamod:ParanormalForm","hexamod:EmpoweredFlame","hexamod:SpectralSpark","hexamod:PhantomCloak+1"],"relics":["hexamod:SpiritBrand","Boot","Bronze Scales","Replay:Rubber Ducky","MealTicket","RuthlessExorcism:ReiMu","Ectoplasm","downfall:HeartBlessingGreen","Bag of Preparation","Replay:Wax Seal","Pear","Dead Branch","Sozu","Eternal Feather","Dream Catcher","Smiling Mask","Orichalcum"],"acts_visited":["Exordium","TheCity","TheBeyond"],"potions_floor_usage":[14,16],"damage_taken":[{"damage":2.0,"enemies":"2 Louse","floor":2.0,"turns":2.0},{"damage":0.0,"enemies":"Jaw Worm","floor":3.0,"turns":3.0},{"damage":17.0,"enemies":"3 Sentries","floor":4.0,"turns":9.0},{"damage":0,"enemies":"Small Slimes","floor":5,"turns":3},{"damage":5,"enemies":"Gremlin Nob","floor":6,"turns":3},{"damage":2,"enemies":"Red Slaver","floor":8,"turns":3},{"damage":6,"enemies":"Lagavulin","floor":10,"turns":7},{"damage":0,"enemies":"downfall:FleeingMerchant","floor":11,"turns":4},{"damage":0,"enemies":"Blue Slaver","floor":12,"turns":3},{"damage":2,"enemies":"Large Slime","floor":13,"turns":3},{"damage":0,"enemies":"Gremlin Gang","floor":14,"turns":3},{"damage":4,"enemies":"Exordium Thugs","floor":15,"turns":3},{"damage":16,"enemies":"downfall:Defect","floor":16,"turns":5},{"damage":6,"enemies":"Shell Parasite","floor":20,"turns":3},{"damage":0,"enemies":"Slavers","floor":23,"turns":4},{"damage":0,"enemies":"Chosen","floor":25,"turns":4},{"damage":15,"enemies":"Gremlin Leader","floor":26,"turns":6},{"damage":1,"enemies":"Snake Plant","floor":29,"turns":3},{"damage":0,"enemies":"3 Cultists","floor":30,"turns":4},{"damage":0,"enemies":"Centurion and Healer","floor":32,"turns":4},{"damage":0,"enemies":"downfall:Silent","floor":33,"turns":6},{"damage":0,"enemies":"Nemesis","floor":36,"turns":5},{"damage":0,"enemies":"3 Darklings","floor":37,"turns":3},{"damage":4,"enemies":"Reptomancer","floor":39,"turns":6},{"damage":0,"enemies":"Orb Walker","floor":40,"turns":3},{"damage":0,"enemies":"3 Darklings","floor":42,"turns":3},{"damage":7,"enemies":"Nemesis","floor":43,"turns":5},{"damage":6,"enemies":"Jaw Worm Horde","floor":46,"turns":4},{"damage":0,"enemies":"Spire Growth","floor":47,"turns":3},{"damage":0,"enemies":"Maw","floor":48,"turns":6},{"damage":11,"enemies":"3 Darklings","floor":49,"turns":3},{"damage":0,"enemies":"downfall:Watcher","floor":50,"turns":4}],"seed_played":"4916866841785192591","potions_obtained":[{"floor":2.0,"key":"BlessingOfTheForge"},{"floor":5,"key":"SteroidPotion"},{"floor":8,"key":"Explosive Potion"},{"floor":15,"key":"Strength Potion"},{"floor":23,"key":"MagicPotion:ReiMu"}],"is_trial":false,"path_per_floor":["R","M","M","E","M","E","T","M","R","E","$","M","M","M","M","B",null,"R","?","M","R","T","E","T","M","E","R","?","M","M","?","M","B",null,"R","E","M","R","E","M","T","M","E","R","?","M","M","M","M","B",null],"character_chosen":"THE_SPIRIT","items_purchased":["RuthlessExorcism:ReiMu"],"campfire_rested":1,"item_purchase_floors":[11],"current_hp_per_floor":[70,68,68,51,51,46,46,44,65,59,70,70,68,68,64,48,70,70,70,64,64,64,64,74,74,59,59,59,58,58,58,58,58,80,80,80,80,80,76,76,76,76,69,80,80,74,74,74,63,63],"gold":185,"neow_bonus":"THREE_CARDS","is_daily":false,"chose_seed":false,"campfire_upgraded":6,"win_rate":0.0,"timestamp":1608215132,"path_taken":["R","M","M","E","M","E","T","M","R","E","$","M","M","M","M","BOSS","R","?","M","R","?","E","T","M","E","R","?","?","M","?","M","BOSS","R","E","M","R","E","M","T","M","E","R","?","M","?","M","M","BOSS"],"items_purchased_type":["Relic"],"build_version":"2020-12-13","purchased_purges":0,"victory":true,"max_hp_per_floor":[70,70,70,70,70,70,70,70,70,70,70,70,70,70,70,70,70,70,70,70,70,70,70,80,80,80,80,80,80,80,80,80,80,80,80,80,80,80,80,80,80,80,80,80,80,80,80,80,80,80],"card_choices":[{"not_picked":["hexamod:ThermalTransfer","hexamod:Hexaguard"],"picked":"hexamod:GhostOfSpirePast","floor":0.0},{"not_picked":["hexamod:NecessarySacrifice","hexamod:FastForward"],"picked":"hexamod:ChargedBarrage","floor":2.0},{"not_picked":["hexamod:InspiringFlames","hexamod:SpectersWail"],"picked":"hexamod:HauntingEcho","floor":3.0},{"not_picked":["hexamod:AdvancingGuard","hexamod:ShieldOfDarkness"],"picked":"hexamod:BacktrackSmack","floor":4},{"not_picked":["hexamod:Firestarter","hexamod:ShieldOfDarkness"],"picked":"hexamod:FlamesFromBeyond","floor":5},{"not_picked":["hexamod:NightmareGuise","hexamod:GhostLash"],"picked":"hexamod:PhantomFireball","floor":6},{"not_picked":["hexamod:RainOfEmbers","hexamod:HauntingEcho","hexamod:GhostLash"],"picked":"SKIP","floor":8},{"not_picked":["hexamod:NecessarySacrifice","hexamod:ThermalTransfer"],"picked":"hexamod:EmpoweredFlame","floor":10},{"not_picked":["hexamod:GhostOfSpireFuture","hexamod:SwordOfDarkness"],"picked":"hexamod:EmpoweringStance","floor":11},{"not_picked":["hexamod:SecondSeal","hexamod:GhostShield"],"picked":"hexamod:GhostOfSpirePast","floor":12},{"not_picked":["hexamod:BurningTouch","hexamod:HauntingEcho"],"picked":"hexamod:GhostOfSpirePast","floor":13},{"not_picked":["hexamod:NightmareStrike","hexamod:Hexaguard"],"picked":"hexamod:ThermalTransfer","floor":14},{"not_picked":["hexamod:InspiringFlames","hexamod:RainOfEmbers"],"picked":"hexamod:HeatMetal","floor":15},{"not_picked":["hexamod:FifthSeal","hexamod:ParanormalForm"],"picked":"hexamod:TimeOfNeed","floor":16},{"not_picked":["hexamod:RainOfEmbers","hexamod:StepThrough"],"picked":"hexamod:GhostOfSpirePast+1","floor":20},{"not_picked":["hexamod:BacktrackSmack","hexamod:FourthSeal"],"picked":"hexamod:SwordOfDarkness+1","floor":23},{"not_picked":["hexamod:Firestarter","hexamod:EtherealExpedition"],"picked":"hexamod:RadiantFlame+1","floor":25},{"not_picked":["hexamod:FastForward","hexamod:BacktrackSmack+1"],"picked":"hexamod:AdvancingGuard+1","floor":26},{"not_picked":["hexamod:CatchUp","hexamod:SwordOfDarkness+1"],"picked":"hexamod:SecondSeal","floor":29},{"not_picked":["hexamod:NightmareStrike","hexamod:RecurringNightmare"],"picked":"hexamod:EmpoweredFlame+1","floor":30},{"not_picked":["hexamod:NightmareGuise","hexamod:SpectralAdrenaline"],"picked":"hexamod:EmpoweredFlame","floor":32},{"not_picked":["hexamod:SearingWound","hexamod:TimeOfNeed"],"picked":"hexamod:TimeWarp","floor":33},{"not_picked":["hexamod:StepThrough","hexamod:SecondSeal"],"picked":"hexamod:RadiantFlame+1","floor":36},{"not_picked":["hexamod:SwordOfDarkness","hexamod:SpectersWail"],"picked":"hexamod:Incineration","floor":37},{"not_picked":["hexamod:GhostShield","hexamod:InspiringFlames+1"],"picked":"hexamod:EmpoweredFlame+1","floor":39},{"not_picked":["hexamod:ShieldOfDarkness+1","hexamod:HauntingEcho","hexamod:InspiringFlames+1"],"picked":"SKIP","floor":40},{"not_picked":["hexamod:HauntingEcho+1","hexamod:SpectersWail","hexamod:StepThrough"],"picked":"SKIP","floor":42},{"not_picked":["hexamod:ThermalTransfer","hexamod:Incineration"],"picked":"hexamod:GhostOfSpireFuture+1","floor":43},{"not_picked":["hexamod:Hexaguard","hexamod:HauntingEcho"],"picked":"hexamod:ParanormalForm","floor":46},{"not_picked":["hexamod:SoulSteal+1","hexamod:NightmareStrike+1"],"picked":"hexamod:EmpoweredFlame","floor":47},{"not_picked":["hexamod:PhantomFireball","hexamod:SpectersWail+1"],"picked":"hexamod:SpectralSpark","floor":48},{"not_picked":["hexamod:ThermalTransfer","hexamod:GhostShield+1"],"picked":"hexamod:PhantomCloak+1","floor":49}],"player_experience":1926188,"relics_obtained":[{"floor":4,"key":"Boot"},{"floor":6,"key":"Bronze Scales"},{"floor":7,"key":"Replay:Rubber Ducky"},{"floor":10,"key":"MealTicket"},{"floor":22,"key":"Bag of Preparation"},{"floor":23,"key":"Replay:Wax Seal"},{"floor":24,"key":"Pear"},{"floor":26,"key":"Dead Branch"},{"floor":36,"key":"Eternal Feather"},{"floor":39,"key":"Dream Catcher"},{"floor":41,"key":"Smiling Mask"},{"floor":43,"key":"Orichalcum"}],"event_choices":[{"damage_healed":0,"gold_gain":0,"player_choice":"Read","damage_taken":0,"max_hp_gain":0,"max_hp_loss":0,"event_name":"The Library","floor":19,"gold_loss":0,"cards_obtained":["hexamod:Again"]},{"damage_healed":0,"gold_gain":0,"player_choice":"Copied","damage_taken":0,"max_hp_gain":0,"max_hp_loss":0,"event_name":"Duplicator","floor":28,"gold_loss":0,"cards_obtained":["hexamod:EmpoweringStance"]},{"damage_healed":0,"gold_gain":0,"cards_transformed":["hexamod:Strike","hexamod:Defend"],"player_choice":"Became Test Subject","damage_taken":0,"max_hp_gain":0,"max_hp_loss":0,"event_name":"Drug Dealer","floor":31,"gold_loss":0,"cards_obtained":["hexamod:ChargedBarrage","hexamod:PhantomCloak"]},{"damage_healed":0,"gold_gain":0,"player_choice":"Forge","damage_taken":0,"max_hp_gain":0,"max_hp_loss":0,"event_name":"Accursed Blacksmith","floor":45,"gold_loss":0,"cards_upgraded":["hexamod:ChargedBarrage"]}],"is_beta":false,"boss_relics":[{"not_picked":["Replay:Wanted Poster","Runic Pyramid"],"picked":"Ectoplasm"},{"not_picked":["Honey Jar","SacredBark"],"picked":"Sozu"}],"items_purged_floors":[],"is_endless":false,"potions_floor_spawned":[2,5,8,12,13,15,23,29,30,33,37,43,47,48,49],"ascension_level":1}}