{"host":"wbdly04l9mkn9nrc","time":1608201345,"event":{"mods":["AchievementEnabler","BaseMod","BetterRewards","Minty Spire (QoL Compilation)","StSLib","[IsaacMod]ÒÔÈö¼âËþ"],"gold_per_floor":[116,133,9,23,39,39,39,214,262,286,317,317,324,355,355,481,481,516,541,466,278,295,295,333,365,365,409,409,433,454,161,161,301,301,319,319,135,192,192,235,235,261,261,293,325,365,365,67,67,102],"floor_reached":51,"playtime":2704,"items_purged":["Strike_R","SuicideKing"],"score":1353,"play_id":"68dd03cc-1b48-46a6-b384-b4012dfb288c","local_time":"20201217183545","is_ascension_mode":true,"campfire_choices":[{"floor":6.0,"key":"REST"},{"data":"Armaments","floor":12.0,"key":"SMITH"},{"data":"Double Tap","floor":15.0,"key":"SMITH"},{"data":"Pommel Strike","floor":23.0,"key":"SMITH"},{"data":"Uppercut","floor":32.0,"key":"SMITH"},{"data":"Apotheosis","floor":41.0,"key":"SMITH"},{"data":"Pommel Strike","floor":47.0,"key":"SMITH"},{"floor":49.0,"key":"REST"}],"circlet_count":0,"master_deck":["Strike_R+1","Strike_R+1","Strike_R+1","Strike_R+1","Defend_R+1","Defend_R+1","Defend_R+1","Bash+1","Fire Breathing","Seeing Red+1","Rampage","Double Tap+1","Carnage","Flex","Armaments+1","Infernal Blade","Shrug It Off","Twin Strike","Limit Break+1","Rage","Pommel Strike+1","Wild Strike","Offering+1","Perfected Strike+1","Sword Boomerang+1","Warcry+1","Battle Trance","Pommel Strike+1","Metallicize","Immolate","Inflame","Headbutt+1","Uppercut+1","Perfected Strike","Offering","Ghostly Armor","Twin Strike","Apotheosis+1","Twin Strike+1","Heavy Blade+1","Regret","Whirlwind+1"],"relics":["Burning Blood","HushsDoor","BookofShadows","Omamori","Sling","Prayer Wheel","Orichalcum","SalivaCoin","Self Forming Clay","Cursed Key","PreservedInsect","SharpPlug","StrikeDummy","BloodDonationMachine","Habit","War Paint","Busted Crown","Lizard Tail","Gremlin Horn","Pear","Leech","BookOfRevelations","Ancient Tea Set"],"acts_visited":["Exordium","TheCity","TheBeyond"],"potions_floor_usage":[50,50],"damage_taken":[{"damage":4.0,"enemies":"Cultist","floor":1.0,"turns":4.0},{"damage":4.0,"enemies":"Small Slimes","floor":2.0,"turns":4.0},{"damage":6.0,"enemies":"Jaw Worm","floor":4.0,"turns":2.0},{"damage":8.0,"enemies":"Large Slime","floor":5.0,"turns":5.0},{"damage":1.0,"enemies":"Exordium Wildlife","floor":10.0,"turns":3.0},{"damage":0.0,"enemies":"Lagavulin","floor":11.0,"turns":4.0},{"damage":4.0,"enemies":"Blue Slaver","floor":14.0,"turns":4.0},{"damage":32.0,"enemies":"Slime Boss","floor":16.0,"turns":6.0},{"damage":12.0,"enemies":"Shell Parasite","floor":18.0,"turns":3.0},{"damage":12.0,"enemies":"Chosen","floor":19.0,"turns":3.0},{"damage":6.0,"enemies":"Centurion and Healer","floor":22.0,"turns":5.0},{"damage":6.0,"enemies":"Gremlin Leader","floor":24.0,"turns":2.0},{"damage":12.0,"enemies":"3 Cultists","floor":25.0,"turns":5.0},{"damage":19.0,"enemies":"Slavers","floor":27.0,"turns":4.0},{"damage":4.0,"enemies":"Snecko","floor":29.0,"turns":3.0},{"damage":3.0,"enemies":"Sentry and Sphere","floor":30.0,"turns":3.0},{"damage":37.0,"enemies":"Collector","floor":33.0,"turns":7.0},{"damage":6.0,"enemies":"Orb Walker","floor":35.0,"turns":1.0},{"damage":2.0,"enemies":"Mind Bloom Boss Battle","floor":38.0,"turns":5.0},{"damage":11.0,"enemies":"Nemesis","floor":40.0,"turns":3.0},{"damage":6.0,"enemies":"3 Shapes","floor":42.0,"turns":2.0},{"damage":22.0,"enemies":"Maw","floor":44.0,"turns":4.0},{"damage":17.0,"enemies":"Transient","floor":45.0,"turns":5.0},{"damage":4.0,"enemies":"Giant Head","floor":46.0,"turns":5.0},{"damage":39,"enemies":"Awakened One","floor":50,"turns":6}],"seed_played":"-2370586867643148167","potions_obtained":[{"floor":4.0,"key":"SkillPotion"},{"floor":5.0,"key":"Energy Potion"},{"floor":10.0,"key":"BlessingOfTheForge"},{"floor":14.0,"key":"EssenceOfSteel"},{"floor":16.0,"key":"BloodPotion"},{"floor":19.0,"key":"GamblersBrew"},{"floor":25.0,"key":"BlessingOfTheForge"},{"floor":29.0,"key":"FearPotion"},{"floor":38.0,"key":"Strength Potion"},{"floor":42.0,"key":"CultistPotion"}],"is_trial":false,"path_per_floor":["M","M","$","M","M","R","$","?","T","M","E","R","?","M","R","B",null,"M","M","?","$","M","R","E","M","T","E","?","M","M","$","R","B",null,"M","?","$","?","?","E","R","M","T","M","M","E","R","$","R","B",null],"character_chosen":"IRONCLAD","items_purchased":["Fire Breathing","Omamori","Sling","Prayer Wheel","Orichalcum","Seeing Red","Armaments","PreservedInsect","Battle Trance","Habit","War Paint","Apotheosis","BookOfRevelations","Ancient Tea Set"],"campfire_rested":2,"item_purchase_floors":[0,0,0,0,0,0,3,21,21,31,31,37,48,48],"current_hp_per_floor":[28,30,30,30,28,52,52,52,52,57,63,63,47,49,49,23,66,60,54,54,54,54,54,54,48,48,35,35,53,56,56,56,25,66,66,66,66,70,70,65,65,65,75,59,48,50,50,50,77,49],"gold":102,"neow_bonus":"","is_daily":false,"chose_seed":false,"campfire_upgraded":6,"win_rate":0.0,"timestamp":1608201345,"path_taken":["M","M","$","M","M","R","?","?","T","M","E","R","?","M","R","BOSS","M","M","?","$","M","R","E","M","T","E","?","M","M","$","R","BOSS","M","?","$","?","?","E","R","M","T","M","M","E","R","$","R","BOSS"],"items_purchased_type":["Card","Relic","Relic","Relic","Relic","Card","Card","Relic","Card","Relic","Relic","Card","Relic","Relic"],"build_version":"2020-12-13","purchased_purges":2,"victory":true,"max_hp_per_floor":[80,80,80,80,80,80,80,80,80,80,80,80,80,80,80,80,80,80,80,80,80,80,80,80,80,80,80,80,80,80,80,80,80,80,80,80,80,80,80,80,80,80,90,90,90,90,90,90,90,90],"card_choices":[{"not_picked":[],"picked":"SuicideKing","floor":0.0},{"not_picked":["Hemokinesis","Spot Weakness"],"picked":"Rampage","floor":1.0},{"not_picked":["Headbutt","Dark Embrace"],"picked":"Double Tap","floor":1.0},{"not_picked":["Feel No Pain","Clash"],"picked":"Carnage","floor":2.0},{"not_picked":["Thunderclap","Anger"],"picked":"Flex","floor":2.0},{"not_picked":["Dark Embrace","Fire Breathing"],"picked":"Infernal Blade","floor":4.0},{"not_picked":["Anger","Warcry","Armaments"],"picked":"SKIP","floor":4.0},{"not_picked":["Perfected Strike","Armaments"],"picked":"Shrug It Off","floor":5.0},{"not_picked":["Twin Strike","Headbutt","Warcry"],"picked":"SKIP","floor":5.0},{"not_picked":["Headbutt","Warcry"],"picked":"Twin Strike","floor":5.0},{"not_picked":["Warcry","Armaments"],"picked":"Limit Break","floor":10.0},{"not_picked":["Disarm","Perfected Strike"],"picked":"Rage","floor":10.0},{"not_picked":["Clothesline","Havoc"],"picked":"Pommel Strike","floor":11.0},{"not_picked":["Flex","Power Through"],"picked":"Wild Strike","floor":14.0},{"not_picked":["Warcry","Hemokinesis","Double Tap"],"picked":"SKIP","floor":14.0},{"not_picked":["Warcry","Hemokinesis","Double Tap"],"picked":"SKIP","floor":14.0},{"not_picked":["Feed","Corruption"],"picked":"Offering","floor":16.0},{"not_picked":["Evolve+1","Warcry"],"picked":"Perfected Strike+1","floor":18.0},{"not_picked":["Anger","Thunderclap+1"],"picked":"Sword Boomerang+1","floor":18.0},{"not_picked":["Clothesline","Headbutt"],"picked":"Warcry+1","floor":19.0},{"not_picked":["Clothesline","Perfected Strike","Sword Boomerang"],"picked":"SKIP","floor":19.0},{"not_picked":["Entrench+1","Clothesline"],"picked":"Pommel Strike","floor":22.0},{"not_picked":["Clash","Anger"],"picked":"Metallicize","floor":22.0},{"not_picked":["Intimidate","Second Wind"],"picked":"Immolate","floor":24.0},{"not_picked":["Twin Strike+1","Rampage"],"picked":"Inflame","floor":25.0},{"not_picked":["Armaments","Headbutt","Dual Wield"],"picked":"SKIP","floor":25.0},{"not_picked":["Warcry","Dual Wield","Intimidate"],"picked":"SKIP","floor":27.0},{"not_picked":["Thunderclap","Flex"],"picked":"Headbutt+1","floor":29.0},{"not_picked":["Shockwave","Blood for Blood"],"picked":"Uppercut","floor":29.0},{"not_picked":["Warcry","Second Wind"],"picked":"Perfected Strike","floor":30.0},{"not_picked":["Armaments","Disarm","Clash"],"picked":"SKIP","floor":30.0},{"not_picked":["Berserk","Exhume"],"picked":"Offering","floor":33.0},{"not_picked":[],"picked":"Ghostly Armor","floor":35.0},{"not_picked":[],"picked":"Twin Strike","floor":35.0},{"not_picked":["Flex"],"picked":"SKIP","floor":40.0},{"not_picked":[],"picked":"Twin Strike+1","floor":42.0},{"not_picked":[],"picked":"Heavy Blade+1","floor":42.0},{"not_picked":[],"picked":"Whirlwind+1","floor":44.0},{"not_picked":["Ghostly Armor"],"picked":"SKIP","floor":44.0},{"not_picked":["Heavy Blade+1"],"picked":"SKIP","floor":45.0},{"not_picked":["Headbutt+1"],"picked":"SKIP","floor":45.0},{"not_picked":["Iron Wave+1"],"picked":"SKIP","floor":46.0}],"player_experience":98008,"relics_obtained":[{"floor":9.0,"key":"SalivaCoin"},{"floor":11.0,"key":"Self Forming Clay"},{"floor":24.0,"key":"SharpPlug"},{"floor":26.0,"key":"StrikeDummy"},{"floor":27.0,"key":"BloodDonationMachine"},{"floor":38.0,"key":"Lizard Tail"},{"floor":40.0,"key":"Gremlin Horn"},{"floor":43.0,"key":"Pear"},{"floor":46.0,"key":"Leech"}],"event_choices":[{"damage_healed":0.0,"max_hp_gain":0.0,"max_hp_loss":0.0,"gold_gain":175.0,"event_name":"Liars Game","player_choice":"AGREE","floor":8.0,"gold_loss":0.0,"damage_taken":0.0,"cards_obtained":["Doubt"]},{"damage_healed":0.0,"max_hp_gain":0.0,"max_hp_loss":0.0,"gold_gain":0.0,"event_name":"Shining Light","player_choice":"Entered Light","floor":13.0,"gold_loss":0.0,"damage_taken":16.0,"cards_upgraded":["Bash","Limit Break"]},{"cards_removed":["Defend_R"],"damage_healed":0.0,"max_hp_gain":0.0,"max_hp_loss":0.0,"gold_gain":0.0,"event_name":"Beggar","player_choice":"Gave Gold","floor":20.0,"gold_loss":75.0,"damage_taken":0.0},{"damage_healed":0.0,"max_hp_gain":0.0,"max_hp_loss":0.0,"gold_gain":0.0,"event_name":"Back to Basics","player_choice":"Simplicity","floor":28.0,"gold_loss":0.0,"damage_taken":0.0,"cards_upgraded":["Strike_R","Strike_R","Strike_R","Strike_R","Defend_R","Defend_R","Defend_R"]},{"damage_healed":0.0,"max_hp_gain":0.0,"max_hp_loss":0.0,"gold_gain":0.0,"event_name":"MindBloom","player_choice":"Fight","floor":38.0,"gold_loss":0.0,"damage_taken":0.0},{"damage_healed":0.0,"max_hp_gain":0.0,"max_hp_loss":0.0,"gold_gain":0.0,"event_name":"Tomb of Lord Red Mask","player_choice":"Ignored","floor":39.0,"gold_loss":0.0,"damage_taken":0.0}],"is_beta":false,"boss_relics":[{"not_picked":["Ectoplasm","Calling Bell"],"picked":"Cursed Key"},{"not_picked":[]},{"not_picked":["Runic Dome","Snecko Eye"],"picked":"Busted Crown"},{"not_picked":[]}],"items_purged_floors":[0,3],"is_endless":false,"potions_floor_spawned":[4,5,10,14,16,19,25,29,38,42,44],"ascension_level":7}}