{"host":"ye7dkdlypz0ka1od","time":1608228729,"event":{"mods":["Aspiration","BaseMod","Downfall","Infinite Spire","Marisa????????","Minty Spire (QoL Compilation)","StSLib","The Exalted"],"gold_per_floor":[99,119,147,12,12,12,12,30,30,64,57,50,50,50,71,71,71],"floor_reached":16,"playtime":741,"items_purged":["hexamod:Defend"],"score":98,"play_id":"1aa44b96-5616-4ff8-b689-946a5107edb9","local_time":"20201217131209","is_ascension_mode":false,"campfire_choices":[{"data":"hexamod:Sear","floor":1,"key":"SMITH"},{"data":"hexamod:Float","floor":6,"key":"SMITH"},{"data":"hexamod:FastForward","floor":9,"key":"SMITH"}],"circlet_count":0,"master_deck":["hexamod:Strike","hexamod:Defend","hexamod:Defend","hexamod:Sear+1","hexamod:Float+1","hexamod:SecondSeal","hexamod:FastForward+1","hexamod:RainOfEmbers","hexamod:Hexaguard","Dagger Throw","All Out Attack","Doppelganger","hexamod:GhostOfSpirePresent","hexamod:FirstSeal","hexamod:FlamesFromBeyond"],"relics":["hexamod:SpiritBrand","infinitespire:EmpoweringShard","aspiration:FrozenJewel"],"acts_visited":["Exordium"],"potions_floor_usage":[12],"damage_taken":[{"damage":0,"enemies":"2 Louse","floor":2,"turns":2},{"damage":0,"enemies":"Small Slimes","floor":3,"turns":4},{"damage":0,"enemies":"downfall:FleeingMerchant","floor":4,"turns":4},{"damage":5,"enemies":"Jaw Worm","floor":8,"turns":3},{"damage":12,"enemies":"Lagavulin","floor":10,"turns":5},{"damage":7,"enemies":"downfall:FleeingMerchant","floor":11,"turns":4},{"damage":12,"enemies":"downfall:FleeingMerchant","floor":12,"turns":4},{"damage":2,"enemies":"Exordium Thugs","floor":15,"turns":4},{"damage":34,"enemies":"downfall:Defect","floor":16,"turns":4}],"seed_played":"2183893901936834136","potions_obtained":[{"floor":10,"key":"SkillPotion"},{"floor":15,"key":"hexamod:InfernoChargePotion"}],"is_trial":false,"path_per_floor":["R","M","M","$","?","R","T","M","R","E","$","$","?","?","M","B"],"character_chosen":"THE_SPIRIT","items_purchased":["hexamod:Hexaguard"],"campfire_rested":0,"item_purchase_floors":[4],"current_hp_per_floor":[70,70,70,70,70,70,70,65,65,53,46,34,34,27,32,0,0],"gold":71,"neow_bonus":"REMOVE_CARD","is_daily":false,"chose_seed":false,"campfire_upgraded":3,"win_rate":0.0,"timestamp":1608228729,"path_taken":["R","M","M","$","?","R","T","M","R","E","$","$","?","?","M","BOSS"],"items_purchased_type":["Card"],"build_version":"2020-12-13","purchased_purges":1,"victory":false,"max_hp_per_floor":[70,70,70,70,70,70,70,70,70,70,70,70,70,70,70,70,70],"card_choices":[{"not_picked":["hexamod:HeatShield","hexamod:ThermalTransfer"],"picked":"hexamod:SecondSeal","floor":2},{"not_picked":["hexamod:NightmareStrike","hexamod:NecessarySacrifice"],"picked":"hexamod:FastForward","floor":3},{"not_picked":["hexamod:DynamicBlow","hexamod:GhostShield"],"picked":"hexamod:RainOfEmbers","floor":4},{"not_picked":["hexamod:DynamicBlow","hexamod:EtherealExpedition","hexamod:BacktrackSmack"],"picked":"SKIP","floor":8},{"not_picked":["hexamod:NightmareStrike","hexamod:Toasty"],"picked":"hexamod:GhostOfSpirePresent","floor":10},{"not_picked":["hexamod:ExtraCrispy","hexamod:InspiringFlames","hexamod:ShieldOfDarkness"],"picked":"SKIP","floor":11},{"not_picked":["hexamod:GhostflameBarrier","hexamod:ShieldOfDarkness","hexamod:GhostOfSpireFuture"],"picked":"SKIP","floor":12},{"not_picked":["hexamod:SwordOfDarkness","hexamod:RainOfEmbers"],"picked":"hexamod:FlamesFromBeyond","floor":15}],"player_experience":1445893,"relics_obtained":[{"floor":7,"key":"infinitespire:EmpoweringShard"},{"floor":10,"key":"aspiration:FrozenJewel"}],"event_choices":[],"is_beta":false,"boss_relics":[],"items_purged_floors":[4],"is_endless":false,"potions_floor_spawned":[10,15],"killed_by":"downfall:Defect","ascension_level":0}}