{"host":"4a6fro0of1ie0h2w","time":1608243064,"event":{"mods":["Aspiration","BaseMod","CCEM","Colored Map","Conspire","Downfall","GifTheSpireLib","Halation","Highlight Path","Hubris","Infinite Spire","Marisa????????","Minty Spire (QoL Compilation)","Permanent Neow","Replay The Spire","StSLib","Stuff the Spire","The Servant 0.9.4"],"gold_per_floor":[99,199,199,39,56,85,85,10,41,41,55,5,11,11,43,144,144,69,103,103,138,7,7,62,62,62,92,110,128,128,182,221,327,327,252,352,352,371,383,383,410,410,445,445,459,479,579,634,651,651,651,701,97,97,107],"floor_reached":56,"playtime":2583,"items_purged":["Hallucinations","Guardian:Strike_Guardian"],"score":1424,"play_id":"1fbcbc83-580d-4767-b7e8-e4a90c1ce086","local_time":"20201218001104","is_ascension_mode":true,"campfire_choices":[{"floor":1,"key":"RECALL"},{"data":"Guardian:PrismaticBeam","floor":8,"key":"SMITH"},{"data":"Guardian:GemFinder","floor":10,"key":"SMITH"},{"data":"Guardian:CompilePackage","floor":18,"key":"SMITH"},{"data":"Replay:SS_hec_4","floor":20,"key":"SMITH"},{"data":"Guardian:PolyBeam","floor":35,"key":"SMITH"},{"data":"Guardian:TimeCapacitor","floor":40,"key":"SMITH"},{"data":"Guardian:HyperBeam_Guardian","floor":44,"key":"SMITH"},{"data":"Replay:Sssssssssshield","floor":54,"key":"SMITH"}],"circlet_count":0,"master_deck":["Guardian:Strike_Guardian","Guardian:Strike_Guardian+1","Guardian:Defend_Guardian","Guardian:Defend_Guardian","Guardian:CurlUp","Guardian:TwinSlam","Replay:SS_hec_4+1","Guardian:GemFinder+1","Guardian:BronzeOrb","Guardian:PrismaticBeam+1","Guardian:StasisStrike+1","Guardian:VentSteam","Guardian:ShieldCharger","conspire:SpireCoStock","Guardian:ChargeUp","expansioncontent:QuickStudy+1","Guardian:ChargeUp","Magnetism+1","Guardian:CompilePackage+1","Guardian:RollAttack+1","Guardian:DonusPower+1","Guardian:Reroute+1","ReplayTheSpireMod:Uncanny Aura+1","Guardian:TimeCapacitor+1","Guardian:FuturePlans","Guardian:PolyBeam+1","Guardian:ArmoredProtocol+1","Guardian:CrystalBeam+1","Guardian:SentryBeam+1","Guardian:FastForward+1","Guardian:HyperBeam_Guardian+1","Guardian:RollAttack+1","Guardian:Gem_Red","Replay:Sssssssssshield+1","Guardian:Gem_Green","Guardian:Gem_Red","Guardian:PrimingBeam","Guardian:Gem_Lightblue","Pot Of Greed","Pot Of Greed","Pot Of Greed","Pot Of Greed","Guardian:Reroute","Guardian:VentSteam"],"relics":["Guardian:ModeShifter","Blue Doll","downfall:HeartBlessingRed","Meat on the Bone","CCEMRelics:FestiveHat","Astrolabe","downfall:HeartBlessingBlue","Guardian:PickAxe","Ring of Fury","Bottled Flame","Enchiridion","hexamod:BolsterEngine","Busted Crown","downfall:HeartBlessingGreen","downfall:GremlinSack","Vajra","Juzu Bracelet","Whetstone","Grinning Jar","aspiration:HiddenCompartment","Oddly Smooth Stone","Guide Book","infinitespire:Lucky Rock","Kunai","Quantum Egg"],"acts_visited":["Exordium","TheCity","TheBeyond","TheEnding"],"potions_floor_usage":[33,43,48,55,55,55],"damage_taken":[{"damage":0,"enemies":"downfall:FleeingMerchant","floor":4,"turns":4},{"damage":0,"enemies":"2 Louse","floor":5,"turns":2},{"damage":27,"enemies":"Gremlin Nob","floor":6,"turns":4},{"damage":15,"enemies":"3 Sentries","floor":9,"turns":4},{"damage":8,"enemies":"Small Slimes","floor":11,"turns":3},{"damage":0,"enemies":"downfall:FleeingMerchant","floor":13,"turns":4},{"damage":2,"enemies":"Cultist","floor":15,"turns":4},{"damage":15,"enemies":"downfall:Watcher","floor":16,"turns":6},{"damage":1,"enemies":"Spheric Guardian","floor":19,"turns":3},{"damage":3,"enemies":"3 Cultists","floor":21,"turns":3},{"damage":0,"enemies":"downfall:FleeingMerchant","floor":22,"turns":4},{"damage":4,"enemies":"Book of Stabbing","floor":27,"turns":3},{"damage":0,"enemies":"Chosen and Byrds","floor":28,"turns":3},{"damage":13,"enemies":"Snake Plant","floor":29,"turns":2},{"damage":0,"enemies":"Shelled Parasite and Fungi","floor":32,"turns":2},{"damage":33,"enemies":"downfall:Ironclad","floor":33,"turns":6},{"damage":7,"enemies":"downfall:Ironclad","floor":36,"turns":3},{"damage":3,"enemies":"3 Shapes","floor":38,"turns":5},{"damage":0,"enemies":"Orb Walker","floor":39,"turns":2},{"damage":26,"enemies":"Reptomancer","floor":43,"turns":6},{"damage":0,"enemies":"Jaw Worm Horde","floor":45,"turns":2},{"damage":4,"enemies":"3 Darklings","floor":46,"turns":5},{"damage":0,"enemies":"downfall:FleeingMerchant","floor":48,"turns":3},{"damage":0,"enemies":"Sphere and 2 Shapes","floor":49,"turns":4},{"damage":0,"enemies":"downfall:Defect","floor":50,"turns":2},{"damage":21,"enemies":"downfall:CharBossMerchant","floor":52,"turns":6},{"damage":27,"enemies":"downfall:NeowBoss","floor":55,"turns":17}],"seed_played":"-2182311067918091959","potions_obtained":[{"floor":5,"key":"ColorlessPotion"},{"floor":6,"key":"FearPotion"},{"floor":15,"key":"Guardian:AcceleratePotion"},{"floor":23,"key":"CultistPotion"},{"floor":33,"key":"infinitespire:BlackPotion"},{"floor":45,"key":"Swift Potion"}],"is_trial":false,"path_per_floor":["R","?","?","$","M","E","T","R","E","R","M","?","$","T","M","B",null,"R","M","R","M","$","?","T","?","R","E","M","M","?","T","M","B",null,"R","?","R","M","M","R","T","$","E","R","M","M","?","$","M","B",null,"E","$","R","B",null],"character_chosen":"GUARDIAN","items_purchased":["Guardian:GemFinder","Guardian:BronzeOrb","Guardian:PolyBeam","Guardian:Gem_Orange","Juzu Bracelet","Whetstone","Grinning Jar","Guide Book","Fire Potion","Kunai","Guardian:VentSteam","Quantum Egg"],"campfire_rested":0,"item_purchase_floors":[4,4,22,22,42,42,42,48,48,53,53,53],"current_hp_per_floor":[80,80,80,80,80,53,53,53,38,38,42,42,42,42,52,49,80,90,89,89,86,86,86,86,86,86,82,82,69,53,53,53,32,90,90,83,83,80,80,80,80,50,36,36,48,56,56,56,56,56,90,69,69,69,56],"gold":107,"neow_bonus":"RANDOM_COLORLESS","is_daily":false,"chose_seed":false,"campfire_upgraded":8,"win_rate":0.0,"timestamp":1608243064,"path_taken":["R","?","?","$","?","E","T","R","E","R","?","?","$","?","M","BOSS","R","M","R","M","$","?","T","?","R","E","M","M","?","?","M","BOSS","R","?","R","M","M","R","T","?","E","R","M","M","?","$","M","BOSS","E","$","R","BOSS"],"items_purchased_type":["Card","Card","Card","Card","Relic","Relic","Relic","Relic","Potion","Relic","Card","Relic"],"build_version":"2020-12-13","purchased_purges":2,"victory":true,"max_hp_per_floor":[80,80,80,80,80,80,80,80,80,80,80,80,80,80,80,80,80,90,90,90,90,90,90,90,90,90,90,90,90,90,90,90,90,90,90,90,90,90,90,90,90,90,90,90,90,90,90,90,90,90,90,90,90,90,90],"card_choices":[{"not_picked":["Purity","expansioncontent:SuperHexaguard"],"picked":"Replay:SS_hec_4","floor":0},{"not_picked":["Guardian:TemporalStrike","Guardian:Recover"],"picked":"Guardian:Gem_Blue","floor":4},{"not_picked":["Guardian:Suspension","Guardian:WalkerClaw"],"picked":"Guardian:PrismaticBeam","floor":5},{"not_picked":["Guardian:Gem_Lightblue","Guardian:Gem_Green"],"picked":"Guardian:Gem_Red","floor":6},{"not_picked":["Guardian:ChargeCore","Guardian:Gem_Yellow"],"picked":"Guardian:StasisStrike","floor":6},{"not_picked":["Guardian:Gem_Red","Guardian:Gem_Lightblue"],"picked":"Guardian:Gem_Cyan","floor":9},{"not_picked":["Guardian:WalkerClaw","Guardian:RevengeProtocol"],"picked":"Guardian:VentSteam","floor":9},{"not_picked":["Guardian:Gem_Green","Guardian:Gem_Lightblue"],"picked":"Guardian:Gem_Red","floor":11},{"not_picked":["Guardian:EvasiveProtocol","Guardian:WalkerClaw"],"picked":"Guardian:ShieldCharger","floor":11},{"not_picked":["Guardian:ShieldCharger","Guardian:StasisStrike"],"picked":"Guardian:ChargeUp","floor":13},{"not_picked":["Flash of Steel+1","Metamorphosis+1"],"picked":"expansioncontent:QuickStudy+1","floor":15},{"not_picked":["Guardian:Gem_Lightblue","Guardian:Gem_Green"],"picked":"Guardian:Gem_Red","floor":15},{"not_picked":["Guardian:TemporalStrike","Guardian:GuardianWhirl"],"picked":"Guardian:ChargeUp","floor":15},{"not_picked":["Chrysalis+1","Secret Weapon+1"],"picked":"Magnetism+1","floor":16},{"not_picked":["Guardian:Gem_Red","Guardian:Gem_Green"],"picked":"Guardian:Gem_Cyan","floor":16},{"not_picked":["Guardian:TimeSifter","Guardian:Gem_Synthetic"],"picked":"Guardian:CompilePackage","floor":16},{"not_picked":["PanicButton+1","expansioncontent:DonusPower+1"],"picked":"ReplayTheSpireMod:Uncanny Aura+1","floor":19},{"not_picked":["Guardian:Gem_Green","Guardian:Gem_Cyan"],"picked":"Guardian:Gem_Red","floor":19},{"not_picked":["Guardian:Incinerate","Guardian:RollAttack"],"picked":"Guardian:TimeCapacitor","floor":19},{"not_picked":["Guardian:WalkerClaw","Guardian:Clone"],"picked":"Guardian:FuturePlans","floor":21},{"not_picked":["Guardian:Suspension+1","Guardian:Incinerate+1"],"picked":"Guardian:Gem_Cyan","floor":22},{"not_picked":["Guardian:RollAttack","Guardian:StasisField"],"picked":"Guardian:ArmoredProtocol+1","floor":27},{"not_picked":["Guardian:TemporalStrike+1","Guardian:WalkerClaw"],"picked":"Guardian:CrystalBeam+1","floor":28},{"not_picked":["Guardian:Gem_Green","Guardian:TemporalStrike"],"picked":"Guardian:SentryBeam+1","floor":29},{"not_picked":["Guardian:EvasiveProtocol","Guardian:PiercingHide","Guardian:WalkerClaw+1"],"picked":"SKIP","floor":32},{"not_picked":["Guardian:Gem_Green","Guardian:Gem_Lightblue"],"picked":"Guardian:Gem_Red","floor":33},{"not_picked":["Guardian:StasisStrike","Guardian:GemFire"],"picked":"Guardian:FastForward","floor":33},{"not_picked":[],"picked":"Guardian:Gem_Crimson","floor":36},{"not_picked":[],"picked":"Guardian:PrimingBeam","floor":38},{"not_picked":[],"picked":"Guardian:Gem_Lightblue","floor":39},{"not_picked":[],"picked":"Guardian:Reroute","floor":43},{"not_picked":["Guardian:TimeCapacitor+1"],"picked":"SKIP","floor":45},{"not_picked":["Guardian:Gem_Green"],"picked":"SKIP","floor":46},{"not_picked":["Guardian:Gem_Green"],"picked":"SKIP","floor":48},{"not_picked":["Guardian:TimeBomb"],"picked":"SKIP","floor":49},{"not_picked":["Guardian:Gem_Lightblue"],"picked":"SKIP","floor":52}],"player_experience":179457,"relics_obtained":[{"floor":6,"key":"Blue Doll"},{"floor":9,"key":"Meat on the Bone"},{"floor":14,"key":"CCEMRelics:FestiveHat"},{"floor":24,"key":"Guardian:PickAxe"},{"floor":25,"key":"Ring of Fury"},{"floor":27,"key":"Bottled Flame"},{"floor":30,"key":"Enchiridion"},{"floor":31,"key":"hexamod:BolsterEngine"},{"floor":36,"key":"downfall:GremlinSack"},{"floor":41,"key":"Vajra"},{"floor":43,"key":"aspiration:HiddenCompartment"},{"floor":47,"key":"Oddly Smooth Stone"},{"floor":52,"key":"infinitespire:Lucky Rock"}],"event_choices":[{"damage_healed":0,"gold_gain":0,"player_choice":"Ignored","damage_taken":0,"max_hp_gain":0,"max_hp_loss":0,"event_name":"NoteForYourself","floor":3,"gold_loss":0},{"damage_healed":0,"gold_gain":0,"player_choice":"Invest 1","damage_taken":0,"max_hp_gain":0,"max_hp_loss":0,"event_name":"conspire:Investor","floor":12,"gold_loss":0}],"is_beta":false,"boss_relics":[{"not_picked":["Snecko Eye","halation:LoveArrow"],"picked":"Astrolabe"},{"not_picked":["halation:PinkAlligatorPlush","conspire:SpecialSausage"],"picked":"Busted Crown"}],"items_purged_floors":[48,53],"is_endless":false,"potions_floor_spawned":[5,6,15,21,27,28,33,38,39,45,49],"ascension_level":1}}