{"host":"vhkb6vx6yafo1fpa","time":1608176966,"event":{"mods":["BaseMod","Colored Map","Custom Start","Minty Spire (QoL Compilation)","Quick Restart","StSLib","SuperFastMode"],"gold_per_floor":[115,138,158,46,56,74,103,103,103,113,13,13,26,55,55,128,128,139,155,155,155,1,1,31,31,82,32,47,57,67,84,84,162,162,173,173,173,173,193,227,227,80,103,103,103,103,122,156,156,156],"floor_reached":51,"playtime":1763,"items_purged":["Strike_B","Defend_B"],"score":1275,"play_id":"0f96ee11-1dc5-4ce1-a950-7df67f55e634","local_time":"20201217124926","is_ascension_mode":true,"campfire_choices":[{"data":"Self Repair","floor":8.0,"key":"SMITH"},{"data":"Hologram","floor":15.0,"key":"SMITH"},{"data":"Defragment","floor":23.0,"key":"SMITH"},{"floor":25.0,"key":"REST"},{"floor":32.0,"key":"REST"},{"floor":41.0,"key":"REST"},{"floor":46.0,"key":"REST"},{"floor":49,"key":"REST"}],"circlet_count":0,"master_deck":["AscendersBane","Zap+1","Dualcast","Ball Lightning","Streamline","Self Repair+1","Hologram+1","Lockon+1","Darkness+1","Cold Snap","Seek+1","FTL+1","Steam Power+1","Reinforced Body+1","Defragment+1","Darkness+1","Tempest+1","Darkness+1","Static Discharge+1","Consume+1","Loop+1","Coolheaded+1","Flash of Steel","Redo+1","White Noise+1"],"relics":["Cracked Core","Akabeko","Odd Mushroom","Toxic Egg 2","Blue Candle","Lizard Tail","Inserter","OrangePellets","Gremlin Horn","DataDisk","Astrolabe","InkBottle","Runic Capacitor","Oddly Smooth Stone","Omamori"],"acts_visited":["Exordium","TheCity","TheBeyond"],"potions_floor_usage":[50,50],"damage_taken":[{"damage":1.0,"enemies":"Cultist","floor":1.0,"turns":3.0},{"damage":0.0,"enemies":"2 Louse","floor":3.0,"turns":2.0},{"damage":0.0,"enemies":"Small Slimes","floor":5.0,"turns":2.0},{"damage":12.0,"enemies":"Looter","floor":6.0,"turns":3.0},{"damage":13.0,"enemies":"The Mushroom Lair","floor":7.0,"turns":5.0},{"damage":14.0,"enemies":"Exordium Wildlife","floor":10.0,"turns":4.0},{"damage":3.0,"enemies":"3 Louse","floor":13.0,"turns":3.0},{"damage":32.0,"enemies":"3 Sentries","floor":14.0,"turns":5.0},{"damage":30.0,"enemies":"The Guardian","floor":16.0,"turns":10.0},{"damage":18.0,"enemies":"Spheric Guardian","floor":18.0,"turns":4.0},{"damage":9.0,"enemies":"Chosen","floor":19.0,"turns":5.0},{"damage":30.0,"enemies":"Book of Stabbing","floor":24.0,"turns":6.0},{"damage":0.0,"enemies":"Snecko","floor":28.0,"turns":3.0},{"damage":11.0,"enemies":"Sentry and Sphere","floor":29.0,"turns":4.0},{"damage":6.0,"enemies":"Snake Plant","floor":30.0,"turns":3.0},{"damage":23.0,"enemies":"Centurion and Healer","floor":31.0,"turns":5.0},{"damage":25.0,"enemies":"Champ","floor":33.0,"turns":7.0},{"damage":4.0,"enemies":"3 Shapes","floor":35.0,"turns":3.0},{"damage":16.0,"enemies":"Orb Walker","floor":39.0,"turns":3.0},{"damage":26.0,"enemies":"Nemesis","floor":40.0,"turns":5.0},{"damage":24,"enemies":"Jaw Worm Horde","floor":47,"turns":4},{"damage":38,"enemies":"Giant Head","floor":48,"turns":6},{"damage":21,"enemies":"Donu and Deca","floor":50,"turns":8}],"seed_played":"-965315170014729852","potions_obtained":[{"floor":1.0,"key":"Strength Potion"},{"floor":10.0,"key":"SteroidPotion"},{"floor":13.0,"key":"BlessingOfTheForge"},{"floor":16.0,"key":"DistilledChaos"},{"floor":33.0,"key":"DuplicationPotion"}],"is_trial":false,"path_per_floor":["M","T","M","$","M","M","?","R","T","M","$","?","M","E","R","B",null,"M","M","?","?","$","R","E","R","T","?","M","M","M","M","R","B",null,"M","?","?","?","M","E","R","$","T","?","?","R","M","E","R","B",null],"character_chosen":"DEFECT","items_purchased":["Self Repair","OrangePellets","Runic Capacitor"],"campfire_rested":5,"item_purchase_floors":[4,22,42],"current_hp_per_floor":[63,63,63,63,70,65,59,59,59,55,55,55,62,40,40,20,58,50,51,51,51,51,51,21,42,42,42,52,41,45,32,53,38,63,59,59,59,49,43,27,47,47,47,47,47,67,53,25,45,34],"gold":156,"neow_bonus":"UPGRADE_CARD","is_daily":false,"chose_seed":false,"campfire_upgraded":3,"win_rate":0.0,"timestamp":1608176966,"path_taken":["M","?","M","$","M","M","?","R","T","M","$","?","M","E","R","BOSS","M","?","?","?","$","R","E","R","T","?","M","?","M","M","R","BOSS","BOSS","M","?","?","?","?","E","R","$","T","?","?","R","M","E","R","BOSS"],"items_purchased_type":["Card","Relic","Relic"],"build_version":"2020-12-13","purchased_purges":2,"victory":true,"max_hp_per_floor":[71,71,71,71,71,71,71,71,71,71,71,71,71,71,71,71,71,71,71,71,71,71,71,71,71,71,71,71,71,71,71,71,71,71,71,71,67,67,67,67,67,67,67,67,67,67,67,67,67,67],"card_choices":[{"not_picked":["Gash","Scrape"],"picked":"Ball Lightning","floor":1.0},{"not_picked":["Steam Power","Beam Cell"],"picked":"Streamline","floor":3.0},{"not_picked":["Turbo","Steam Power","Leap"],"picked":"SKIP","floor":5.0},{"not_picked":["Sweeping Beam","Leap"],"picked":"Hologram","floor":6.0},{"not_picked":["Skim","Go for the Eyes"],"picked":"Compile Driver","floor":7.0},{"not_picked":["Scrape","Self Repair"],"picked":"Lockon","floor":10.0},{"not_picked":["Scrape","Cold Snap"],"picked":"Darkness+1","floor":13.0},{"not_picked":["Thunder Strike","Hologram+1"],"picked":"Cold Snap","floor":14.0},{"not_picked":["Buffer","All For One"],"picked":"Seek+1","floor":16.0},{"not_picked":["Barrage","Heatsinks"],"picked":"FTL+1","floor":18.0},{"not_picked":["Ball Lightning","Leap+1"],"picked":"Steam Power+1","floor":19.0},{"not_picked":["Recycle+1","Static Discharge"],"picked":"Darkness+1","floor":24.0},{"not_picked":["BootSequence+1","Undo+1"],"picked":"Tempest+1","floor":28.0},{"not_picked":["Compile Driver+1","Recycle+1","Coolheaded+1"],"picked":"SKIP","floor":29.0},{"not_picked":["Compile Driver+1","Recycle+1","Coolheaded+1"],"picked":"SKIP","floor":29.0},{"not_picked":["Compile Driver+1","Recycle+1","Coolheaded+1"],"picked":"SKIP","floor":29.0},{"not_picked":["Ball Lightning","Turbo+1","Sweeping Beam"],"picked":"SKIP","floor":30.0},{"not_picked":["Leap+1","Compile Driver"],"picked":"Darkness+1","floor":31.0},{"not_picked":["Leap+1","Steam+1"],"picked":"Coolheaded+1","floor":35.0},{"not_picked":["Impatience+1","Dark Shackles+1"],"picked":"Flash of Steel","floor":38.0},{"not_picked":["Go for the Eyes","Cold Snap"],"picked":"Redo+1","floor":39.0},{"not_picked":["Static Discharge+1","Consume+1","Chaos+1"],"picked":"SKIP","floor":40.0},{"not_picked":["Static Discharge+1","Go for the Eyes","Leap+1"],"picked":"SKIP","floor":47},{"not_picked":["Core Surge","BootSequence+1"],"picked":"White Noise+1","floor":48}],"player_experience":325748,"relics_obtained":[{"floor":2.0,"key":"Akabeko"},{"floor":7.0,"key":"Odd Mushroom"},{"floor":9.0,"key":"Toxic Egg 2"},{"floor":14.0,"key":"Lizard Tail"},{"floor":24.0,"key":"Gremlin Horn"},{"floor":26.0,"key":"DataDisk"},{"floor":40.0,"key":"InkBottle"},{"floor":43.0,"key":"Oddly Smooth Stone"},{"floor":48,"key":"Omamori"}],"event_choices":[{"damage_healed":0.0,"max_hp_gain":0.0,"max_hp_loss":0.0,"gold_gain":0.0,"event_name":"Mushrooms","player_choice":"Fought Mushrooms","floor":7.0,"gold_loss":0.0,"damage_taken":0.0},{"damage_healed":0.0,"max_hp_gain":0.0,"max_hp_loss":0.0,"gold_gain":0.0,"event_name":"WeMeetAgain","player_choice":"Gave Potion","floor":12.0,"gold_loss":0.0,"damage_taken":0.0,"relics_obtained":["Blue Candle"]},{"damage_healed":0.0,"max_hp_gain":0.0,"max_hp_loss":0.0,"gold_gain":0.0,"cards_transformed":["Strike_B","Defend_B"],"event_name":"Drug Dealer","player_choice":"Became Test Subject","floor":20.0,"gold_loss":0.0,"damage_taken":0.0,"cards_obtained":["Reinforced Body","Defragment"]},{"cards_removed":["Strike_B"],"damage_healed":0.0,"max_hp_gain":0.0,"max_hp_loss":0.0,"gold_gain":0.0,"event_name":"Back to Basics","player_choice":"Elegance","floor":21.0,"gold_loss":0.0,"damage_taken":0.0},{"damage_healed":0.0,"max_hp_gain":0.0,"max_hp_loss":0.0,"gold_gain":0.0,"event_name":"Designer","player_choice":"Upgrade","floor":27.0,"gold_loss":50.0,"damage_taken":0.0,"cards_upgraded":["Lockon"]},{"damage_healed":0.0,"max_hp_gain":0.0,"max_hp_loss":0.0,"gold_gain":0.0,"event_name":"Mysterious Sphere","player_choice":"Ignored","floor":36.0,"gold_loss":0.0,"damage_taken":0.0},{"damage_healed":0.0,"max_hp_gain":0.0,"max_hp_loss":4.0,"gold_gain":0.0,"event_name":"Winding Halls","player_choice":"Max HP","floor":37.0,"gold_loss":0.0,"damage_taken":0.0},{"damage_healed":0.0,"max_hp_gain":0.0,"max_hp_loss":0.0,"gold_gain":0.0,"event_name":"SensoryStone","player_choice":"Memory 3","floor":38.0,"gold_loss":0.0,"damage_taken":10.0},{"damage_healed":0.0,"max_hp_gain":0.0,"max_hp_loss":0.0,"gold_gain":0.0,"event_name":"Tomb of Lord Red Mask","player_choice":"Ignored","floor":44.0,"gold_loss":0.0,"damage_taken":0.0},{"cards_removed":["Compile Driver"],"damage_healed":0.0,"max_hp_gain":0.0,"max_hp_loss":0.0,"gold_gain":0.0,"event_name":"Falling","player_choice":"Removed Attack","floor":45.0,"gold_loss":0.0,"damage_taken":0.0}],"is_beta":false,"boss_relics":[{"not_picked":["Philosopher\u0027s Stone","Runic Dome"],"picked":"Inserter"},{"not_picked":["Nuclear Battery","Pandora\u0027s Box"],"picked":"Astrolabe"}],"items_purged_floors":[4,11],"is_endless":false,"potions_floor_spawned":[1,10,13,16,24,28,33,35,47],"ascension_level":15}}