{"host":"egyxg9lnjq7g2hmw","time":1608170671,"event":{"mods":["AchievementEnabler","BaseMod","Block Reminder","Colored Map","Colored Powertips","Highlight Path","Minty Spire (QoL Compilation)","Rare Cards Sparkle","StSLib"],"gold_per_floor":[110,120,120,85,85,85,114,132,156,24,24,43,43,77,77,150,150,160,180,95,95,0,0,13,13,13,13,13,13],"floor_reached":28,"playtime":936,"items_purged":["Strike_G"],"score":426,"play_id":"47c10689-525b-4fca-89c5-02ecd4828e2c","local_time":"20201216180431","is_ascension_mode":true,"campfire_choices":[{"data":"Neutralize","floor":6.0,"key":"SMITH"},{"floor":13.0,"key":"REST"},{"data":"Glass Knife","floor":15.0,"key":"SMITH"},{"data":"Dodge and Roll","floor":23,"key":"SMITH"},{"data":"Glass Knife","floor":25,"key":"SMITH"},{"floor":27,"key":"REST"}],"circlet_count":0,"master_deck":["AscendersBane","Strike_G+1","Strike_G+1","Strike_G","Strike_G","Defend_G+1","Defend_G","Defend_G+1","Defend_G","Defend_G","Survivor","Neutralize+1","Dagger Spray","Underhanded Strike+1","All Out Attack","Sucker Punch+1","Glass Knife+1","Flying Knee","Glass Knife+1","Dodge and Roll+1","Dash"],"relics":["Ring of the Snake","War Paint","Question Card","Whetstone","Singing Bowl","Sozu","The Specimen","Molten Egg 2"],"acts_visited":["Exordium","TheCity"],"potions_floor_usage":[28],"damage_taken":[{"damage":1.0,"enemies":"Small Slimes","floor":1.0,"turns":4.0},{"damage":7.0,"enemies":"Jaw Worm","floor":2.0,"turns":6.0},{"damage":47.0,"enemies":"Gremlin Nob","floor":7.0,"turns":6.0},{"damage":0.0,"enemies":"Cultist","floor":8.0,"turns":3.0},{"damage":0.0,"enemies":"Red Slaver","floor":12.0,"turns":1.0},{"damage":10.0,"enemies":"3 Sentries","floor":14.0,"turns":4.0},{"damage":10.0,"enemies":"Slime Boss","floor":16.0,"turns":10.0},{"damage":16.0,"enemies":"Shell Parasite","floor":18.0,"turns":4.0},{"damage":0,"enemies":"Spheric Guardian","floor":19,"turns":3},{"damage":23,"enemies":"Shelled Parasite and Fungi","floor":24,"turns":5},{"damage":45,"enemies":"Slavers","floor":28,"turns":4}],"seed_played":"-3388701351484351468","potions_obtained":[{"floor":2.0,"key":"Regen Potion"},{"floor":7.0,"key":"Weak Potion"},{"floor":12.0,"key":"Block Potion"}],"is_trial":false,"path_per_floor":["M","M","?","?","?","R","E","M","T","$","?","M","R","E","R","B",null,"M","M","?","?","?","R","M","R","T","R","E"],"character_chosen":"THE_SILENT","items_purchased":["Fire Potion"],"campfire_rested":2,"item_purchase_floors":[10],"current_hp_per_floor":[64,57,39,57,35,35,3,3,3,3,3,3,24,14,14,4,55,39,39,39,39,39,39,18,18,18,40,0,0],"gold":13,"neow_bonus":"TEN_PERCENT_HP_BONUS","is_daily":false,"chose_seed":false,"campfire_upgraded":4,"win_rate":0.0,"timestamp":1608170671,"path_taken":["M","M","?","?","?","R","E","M","T","?","?","M","R","E","R","BOSS","M","M","?","?","?","R","M","R","T","R","E"],"items_purchased_type":["Potion"],"build_version":"2020-12-13","purchased_purges":1,"victory":false,"max_hp_per_floor":[72,72,72,72,72,72,72,72,72,72,72,72,72,72,72,72,72,72,72,72,72,72,72,74,74,74,74,74,74],"card_choices":[{"not_picked":["Dodge and Roll","Flechettes"],"picked":"Dagger Spray","floor":1.0},{"not_picked":["PiercingWail","Dagger Throw"],"picked":"Underhanded Strike","floor":2.0},{"not_picked":["Underhanded Strike","Skewer"],"picked":"All Out Attack","floor":7.0},{"not_picked":["PiercingWail","Outmaneuver","Dagger Spray"],"picked":"Sucker Punch","floor":8.0},{"not_picked":["Cloak And Dagger","Dodge and Roll","Blade Dance"],"picked":"Glass Knife","floor":12.0},{"not_picked":["Caltrops","Prepared","Dodge and Roll"],"picked":"Flying Knee","floor":14.0},{"not_picked":["Night Terror","Unload","Doppelganger"],"picked":"Glass Knife","floor":16.0},{"not_picked":["Deflect","Choke","Bane"],"picked":"Dodge and Roll","floor":18.0},{"not_picked":["Heel Hook","Prepared+1","Leg Sweep"],"picked":"Dash","floor":19},{"not_picked":["PiercingWail+1","Deflect","Slice","Quick Slash"],"picked":"Singing Bowl","floor":24}],"player_experience":487187,"relics_obtained":[{"floor":7.0,"key":"Question Card"},{"floor":9.0,"key":"Whetstone"},{"floor":14.0,"key":"Singing Bowl"},{"floor":26,"key":"Molten Egg 2"}],"event_choices":[{"damage_healed":0.0,"max_hp_gain":0.0,"max_hp_loss":0.0,"gold_gain":0.0,"event_name":"Scrap Ooze","player_choice":"Success","floor":3.0,"gold_loss":0.0,"damage_taken":18.0,"relics_obtained":["War Paint"]},{"damage_healed":18.0,"max_hp_gain":0.0,"max_hp_loss":0.0,"gold_gain":0.0,"event_name":"The Cleric","player_choice":"Healed","floor":4.0,"gold_loss":35.0,"damage_taken":0.0},{"damage_healed":0.0,"max_hp_gain":0.0,"max_hp_loss":0.0,"gold_gain":0.0,"event_name":"Shining Light","player_choice":"Entered Light","floor":5.0,"gold_loss":0.0,"damage_taken":22.0,"cards_upgraded":["Underhanded Strike","Strike_G"]},{"damage_healed":0.0,"max_hp_gain":0.0,"max_hp_loss":0.0,"gold_gain":0.0,"event_name":"Liars Game","player_choice":"Ignored","floor":11.0,"gold_loss":0.0,"damage_taken":0.0},{"damage_healed":0,"gold_gain":0,"player_choice":"Obtained Relic","damage_taken":0,"relics_obtained":["The Specimen"],"max_hp_gain":0,"max_hp_loss":0,"event_name":"Addict","floor":20,"gold_loss":85},{"damage_healed":0,"gold_gain":0,"player_choice":"Ignored","damage_taken":0,"max_hp_gain":0,"max_hp_loss":0,"event_name":"The Mausoleum","floor":21,"gold_loss":0},{"damage_healed":0,"gold_gain":0,"player_choice":"Paid Fearfully","damage_taken":0,"max_hp_gain":0,"max_hp_loss":0,"event_name":"Masked Bandits","floor":22,"gold_loss":95}],"is_beta":false,"boss_relics":[{"not_picked":["Runic Pyramid","Ectoplasm"],"picked":"Sozu"}],"items_purged_floors":[10],"is_endless":false,"potions_floor_spawned":[2,7,12,19],"killed_by":"Slavers","ascension_level":18}}