{"host":"684z1xpuwaoqmmh1","time":1608228913,"event":{"mods":["Bard","BaseMod","Downfall","Hermit","Jorbs\u0027s Wanderer Trilogy","Marisa????????","Minty Spire (QoL Compilation)","StSLib","The Hierophant","The Mystic","The Runesmith"],"gold_per_floor":[99,99,127,52,87,65,65,65,65,109,138,138,167,86,108,108,108],"floor_reached":16,"playtime":704,"items_purged":["sneckomod:Defend"],"score":162,"play_id":"4c19afe3-d468-4cb7-9be9-62701c2f3862","local_time":"20201217201513","is_ascension_mode":true,"campfire_choices":[{"floor":1,"key":"RECALL"},{"data":"sneckomod:SnekBite","floor":4,"key":"SMITH"},{"data":"sneckomod:UnknownStrength","floor":9,"key":"SMITH"}],"circlet_count":0,"master_deck":["sneckomod:Strike","sneckomod:Strike","sneckomod:Defend","sneckomod:Defend","sneckomod:TailWhip","sneckomod:SnekBite+1","sneckomod:Unknown","sneckomod:Unknown","sneckomod:UnknownCommonSkill","sneckomod:UnknownStrength+1","sneckomod:UnknownBlock","sneckomod:UnknownVulnerable","sneckomod:Unknown0Cost","sneckomod:QuickMove","sneckomod:SlitherStrike","sneckomod:SoulCleanse","sneckomod:WideSting"],"relics":["sneckomod:SneckoSoul","hexamod:BolsterEngine","Centennial Puzzle","downfall:HeartBlessingRed","CeramicFish","Kunai","Ornamental Fan","downfall:BrokenWingStatue"],"acts_visited":["Exordium"],"potions_floor_usage":[5,16],"damage_taken":[{"damage":18,"enemies":"Gremlin Nob","floor":3,"turns":4},{"damage":15,"enemies":"3 Sentries","floor":5,"turns":5},{"damage":5,"enemies":"downfall:FleeingMerchant","floor":6,"turns":4},{"damage":18,"enemies":"Gremlin Nob","floor":10,"turns":4},{"damage":0,"enemies":"Cultist","floor":11,"turns":2},{"damage":0,"enemies":"Jaw Worm","floor":13,"turns":2},{"damage":0,"enemies":"downfall:FleeingMerchant","floor":14,"turns":4},{"damage":0,"enemies":"Small Slimes","floor":15,"turns":2},{"damage":41,"enemies":"downfall:Defect","floor":16,"turns":5}],"seed_played":"4195313002023622458","potions_obtained":[{"floor":3,"key":"sneckomod:DiceRollPotion"},{"floor":10,"key":"Dexterity Potion"},{"floor":13,"key":"Swift Potion"},{"floor":15,"key":"Fire Potion"}],"is_trial":false,"path_per_floor":["R","?","E","R","E","$","T","?","R","E","M","?","M","$","M","B"],"character_chosen":"THE_SNECKO","items_purchased":["sneckomod:UnknownVulnerable"],"campfire_rested":0,"item_purchase_floors":[6],"current_hp_per_floor":[81,81,64,64,50,47,47,52,52,35,35,35,39,39,39,0,0],"gold":108,"neow_bonus":"RANDOM_COMMON_RELIC","is_daily":false,"chose_seed":false,"campfire_upgraded":2,"win_rate":0.0,"timestamp":1608228913,"path_taken":["R","?","E","R","E","$","T","?","R","E","M","?","?","?","M","BOSS"],"items_purchased_type":["Card"],"build_version":"2020-12-13","purchased_purges":1,"victory":false,"max_hp_per_floor":[90,90,91,91,92,94,94,99,99,100,100,100,100,100,100,100,100],"card_choices":[{"not_picked":["sneckomod:UnknownClassRUNESMITH_BEIGE","sneckomod:MixItUp"],"picked":"sneckomod:UnknownCommonSkill","floor":3},{"not_picked":["sneckomod:SerpentIdol","sneckomod:SoulRoll"],"picked":"sneckomod:UnknownStrength","floor":5},{"not_picked":["sneckomod:UnknownWeak","sneckomod:UnknownCommonAttack"],"picked":"sneckomod:UnknownBlock","floor":6},{"not_picked":["sneckomod:UnknownEthereal","sneckomod:UnknownClassBARD_COLOR"],"picked":"sneckomod:Unknown0Cost","floor":10},{"not_picked":["sneckomod:DiceCrush","sneckomod:DiceBlock"],"picked":"sneckomod:QuickMove","floor":11},{"not_picked":["sneckomod:UnknownX","sneckomod:UnknownCommonSkill"],"picked":"sneckomod:SlitherStrike","floor":13},{"not_picked":["sneckomod:UnknownClassGREEN","sneckomod:UnknownCommonAttack"],"picked":"sneckomod:SoulCleanse","floor":14},{"not_picked":["sneckomod:UnknownStrike","sneckomod:UnknownCommonSkill"],"picked":"sneckomod:WideSting","floor":15}],"player_experience":2356716,"relics_obtained":[{"floor":3,"key":"Centennial Puzzle"},{"floor":5,"key":"CeramicFish"},{"floor":7,"key":"Kunai"},{"floor":10,"key":"Ornamental Fan"}],"event_choices":[{"damage_healed":0,"gold_gain":0,"player_choice":"Donut","damage_taken":0,"max_hp_gain":5,"max_hp_loss":0,"event_name":"Big Fish","floor":8,"gold_loss":0}],"is_beta":false,"boss_relics":[],"items_purged_floors":[14],"is_endless":false,"potions_floor_spawned":[3,10,13,15],"killed_by":"downfall:Defect","ascension_level":8}}