{"host":"wshh0nphwn6jv7vj","time":1608243606,"event":{"mods":["BaseMod","Bestiary","Minty Spire (QoL Compilation)"],"gold_per_floor":[118,129,148,158,173,173,202,202,202,202,213,228,256,256,256,333,333,347,366,291,22,22,22,22,22,22,22,42,42,75,75,75,75,75],"floor_reached":33,"playtime":2678,"items_purged":["Defend_B"],"score":516,"play_id":"b1a23a1e-9c8e-4cd5-b718-b3282725eb89","local_time":"20201217172006","is_ascension_mode":true,"campfire_choices":[{"data":"Coolheaded","floor":6,"key":"SMITH"},{"data":"Coolheaded","floor":8,"key":"SMITH"},{"data":"Reinforced Body","floor":10,"key":"SMITH"},{"data":"Sunder","floor":15,"key":"SMITH"},{"floor":25,"key":"REST"},{"data":"Zap","floor":27,"key":"SMITH"},{"floor":29,"key":"REST"},{"floor":32,"key":"REST"}],"circlet_count":0,"master_deck":["AscendersBane","Defend_B","Defend_B","Defend_B","Zap+1","Dualcast","Rip and Tear","Steam","Reinforced Body+1","Coolheaded+1","Coolheaded+1","Core Surge","Double Energy","Sunder+1","Echo Form","Steam+1","Hello World+1","Chill+1","Barrage","Fission","Self Repair","Cold Snap","Chaos","Decay","Turbo+1","Scrape+1","RitualDagger"],"relics":["Cracked Core","NeowsBlessing","Strawberry","Juzu Bracelet","Bag of Preparation","Question Card","Astrolabe","Membership Card","Symbiotic Virus","Potion Belt"],"acts_visited":["Exordium","TheCity"],"potions_floor_usage":[5,7,13,23,23,33],"damage_taken":[{"damage":0,"enemies":"Cultist","floor":1,"turns":1},{"damage":0,"enemies":"2 Louse","floor":2,"turns":1},{"damage":0,"enemies":"Small Slimes","floor":3,"turns":1},{"damage":4,"enemies":"Exordium Wildlife","floor":4,"turns":5},{"damage":11,"enemies":"Exordium Thugs","floor":5,"turns":4},{"damage":15,"enemies":"Lagavulin","floor":7,"turns":8},{"damage":0,"enemies":"Looter","floor":11,"turns":3},{"damage":0,"enemies":"Red Slaver","floor":12,"turns":4},{"damage":21,"enemies":"3 Sentries","floor":13,"turns":8},{"damage":27,"enemies":"The Guardian","floor":16,"turns":19},{"damage":8,"enemies":"3 Byrds","floor":18,"turns":8},{"damage":2,"enemies":"Shell Parasite","floor":19,"turns":8},{"damage":42,"enemies":"Gremlin Leader","floor":23,"turns":13},{"damage":18,"enemies":"Shelled Parasite and Fungi","floor":28,"turns":5},{"damage":32,"enemies":"Book of Stabbing","floor":30,"turns":6},{"damage":63,"enemies":"Automaton","floor":33,"turns":8}],"seed_played":"1280806830864535466","potions_obtained":[{"floor":2,"key":"Energy Potion"},{"floor":4,"key":"PotionOfCapacity"},{"floor":11,"key":"Regen Potion"},{"floor":13,"key":"EssenceOfSteel"},{"floor":16,"key":"BlessingOfTheForge"},{"floor":18,"key":"SmokeBomb"},{"floor":28,"key":"Fruit Juice"}],"is_trial":false,"path_per_floor":["M","M","M","M","M","R","E","R","T","R","M","M","E","?","R","B",null,"M","M","?","$","?","E","$","R","T","R","M","R","E","?","R","B"],"character_chosen":"DEFECT","items_purchased":["Membership Card","Self Repair","Cold Snap","Chaos"],"campfire_rested":3,"item_purchase_floors":[21,21,21,21],"current_hp_per_floor":[64,64,64,60,49,49,41,41,41,41,41,41,35,35,35,8,61,53,51,51,51,51,23,23,46,46,46,28,51,33,27,50,0,0],"gold":75,"neow_bonus":"THREE_ENEMY_KILL","is_daily":false,"chose_seed":false,"campfire_upgraded":5,"win_rate":0.0,"timestamp":1608243606,"path_taken":["M","M","?","M","M","R","E","R","T","R","M","M","E","?","R","BOSS","M","M","?","$","?","E","?","R","T","R","M","R","E","?","R","BOSS"],"items_purchased_type":["Relic","Card","Card","Card"],"build_version":"2020-12-13","purchased_purges":1,"victory":false,"max_hp_per_floor":[71,71,71,71,71,71,78,78,78,78,78,78,78,78,78,78,78,78,78,78,78,78,78,78,78,78,78,78,78,78,78,78,83,83],"card_choices":[{"not_picked":["Steam","Beam Cell"],"picked":"Rip and Tear","floor":1},{"not_picked":["Redo","Beam Cell"],"picked":"Steam","floor":2},{"not_picked":["Hello World","Undo"],"picked":"Reinforced Body","floor":3},{"not_picked":["Turbo","Self Repair"],"picked":"Coolheaded","floor":4},{"not_picked":["Loop","Hologram"],"picked":"Coolheaded","floor":5},{"not_picked":["Darkness","Steam"],"picked":"Core Surge","floor":7},{"not_picked":["Skim","Turbo"],"picked":"Double Energy","floor":11},{"not_picked":["Ball Lightning","Hologram"],"picked":"Sunder","floor":12},{"not_picked":["Double Energy","Sunder"],"picked":"Gash","floor":13},{"not_picked":["Thunder Strike","Meteor Strike","Reboot"],"picked":"Echo Form","floor":16},{"not_picked":["Ball Lightning","Leap","Go for the Eyes"],"picked":"Barrage","floor":18},{"not_picked":["Rebound+1","Streamline","Melter"],"picked":"Fission","floor":19},{"not_picked":["Conserve Battery","Leap","Storm"],"picked":"Turbo+1","floor":28},{"not_picked":["Redo","Coolheaded","Steam"],"picked":"Scrape+1","floor":30}],"player_experience":1442264,"relics_obtained":[{"floor":7,"key":"Strawberry"},{"floor":9,"key":"Juzu Bracelet"},{"floor":13,"key":"Bag of Preparation"},{"floor":26,"key":"Symbiotic Virus"},{"floor":30,"key":"Potion Belt"}],"event_choices":[{"cards_removed":["Gash"],"damage_healed":0,"gold_gain":0,"player_choice":"Gave Card","damage_taken":0,"relics_obtained":["Question Card"],"max_hp_gain":0,"max_hp_loss":0,"event_name":"WeMeetAgain","floor":14,"gold_loss":0},{"cards_removed":["Strike_B"],"damage_healed":0,"gold_gain":0,"player_choice":"Gave Gold","damage_taken":0,"max_hp_gain":0,"max_hp_loss":0,"event_name":"Beggar","floor":20,"gold_loss":75},{"damage_healed":0,"gold_gain":0,"player_choice":"Smashed Altar","damage_taken":0,"max_hp_gain":0,"max_hp_loss":0,"event_name":"Forgotten Altar","floor":22,"gold_loss":0,"cards_obtained":["Decay"]},{"damage_healed":0,"gold_gain":0,"player_choice":"Joined the Cult","damage_taken":6,"max_hp_gain":0,"max_hp_loss":0,"event_name":"Nest","floor":31,"gold_loss":0,"cards_obtained":["RitualDagger"]}],"is_beta":false,"boss_relics":[{"not_picked":["Runic Dome","SlaversCollar"],"picked":"Astrolabe"}],"items_purged_floors":[21],"is_endless":false,"potions_floor_spawned":[2,4,11,13,16,18,23,28],"killed_by":"Automaton","ascension_level":15}}