{"host":"9pik9bopp1e2y7ey","time":1608202943,"event":{"mods":["Act Like it!","Aspiration","BaseMod","Conspire","Dota2Spire","Downfall","Friendly Minions","Gensokyo","Hallownest","Hermit","HololiveMod","HumanHunterMod(怪物杀人mod)","Koishi","Luminous","Minty Spire (QoL Compilation)","MostiFishMod","Pale of the Ancients","Quick Restart","Replay The Spire","Robot Space Explorer","RumiaBox-露米娅的神秘盒子","Spicy Shops","StSLib","TestMod","The Alterego","The Bug Knight","The Cursed","The Mystic","The Runesmith","TheWitcher","Uncapped","UnlockEverythingMod","Yuyuko","[IsaacMod]以撒尖塔","[地精首领爬塔]The Maniac","noobMod","vexMod","【东方二次创作】八云紫mod","【功能Mod】混沌之环修复补丁","【功能Mod】聪明的最终Boss","【遗物卡牌】REMEMod"],"gold_per_floor":[1000000000,1000000000,1000000050,1000000050,1000000060,1000000122,999998232,999998232,999998259,999998274,999998274,999998291,999996968,999996977,999996977,999997091,999997109,999997123,999995590,999995599,999995646,999995670,999995670,999994585,999994635,999994635,999994635,999994716,999994742,999994761,999994785,999994785,999994897,999994951,999994972,999995001,999995001,999995027,999995046,999995081,999993657,999993657,999993729,999993738,999993809,999993878,999993943,999992259,999992259,999992259,999992281,999992301,999992364,999991060,999991060,999991124,999991124,999989748,999989748,999989905],"floor_reached":61,"playtime":9950,"items_purged":["Luminous:Magic_Accelerate_Luminous","BettingIsNotGood","Injury","Regret","Guardian:FastForward","RobotSpaceExplorer:Defend","ReplayTheSpireMod:Brewmster","REME_Compress+1","Pride","Hallucinations","Parasite","RobotSpaceExplorer:ImprovisedAttack"],"score":1497,"play_id":"87b276b5-bdf4-4980-b20d-80f3d04f5db4","local_time":"20201217190223","is_ascension_mode":false,"campfire_choices":[{"data":"Perfected Strike","floor":8,"key":"SMITH"},{"floor":23,"key":"RECALL"},{"data":"REME_AllRoundStrike","floor":27,"key":"SMITH"},{"data":"Panache","floor":32,"key":"SMITH"},{"data":"RobotSpaceExplorer:PowerCollector","floor":42,"key":"SMITH"},{"data":"RobotSpaceExplorer:Scan","floor":49,"key":"PURGE"},{"data":"REME_PuzzleBox","floor":55,"key":"SMITH"},{"data":"maniac:Collecting","floor":57,"key":"SMITH"}],"circlet_count":0,"master_deck":["RobotSpaceExplorer:Strike","RobotSpaceExplorer:Strike","RobotSpaceExplorer:Strike","RobotSpaceExplorer:Multitool+1","RobotSpaceExplorer:MiniDrones","TheCursedMod:SurpriseAttack","Perfected Strike+1","RobotSpaceExplorer:PowerCollector+1","RobotSpaceExplorer:JunkDive","RobotSpaceExplorer:ScrapToss+1","Swift Strike","MostiFishMod:SparklingWater+1","RobotSpaceExplorer:GlueShot","alterego_mod:Punishment+1","Backflip","Crippling Poison","Deadly Poison","RobotSpaceExplorer:Calculate","RobotSpaceExplorer:ImprovisedAttack","RobotSpaceExplorer:Blitz","RobotSpaceExplorer:PowerGlove","RobotSpaceExplorer:ChargingLaser","RobotSpaceExplorer:Accelerator+1","Panache+1","Good Instincts","RobotSpaceExplorer:StarLightning","RobotSpaceExplorer:FrostMissile","RobotSpaceExplorer:FreezeRay","RobotSpaceExplorer:GearShield","REME_PuzzleBox+1","testmod-EnhanceArmerment","REME_AllRoundStrike+1","MostiFishMod:MusicBox","testmod-PocketStoneCalender","testmod-AutoReboundSystem","Replay:SS_fish_2","testmod-AdversityCounterattack","testmod-CardIndex","testmod-AutoReboundSystem","testmod-PerfectCombo","J.A.X.","Stack","Replay:SS_fish_1","RobotSpaceExplorer:Pulsar+1","Bane+1","SnafuTest:MercilessReaper","RobotSpaceExplorer:ToxicBomb","RobotSpaceExplorer:SurgingStrike","RobotSpaceExplorer:ShovelStrike","testmod-ComboMaster","Replay:Bootleg Shield Generator+1","Good Instincts+1","REME_ShortnessOfBreath+1","Good Instincts+1","Replay:SS_fish_1+1","Replay:BasicMightCard","Swift Strike","MostiFishMod:ButterFly","sneckomod:IronFang+1","Backstab+1","RobotSpaceExplorer:Asteroid","RobotSpaceExplorer:Accelerator","RobotSpaceExplorer:Pulsar+1","RobotSpaceExplorer:ChargingLaser","REME_PuzzleBox+1","testmod-WeaknessCounterattack","RobotSpaceExplorer:ScrapToss","Slimebound:FinishingTackle","hermit:Quickdraw+1","Koishi:YoukaiPolygraph+1","WaveOfTheHand+1","HollowMod:LifebloodCocoon+1","RobotSpaceExplorer:ScrapMissile+1","Seeing Red+1","REME_FearOfPain","RobotSpaceExplorer:ImprovisedAttack","testmod-Wormhole+1","RobotSpaceExplorer:FranticSearch+1","testmod-RabbitOfFibonacci","SashWhip+1","HollowMod:CycloneSlash","maniac:Collecting+1","testmod-SubstituteBySubterfuge+1","FollowUp","Enlightenment+1","HollowMod:MothsMistake+1","hexamod:NightmareStrike","Pummel","MostiFishMod:ButterFly","ReplayUltimateDefense+1","RobotSpaceExplorer:MiniDrones+1","JustLucky","Runesmith:PoweredAnvil+1","SnafuTest:SwordDance+1","REME_PuzzleBox+1","Feed+1","Feel No Pain","RobotSpaceExplorer:ImprovisedAttack","RobotSpaceExplorer:GearShield+1","Hololive_OvertimeWork+1","testmod-BloodBlade+1","REME_Cut","RobotSpaceExplorer:Ammunition+1","Run Through","Sword Boomerang","testmod-PowerStrike+1"],"relics":["RobotSpaceExplorer:RoboCore","ice","testmod-TestBox","DaveBox","REME_ComplimentaryCards","HushsDoor","KeepersGift","ExusiaiGun","testmod-Hope","NeowsBlessing","Question Card","PrismaticShard","testmod-Justice","Whetstone","Mercury Hourglass","Iron Hammer","Ying","Dota2Spire:DrumOfEndurance","MagicDraw1","Guide Book","Akabeko","Dota2Spire:Vanguard","CeramicFish","Simple Rune","Habit","testmod-Nyarlathotep","conspire:TreasureMap","vexMod:Dragonfruit","ImportantClient","RhineCircuit","MomsKnife","GuppysCollar","TheBattery","testmod-BouquetWithThorns","ImprovedEquipment","Blue Candle","REME_IWantAll","ReplayTheSpireMod:ShopPack","ClockworkSouvenir","Dota2Spire:BladeMail","Orichalcum","OrangePellets","D4","GodSword5","Toxic Egg 2","HowToJump","Dota2Spire:BattleFury","aspiration:IroncladSkillbook","GuppysTail","Ccalipers","Vajra","Dota2Spire:MaskOfMadness","Bronze Scales","vexMod:PaidLearning","testmod-ThousandKnives","Orrery","DoctorsRemote","ReplayTheSpireMod:Ring of Collecting","ReplayTheSpireMod:Ring of Challenge","PrismaticShard","aspiration:FetidBarrel","Kunai","TuHaoJin","BrkXgEgg","PokeGo","paleoftheancients:Timepiece","paleoftheancients:KeyRelic","Ice Cream","CultistMask","Dota2Spire:LinkenSphere","testmod-LifeArmor","BookOfRevelations","vexMod:BarristanHead","Snack Pack","RobotSpaceExplorer:SlideRule","vexMod:Spyglass","paleoftheancients:SoulOfTheBandit","testmod-BlackFramedGlasses","Anchor","Dodecahedron","Replay:Baseball","ReplayFunnel","HollowMod:LifeEnderRelic","Lee\u0027s Waffle"],"acts_visited":["Exordium","TheCity","TheBeyond","paleoftheancients:PaleOfTheAncients"],"potions_floor_usage":[],"damage_taken":[{"damage":0,"enemies":"Jaw Worm","floor":1,"turns":1},{"damage":51,"enemies":"Hiden Room Battle","floor":3,"turns":3},{"damage":0,"enemies":"Small Slimes","floor":5,"turns":1},{"damage":82,"enemies":"Cultist","floor":6,"turns":15},{"damage":0,"enemies":"3 Louse","floor":10,"turns":1},{"damage":0,"enemies":"Exordium Thugs","floor":12,"turns":17},{"damage":61,"enemies":"The Guardian","floor":16,"turns":10},{"damage":0,"enemies":"Chosen","floor":18,"turns":1},{"damage":0,"enemies":"Cultist and Chosen","floor":21,"turns":1},{"damage":0,"enemies":"Snake Plant","floor":22,"turns":2},{"damage":43,"enemies":"Hiden Room Battle","floor":25,"turns":5},{"damage":0,"enemies":"Sentry and Sphere","floor":29,"turns":1},{"damage":22,"enemies":"Centurion and Healer","floor":30,"turns":7},{"damage":21,"enemies":"Cultist and Chosen","floor":31,"turns":1},{"damage":0,"enemies":"Pondfish","floor":33,"turns":2},{"damage":109,"enemies":"3 Shapes","floor":35,"turns":1},{"damage":0,"enemies":"Orb Walker","floor":36,"turns":2},{"damage":93,"enemies":"Writhing Mass","floor":38,"turns":9},{"damage":18,"enemies":"Spire Growth","floor":39,"turns":1},{"damage":0,"enemies":"HollowMod:StalkingDevout","floor":40,"turns":1},{"damage":85,"enemies":"Sphere and 2 Shapes","floor":45,"turns":1},{"damage":0,"enemies":"Maw","floor":46,"turns":1},{"damage":263,"enemies":"Writhing Mass","floor":47,"turns":1},{"damage":0,"enemies":"conspire:OrnateMirror","floor":50,"turns":1},{"damage":0,"enemies":"conspire:OrnateMirror","floor":51,"turns":1},{"damage":0,"enemies":"conspire:OrnateMirror","floor":52,"turns":1},{"damage":0,"enemies":"conspire:OrnateMirror","floor":56,"turns":1},{"damage":0,"enemies":"Delirium","floor":60,"turns":3}],"seed_played":"3968942900978850199","potions_obtained":[{"floor":5,"key":"RobotSpaceExplorer:RecyclePotion"},{"floor":10,"key":"DistilledChaos"},{"floor":12,"key":"RobotSpaceExplorer:PlasmaFlask"}],"is_trial":false,"path_per_floor":["M","?","?","?","M","M","$","R","T","M","?","M","$","?","R","B",null,"M","$","?","M","M","R","$","?","T","R","?","M","M","M","R","B",null,"M","M","?","M","M","E","$","R","T","?","M","M","M","$","R","B","M","M","?","$","R","M","R","$","?","B",null],"character_chosen":"RobotSpaceExplorer","items_purchased":["Mercury Hourglass","Iron Hammer","Ying","Dota2Spire:DrumOfEndurance","MagicDraw1","RobotSpaceExplorer:PowerCollector","RobotSpaceExplorer:JunkDive","RobotSpaceExplorer:ScrapToss","Swift Strike","MostiFishMod:SparklingWater","RobotSpaceExplorer:GlueShot","Guide Book","Dota2Spire:Vanguard","CeramicFish","Simple Rune","Habit","testmod-Nyarlathotep","conspire:TreasureMap","RobotSpaceExplorer:Calculate","RobotSpaceExplorer:ImprovisedAttack","RobotSpaceExplorer:Blitz","RobotSpaceExplorer:PowerGlove","MomsKnife","GuppysCollar","RobotSpaceExplorer:ChargingLaser","RobotSpaceExplorer:Accelerator","TheBattery","testmod-BouquetWithThorns","ImprovedEquipment","Blue Candle","REME_IWantAll","ReplayTheSpireMod:ShopPack","Panache","Good Instincts","RobotSpaceExplorer:StarLightning","RobotSpaceExplorer:FrostMissile","RobotSpaceExplorer:FreezeRay","RobotSpaceExplorer:GearShield","ClockworkSouvenir","Dota2Spire:BladeMail","Orichalcum","OrangePellets","D4","GodSword5","RobotSpaceExplorer:ToxicBomb","RobotSpaceExplorer:SurgingStrike","RobotSpaceExplorer:ShovelStrike","GuppysTail","RobotSpaceExplorer:Accelerator","RobotSpaceExplorer:Pulsar+1","RobotSpaceExplorer:ChargingLaser","REME_PuzzleBox+1","testmod-WeaknessCounterattack","RobotSpaceExplorer:ScrapToss","Vajra","Dota2Spire:MaskOfMadness","Bronze Scales","vexMod:PaidLearning","RobotSpaceExplorer:ScrapMissile+1","Seeing Red+1","REME_FearOfPain","RobotSpaceExplorer:ImprovisedAttack","testmod-Wormhole+1","testmod-ThousandKnives","RobotSpaceExplorer:FranticSearch+1","testmod-RabbitOfFibonacci","Orrery","PrismaticShard","aspiration:FetidBarrel","Kunai","TuHaoJin","BrkXgEgg","PokeGo","Pummel","MostiFishMod:ButterFly","ReplayUltimateDefense+1","testmod-LifeArmor","REME_PuzzleBox+1","BookOfRevelations","vexMod:BarristanHead","Snack Pack","RobotSpaceExplorer:SlideRule","vexMod:Spyglass","Feed+1","Feel No Pain","RobotSpaceExplorer:ImprovisedAttack","RobotSpaceExplorer:GearShield+1","Anchor","testmod-BloodBlade+1","REME_Cut","RobotSpaceExplorer:Ammunition+1","Run Through","Sword Boomerang","Dodecahedron","Replay:Baseball","ReplayFunnel","HollowMod:LifeEnderRelic","Lee\u0027s Waffle"],"campfire_rested":0,"item_purchase_floors":[7,7,7,7,7,7,7,7,7,7,7,7,13,13,13,13,13,13,13,13,13,13,17,17,17,17,19,19,19,19,19,19,19,19,19,19,19,19,24,24,24,24,24,24,24,24,24,34,34,34,34,34,34,34,41,41,41,41,41,41,41,41,41,41,41,41,41,48,48,48,48,48,48,48,48,48,54,54,54,54,54,54,54,54,54,54,54,58,58,58,58,58,58,58,58,58,58,58],"current_hp_per_floor":[75,68,2,2,2,67,67,67,67,67,67,67,67,72,51,1664,2277,2941,2953,2953,4742,5466,5466,5466,6701,6701,6701,6605,6614,7769,12346,12346,12346,12311,14852,15373,15373,24938,32962,32962,32962,32962,32962,32962,39088,45812,63104,63104,63104,80490,80490,80490,60368,60368,60368,73615,73615,80494,80494,82207],"gold":999989905,"neow_bonus":"THREE_ENEMY_KILL","is_daily":false,"chose_seed":false,"campfire_upgraded":6,"win_rate":0.0,"timestamp":1608202943,"path_taken":["M","?","?","?","?","M","$","R","T","M","?","M","$","?","R","BOSS","M","$","?","M","M","R","$","?","T","R","?","M","?","?","R","BOSS","M","?","?","M","M","E","$","R","T","?","M","M","?","$","R","BOSS","M","M","?","$","R","M","R","$","?","BOSS"],"items_purchased_type":["Relic","Relic","Relic","Relic","Relic","Card","Card","Card","Card","Card","Card","Relic","Relic","Relic","Relic","Relic","Relic","Relic","Card","Card","Card","Card","Relic","Relic","Card","Card","Relic","Relic","Relic","Relic","Relic","Relic","Card","Card","Card","Card","Card","Card","Relic","Relic","Relic","Relic","Relic","Relic","Card","Card","Card","Relic","Card","Card","Card","Card","Card","Card","Relic","Relic","Relic","Relic","Card","Card","Card","Card","Card","Relic","Card","Card","Relic","Relic","Relic","Relic","Relic","Relic","Relic","Card","Card","Card","Relic","Card","Relic","Relic","Relic","Relic","Relic","Card","Card","Card","Card","Relic","Card","Card","Card","Card","Card","Relic","Relic","Relic","Relic","Relic"],"build_version":"2020-11-29","purchased_purges":12,"victory":true,"max_hp_per_floor":[75,75,75,75,75,86,86,86,86,86,86,101,101,106,106,2335,2277,4068,4080,4080,5169,5466,5466,5466,6701,6701,6701,6701,6701,7769,12346,12346,12346,12311,15298,15373,15373,24938,32962,32962,32962,32962,32962,32962,43875,49986,80490,80490,80490,80490,80490,80490,80490,80487,80487,80487,80487,80494,80494,82314],"card_choices":[{"not_picked":[],"picked":"BettingIsNotGood","floor":0},{"not_picked":["RobotSpaceExplorer:Reload","RobotSpaceExplorer:Pulsar"],"picked":"RobotSpaceExplorer:ImprovisedAttack","floor":1},{"not_picked":["mysticmod:ObscuringMist","hermit:BigShot","Loop"],"picked":"TheCursedMod:SurpriseAttack","floor":5},{"not_picked":["SnafuTest:MercilessReaper","hexamod:BacktrackSmack","Dark Wind"],"picked":"Perfected Strike","floor":6},{"not_picked":["Protect","Dagger Throw","Runesmith:GenerateForcefield"],"picked":"alterego_mod:Punishment","floor":10},{"not_picked":["RealityDreamConfluencek_purple","Hololive_CallTsunomakiWatame","City of Death","hermit:Shortfuse"],"picked":"SKIP","floor":12},{"not_picked":["champ:HoldFirm","Guardian:Gem_Synthetic","MostiFishMod:InterfaceCompatibility"],"picked":"Guardian:FastForward","floor":16},{"not_picked":["PiercingWail+1","TheCursedMod:Torture","TheCursedMod:FleshFromBone","sneckomod:WideSting"],"picked":"SKIP","floor":18},{"not_picked":["REME_PuzzleBox","testmod-EnhanceArmerment","REME_AllRoundStrike","MostiFishMod:MusicBox"],"picked":"Singing Bowl","floor":19},{"not_picked":["testmod-PocketStoneCalender","testmod-AutoReboundSystem","Replay:SS_fish_2","testmod-AdversityCounterattack"],"picked":"Singing Bowl","floor":19},{"not_picked":["testmod-CardIndex","testmod-AutoReboundSystem","testmod-PerfectCombo","ReplayTheSpireMod:Brewmster"],"picked":"Singing Bowl","floor":19},{"not_picked":["Stack","Replay:SS_fish_1","RobotSpaceExplorer:Pulsar+1","Bane+1"],"picked":"Singing Bowl","floor":21},{"not_picked":["Dodge and Roll","RobotSpaceExplorer:Pulsar","MostiFishMod:DisColor"],"picked":"SnafuTest:MercilessReaper","floor":22},{"not_picked":["Koishi:Untouchable","Specialist","testmod-SubstituteBySubterfuge+1"],"picked":"sneckomod:IronFang+1","floor":29},{"not_picked":["RobotSpaceExplorer:SwiftStep+1","Hololive_CallSpadeEcho","alterego_mod:Cycle+1"],"picked":"REME_Compress+1","floor":30},{"not_picked":["Koishi:ReflexRadar+1","hexamod:FirstSeal","SnafuTest:CalculatingAmbition+1"],"picked":"Backstab+1","floor":31},{"not_picked":["DevaForm","hexamod:CrushingStance","Runesmith:LastStand+1"],"picked":"RobotSpaceExplorer:Asteroid","floor":33},{"not_picked":["HollowMod:WraithStrike","hermit:Grudge+1","Halt+1","Hololive_FlyingPonyTail+1"],"picked":"Slimebound:FinishingTackle","floor":35},{"not_picked":["sneckomod:WideSting","ExistenceContinue_purple","Coolheaded+1","hermit:Headshot"],"picked":"hermit:Quickdraw+1","floor":36},{"not_picked":["TheCursedMod:CursedRelics","HollowMod:BlackTendrils","Self Repair+1","Barrage+1"],"picked":"Koishi:YoukaiPolygraph+1","floor":38},{"not_picked":["Guardian:Gem_Green","Hololive_Teleport+1","mysticmod:FloatingDisk+1","Gauzy Sakura+1"],"picked":"WaveOfTheHand+1","floor":39},{"not_picked":["REME_TheoryOfElimination+1","hexamod:DynamicBlow","alterego_mod:Cushion+1","Runesmith:NanitesCloud+1"],"picked":"HollowMod:LifebloodCocoon+1","floor":40},{"not_picked":["Feel No Pain","hermit:Desperado","Monster Cherry Tree","TheCursedMod:HellfireBreathing"],"picked":"SashWhip+1","floor":41},{"not_picked":["sneckomod:Unknown1Cost+1","mysticmod:PureInstinct+1","Anti_communist_purple+1","Koishi:LastRemote"],"picked":"HollowMod:CycloneSlash","floor":41},{"not_picked":["RobotSpaceExplorer:MetalStrike+1","Genetic Algorithm+1","SnafuTest:GetPaid+1","Yakumo_Ran_purple+1"],"picked":"maniac:Collecting","floor":41},{"not_picked":["maniac:Traceback+1","champ:GladiatorsShout+1","Hololive_Yoholoon","hexamod:Firestarter+1"],"picked":"testmod-SubstituteBySubterfuge+1","floor":41},{"not_picked":["SnafuTest:SpellIncendiaryShower+1","Postpone Bloom+1","Runesmith:Supernova+1","hexamod:Firestarter+1"],"picked":"FollowUp","floor":41},{"not_picked":["All Wander+1","Swift Strike","TheCursedMod:TacticalStrike","Slimebound:LeechingTouch"],"picked":"Enlightenment+1","floor":45},{"not_picked":["Concentrate+1","maniac:ObscuredAttack+1","Guardian:Gem_Purple","Runesmith:ShiftingStrike"],"picked":"HollowMod:MothsMistake+1","floor":46},{"not_picked":["RuleDissolution_purple+1","Koishi:ParalyzingFear","SnafuTest:Siege+1","SnafuTest:PowerFireDamnation"],"picked":"hexamod:NightmareStrike","floor":47},{"not_picked":["alterego_mod:PerceptionDisorder","maniac:DashForward","Runesmith:RunicBlueprint+1","JustLucky"],"picked":"RobotSpaceExplorer:MiniDrones+1","floor":51},{"not_picked":["End of Faramita+1","ReplayTheSpireMod:Strike From Hell","maniac:ReconstructWounds+1","HollowMod:DescendingDark+1"],"picked":"JustLucky","floor":52},{"not_picked":["hexamod:AdvancingGuard+1","Accuracy","Rampage","FollowUp"],"picked":"Runesmith:PoweredAnvil+1","floor":53},{"not_picked":["Iron Wave+1","alterego_mod:Belts","Protect+1","FlurryOfBlows"],"picked":"SnafuTest:SwordDance+1","floor":53},{"not_picked":["Guardian:PrismaticBeam","Luminous:Dark_Dim_Erosion+1","Slimebound:SplitAcid+1","MostiFishMod:HellRitual+1"],"picked":"Hololive_OvertimeWork+1","floor":56},{"not_picked":["DoctorFetus+1","REME_TheLastStrike+1","MostiFishMod:Neptune+1","HollowMod:HornetsHelp+1"],"picked":"testmod-PowerStrike+1","floor":60}],"player_experience":3658,"relics_obtained":[{"floor":1,"key":"Question Card"},{"floor":1,"key":"PrismaticShard"},{"floor":3,"key":"testmod-Justice"},{"floor":3,"key":"Whetstone"},{"floor":9,"key":"Akabeko"},{"floor":16,"key":"ImportantClient"},{"floor":25,"key":"Toxic Egg 2"},{"floor":25,"key":"HowToJump"},{"floor":26,"key":"Dota2Spire:BattleFury"},{"floor":40,"key":"Ccalipers"},{"floor":43,"key":"DoctorsRemote"},{"floor":44,"key":"ReplayTheSpireMod:Ring of Collecting"},{"floor":44,"key":"ReplayTheSpireMod:Ring of Challenge"},{"floor":53,"key":"Dota2Spire:LinkenSphere"},{"floor":56,"key":"paleoftheancients:SoulOfTheBandit"},{"floor":56,"key":"testmod-BlackFramedGlasses"}],"event_choices":[{"damage_healed":0,"gold_gain":0,"player_choice":"Ignored","damage_taken":7,"max_hp_gain":0,"max_hp_loss":0,"event_name":"恩洛斯的盘子","floor":2,"gold_loss":0},{"damage_healed":0,"gold_gain":0,"player_choice":"Fight","damage_taken":0,"max_hp_gain":0,"max_hp_loss":0,"event_name":"HidenRoomEvent","floor":3,"gold_loss":0},{"damage_healed":0,"gold_gain":0,"player_choice":"2 cards matched","damage_taken":0,"max_hp_gain":0,"max_hp_loss":0,"event_name":"Match and Keep!","floor":4,"gold_loss":0,"cards_obtained":["RobotSpaceExplorer:Multitool","RobotSpaceExplorer:MiniDrones"]},{"damage_healed":0,"gold_gain":0,"player_choice":"Box","damage_taken":0,"relics_obtained":["vexMod:Dragonfruit"],"max_hp_gain":0,"max_hp_loss":0,"event_name":"Big Fish","floor":14,"gold_loss":0,"cards_obtained":["Regret"]},{"damage_healed":0,"gold_gain":0,"player_choice":"Entered Light","damage_taken":21,"max_hp_gain":0,"max_hp_loss":0,"event_name":"Shining Light","floor":15,"gold_loss":0,"cards_upgraded":["RobotSpaceExplorer:Strike","RobotSpaceExplorer:ScrapToss"]},{"damage_healed":0,"gold_gain":0,"player_choice":"Obtain J.A.X.","damage_taken":0,"max_hp_gain":0,"max_hp_loss":0,"event_name":"Drug Dealer","floor":20,"gold_loss":0,"cards_obtained":["J.A.X."]},{"damage_healed":0,"gold_gain":0,"player_choice":"Fight","damage_taken":0,"max_hp_gain":0,"max_hp_loss":0,"event_name":"HidenRoomEvent","floor":25,"gold_loss":0},{"damage_healed":0,"gold_gain":0,"player_choice":"CARD CARD CARD CARD CARD CARD CARD CARD CARD ","damage_taken":96,"max_hp_gain":0,"max_hp_loss":0,"event_name":"Knowing Skull","floor":28,"potions_obtained":[],"gold_loss":0,"cards_obtained":["testmod-ComboMaster","Replay:Bootleg Shield Generator","Good Instincts","REME_ShortnessOfBreath","Good Instincts","Replay:SS_fish_1","Replay:BasicMightCard","Swift Strike","MostiFishMod:ButterFly"]},{"damage_healed":0,"gold_gain":0,"player_choice":"Ignored","damage_taken":0,"max_hp_gain":0,"max_hp_loss":0,"event_name":"给自己的盒子","floor":37,"gold_loss":0}],"is_beta":false,"boss_relics":[{"not_picked":["BloodWine","vexMod:MegatonBomb"],"picked":"RhineCircuit"},{"not_picked":[]},{"not_picked":["Hololive_Finger","Abe\u0027s Treasure"],"picked":"aspiration:IroncladSkillbook"},{"not_picked":[]}],"items_purged_floors":[7,7,13,17,19,19,24,34,41,48,54,58],"is_endless":false,"potions_floor_spawned":[5,10,12,16,22,31,33,38,40,46,47,51],"ascension_level":0}}