{"host":"nox","time":1608183281,"event":{"mods":["BaseMod","Colored Powertips","Minty Spire (QoL Compilation)","Quick Restart","Replay The Spire","StSLib"],"gold_per_floor":[118,193,193,210,227,253,253,253,328,342,366,366,366],"floor_reached":12,"playtime":270,"items_purged":[],"score":96,"play_id":"1834e447-fa65-42db-b908-c01d11d417e1","local_time":"20201217123441","is_ascension_mode":true,"campfire_choices":[{"floor":7.0,"key":"REST"}],"circlet_count":0,"master_deck":["Strike_B","Strike_B","Strike_B","Strike_B","Defend_B","Defend_B","Defend_B","Defend_B","Zap","Dualcast","Gash","Pain","Injury","Scrape"],"relics":["Cracked Core","NeowsBlessing","WarpedTongs","DataDisk","Golden Idol","Pear"],"acts_visited":["Exordium"],"potions_floor_usage":[],"damage_taken":[{"damage":0.0,"enemies":"Small Slimes","floor":1.0,"turns":1.0},{"damage":1.0,"enemies":"Jaw Worm","floor":4.0,"turns":1.0},{"damage":1.0,"enemies":"Cultist","floor":5.0,"turns":1.0},{"damage":61.0,"enemies":"Gremlin Nob","floor":6.0,"turns":6.0},{"damage":21.0,"enemies":"Lots of Slimes","floor":10.0,"turns":5.0},{"damage":10,"enemies":"3 Louse","floor":11,"turns":4},{"damage":0,"enemies":"Lagavulin","floor":12,"turns":1}],"seed_played":"2665409657864645684","potions_obtained":[{"floor":1.0,"key":"BlessingOfTheForge"},{"floor":6.0,"key":"Death Potion"}],"is_trial":false,"path_per_floor":["M","?","?","M","M","E","R","?","T","M","M","E"],"character_chosen":"DEFECT","items_purchased":[],"campfire_rested":1,"item_purchase_floors":[],"current_hp_per_floor":[75,64,64,63,62,1,23,23,33,12,2,2,2],"gold":366,"neow_bonus":"THREE_ENEMY_KILL","is_daily":false,"chose_seed":false,"campfire_upgraded":0,"win_rate":0.0,"timestamp":1608183281,"path_taken":["M","?","?","?","?","E","R","?","T","M","M","E"],"items_purchased_type":[],"build_version":"2020-11-17","purchased_purges":0,"victory":false,"max_hp_per_floor":[75,75,75,75,75,75,75,75,85,85,85,85,85],"card_choices":[{"not_picked":["Undo","Defragment"],"picked":"Gash","floor":1.0},{"not_picked":["ReplayTheSpireMod:System Scan","Reinforced Body","Compile Driver"],"picked":"SKIP","floor":4.0},{"not_picked":["Conserve Battery","Hello World","ReplayTheSpireMod:GoodbyeWorld"],"picked":"SKIP","floor":5.0},{"not_picked":["BootSequence","Barrage","Undo"],"picked":"SKIP","floor":6.0},{"not_picked":["Turbo","Hello World"],"picked":"Scrape","floor":10.0},{"not_picked":["ReplayTheSpireMod:Reroute Power","Multi-Cast","Streamline"],"picked":"SKIP","floor":11}],"player_experience":156848,"relics_obtained":[{"floor":6.0,"key":"DataDisk"},{"floor":9.0,"key":"Pear"}],"event_choices":[{"damage_healed":0.0,"max_hp_gain":0.0,"max_hp_loss":0.0,"gold_gain":75.0,"event_name":"World of Goop","player_choice":"Gather Gold","floor":2.0,"gold_loss":0.0,"damage_taken":11.0},{"damage_healed":0.0,"max_hp_gain":0.0,"max_hp_loss":0.0,"gold_gain":0.0,"event_name":"Accursed Blacksmith","player_choice":"Rummage","floor":3.0,"gold_loss":0.0,"damage_taken":0.0,"relics_obtained":["WarpedTongs"],"cards_obtained":["Pain"]},{"damage_healed":0.0,"max_hp_gain":0.0,"max_hp_loss":0.0,"gold_gain":0.0,"event_name":"Golden Idol","player_choice":"Take Wound","floor":8.0,"gold_loss":0.0,"damage_taken":0.0,"relics_obtained":["Golden Idol"],"cards_obtained":["Injury"]}],"is_beta":true,"boss_relics":[],"items_purged_floors":[],"is_endless":false,"potions_floor_spawned":[1,6],"killed_by":"Lagavulin","ascension_level":4}}