{"host":"57rcrwhzj4x4jlaj","time":1608219557,"event":{"mods":["2.2 Compatiblity","BaseMod","BetterRewards","Colored Map","Conspire","Dota2Spire","Downfall","Energized Spire","Grow up Mod","Hermit","Hubris","Infinite Spire","Marisa????????","Mimic Mod","Minty Spire (QoL Compilation)","Relic Filter","Relic Stats","Remilia??????","Replay The Spire","Shop Mod","StSLib","SuperFastMode","Td1madao Mod","The Accelerator","The Bug Knight","The Exalted","The Jungle","[IsaacMod]????","vexMod"],"gold_per_floor":[99,129,149,163,163,188,226,151,169,202,212,223,243,243,255,352,352,277,288,313,328,253,270,295,295,295,324,398,471,487,505,520,617,617,617,275,275,291,291,291,291,317,317,343,343,286,286,300,314,314,314,340,264,264,264],"floor_reached":56,"playtime":2847,"items_purged":["Pride"],"score":1442,"play_id":"bbb33103-75f1-458e-a91b-cbba574e10a4","local_time":"20201217223917","is_ascension_mode":true,"campfire_choices":[{"data":"champ:Taunt","floor":8,"key":"SMITH"},{"floor":18,"key":"RECALL"},{"data":"champ:Aggression","floor":22,"key":"SMITH"},{"data":"champ:Balance","floor":26,"key":"SMITH"},{"data":"champ:Aggression","floor":37,"key":"SMITH"},{"data":"champ:Balance","floor":39,"key":"SMITH"},{"data":"champ:Encircle","floor":43,"key":"SMITH"},{"data":"champ:SteelEdge","floor":54,"key":"SMITH"}],"circlet_count":0,"master_deck":["champ:Strike","champ:Strike","champ:Strike","champ:Strike","champ:Defend","champ:Defend","champ:Defend","champ:Defend","champ:Execute","champ:Taunt+1","champ:ShieldSlam+1","champ:FanOfKnives","champ:Balance+1","champ:SteelEdge","champ:AdrenalArmor","champ:Aggression+1","champ:AdrenalArmor","champ:Lariat","champ:StanceDance","champ:Encircle","champ:FlashCut","champ:DancingMaster","champ:Aggression+1","champ:Balance+1","champ:Encircle+1","champ:IronFortress","infinitespire:UltimateForm+1","champ:StanceDance+1","champ:RisingSlash+1","champ:SteelEdge+1","champ:FaceSlap"],"relics":["champ:ChampionCrown","HushsDoor","HowToJump","AnarchistCookbook","Replay:Wax Seal","Dota2Spire:DrumOfEndurance","downfall:HeartBlessingBlue","DeathBook","hubris:HollowSoul","downfall:HeartBlessingGreen","vexMod:BarristanHead","downfall:HeartBlessingRed","infinitespire:PuzzleCube","GreatHeart","Omamori","Strawberry","energizedSpire:DeadBattery","hubris:Towel","Lantern","HollowMod:LifeEnderRelic","Replay:Baseball","Dota2Spire:DivineRapier","Membership Card","Dota2Spire:PhaseBoots","hubris:Spice","Nunchaku","SteamSale","Gambling Chip","hubris:PeanutButter"],"acts_visited":["Exordium","TheCity","TheBeyond","TheEnding"],"potions_floor_usage":[23,33],"damage_taken":[{"damage":5,"enemies":"Replay:BlueRogue","floor":2,"turns":3},{"damage":8,"enemies":"Jaw Worm","floor":3,"turns":4},{"damage":13,"enemies":"infinitespire:Voidling","floor":4,"turns":5},{"damage":21,"enemies":"HollowMod:MossKnight","floor":6,"turns":10},{"damage":12,"enemies":"Cultist","floor":7,"turns":5},{"damage":0,"enemies":"Cultist","floor":9,"turns":3},{"damage":20,"enemies":"Lagavulin","floor":10,"turns":9},{"damage":12,"enemies":"Exordium Wildlife","floor":11,"turns":4},{"damage":21,"enemies":"Large Slime","floor":12,"turns":5},{"damage":2,"enemies":"Lots of Slimes","floor":13,"turns":2},{"damage":4,"enemies":"Exordium Thugs","floor":15,"turns":2},{"damage":24,"enemies":"downfall:Silent","floor":16,"turns":6},{"damage":0,"enemies":"Spheric Guardian","floor":19,"turns":3},{"damage":26,"enemies":"conspire:SneckoGhost","floor":20,"turns":7},{"damage":10,"enemies":"Shell Parasite","floor":21,"turns":5},{"damage":8,"enemies":"Cultist and Chosen","floor":23,"turns":4},{"damage":27,"enemies":"Gremlin Leader","floor":27,"turns":4},{"damage":61,"enemies":"Snecko","floor":30,"turns":7},{"damage":20,"enemies":"Snake Plant","floor":31,"turns":5},{"damage":25,"enemies":"Centurion and Healer","floor":32,"turns":4},{"damage":56,"enemies":"downfall:Ironclad","floor":33,"turns":10},{"damage":15,"enemies":"downfall:FleeingMerchant","floor":36,"turns":4},{"damage":31,"enemies":"3 Darklings","floor":38,"turns":3},{"damage":42,"enemies":"R_Hoarder","floor":42,"turns":5},{"damage":70,"enemies":"Nemesis","floor":44,"turns":7},{"damage":13,"enemies":"downfall:FleeingMerchant","floor":46,"turns":4},{"damage":27,"enemies":"Orb Walker","floor":48,"turns":2},{"damage":8,"enemies":"Jaw Worm Horde","floor":49,"turns":1},{"damage":53,"enemies":"downfall:Watcher","floor":50,"turns":4},{"damage":71,"enemies":"downfall:CharBossMerchant","floor":52,"turns":6},{"damage":123,"enemies":"downfall:NeowBoss","floor":55,"turns":12}],"seed_played":"6214551709990989974","potions_obtained":[{"floor":3,"key":"BlessingOfTheForge"},{"floor":9,"key":"LiquidMemories"},{"floor":10,"key":"Fire Potion"},{"floor":28,"key":"Guardian:BlockOnCardUsePotion"},{"floor":28,"key":"LiquidBronze"},{"floor":32,"key":"SkillPotion"},{"floor":33,"key":"BlessingOfTheForge"},{"floor":38,"key":"champ:UltimateStancePotion"},{"floor":48,"key":"Dexterity Potion"}],"is_trial":false,"path_per_floor":["R_BF","E","M","M","?","E","MIM","R","M","E","M","M","M","?","M","B",null,"R","M","E","M","R","M","T","?","R","E","?","?","M","M","M","B",null,"R_BF","$","R","M","R","?","T","E","R","E","?","?","?","M","M","B",null,"E","$","R","B",null],"character_chosen":"THE_CHAMP","items_purchased":["champ:Balance","champ:Encircle","Lantern","champ:IronFortress","Membership Card","Dota2Spire:PhaseBoots","hubris:Spice","SteamSale","champ:FaceSlap","Gambling Chip","hubris:PeanutButter"],"campfire_rested":0,"item_purchase_floors":[36,36,36,36,46,46,46,53,53,53,53],"current_hp_per_floor":[110,120,127,136,131,130,136,156,166,167,168,167,177,250,260,252,280,290,300,307,317,327,337,347,357,367,377,242,237,214,221,231,218,457,467,477,487,479,489,376,386,381,391,371,381,399,517,510,520,526,557,546,556,566,535],"gold":264,"neow_bonus":"ONE_RANDOM_RARE_CARD","is_daily":false,"chose_seed":false,"campfire_upgraded":7,"win_rate":0.0,"timestamp":1608219557,"path_taken":["R_BF","E","M","M","?","E","MIM","R","M","E","M","M","M","?","M","BOSS","R","M","E","M","R","M","T","?","R","E","?","?","M","?","M","BOSS","R_BF","$","R","M","R","?","T","E","R","E","?","?","?","M","M","BOSS","E","$","R","BOSS"],"items_purchased_type":["Card","Card","Relic","Card","Relic","Relic","Relic","Relic","Card","Relic","Relic"],"build_version":"2020-12-13","purchased_purges":1,"victory":true,"max_hp_per_floor":[110,120,130,140,150,160,170,190,200,210,220,230,240,250,260,270,280,290,300,310,320,330,340,350,360,370,380,397,407,417,427,437,447,457,467,477,487,497,507,517,527,531,541,551,561,579,517,527,537,547,557,567,577,587,597],"relic_stats":{"Nunchaku":[5],"counters":[31,155],"Gambling Chip":[0],"obtain_stats":[{"AnarchistCookbook":2,"Lantern":36,"champ:ChampionCrown":0,"Dota2Spire:DrumOfEndurance":6,"downfall:HeartBlessingGreen":18,"DeathBook":10,"Nunchaku":52,"downfall:HeartBlessingBlue":8,"Strawberry":28,"Gambling Chip":53,"Dota2Spire:DivineRapier":44,"GreatHeart":25,"Replay:Wax Seal":5,"KeepersGift":0,"HollowMod:LifeEnderRelic":41,"HowToJump":0,"downfall:HeartBlessingRed":22,"hubris:HollowSoul":17,"Omamori":27,"hubris:Towel":35,"energizedSpire:DeadBattery":34,"SteamSale":53,"Replay:Baseball":42,"vexMod:BarristanHead":20,"hubris:Spice":46,"hubris:PeanutButter":53,"Membership Card":46,"HushsDoor":0,"infinitespire:PuzzleCube":24,"Dota2Spire:PhaseBoots":46},{"AnarchistCookbook":1,"Lantern":22,"champ:ChampionCrown":0,"Dota2Spire:DrumOfEndurance":4,"downfall:HeartBlessingGreen":12,"DeathBook":7,"Nunchaku":30,"downfall:HeartBlessingBlue":5,"Strawberry":17,"Gambling Chip":30,"Dota2Spire:DivineRapier":25,"GreatHeart":16,"Replay:Wax Seal":3,"KeepersGift":0,"HollowMod:LifeEnderRelic":23,"HowToJump":0,"downfall:HeartBlessingRed":15,"hubris:HollowSoul":12,"Omamori":17,"hubris:Towel":21,"energizedSpire:DeadBattery":21,"SteamSale":30,"Replay:Baseball":24,"vexMod:BarristanHead":14,"hubris:Spice":26,"hubris:PeanutButter":30,"Membership Card":26,"HushsDoor":0,"infinitespire:PuzzleCube":16,"Dota2Spire:PhaseBoots":26},{"AnarchistCookbook":3,"Lantern":111,"champ:ChampionCrown":0,"Dota2Spire:DrumOfEndurance":22,"downfall:HeartBlessingGreen":58,"DeathBook":39,"Nunchaku":143,"downfall:HeartBlessingBlue":27,"Strawberry":81,"Gambling Chip":143,"Dota2Spire:DivineRapier":126,"GreatHeart":77,"Replay:Wax Seal":12,"KeepersGift":0,"HollowMod:LifeEnderRelic":114,"HowToJump":0,"downfall:HeartBlessingRed":73,"hubris:HollowSoul":58,"Omamori":81,"hubris:Towel":107,"energizedSpire:DeadBattery":107,"SteamSale":143,"Replay:Baseball":119,"vexMod:BarristanHead":68,"hubris:Spice":130,"hubris:PeanutButter":143,"Membership Card":130,"HushsDoor":0,"infinitespire:PuzzleCube":77,"Dota2Spire:PhaseBoots":130}]},"card_choices":[{"not_picked":[],"picked":"ChaosCard","floor":0},{"not_picked":["champ:AdrenalArmor","champ:MurderStrike","champ:DefensiveStyle"],"picked":"SKIP","floor":2},{"not_picked":["champ:BringItOn","champ:Backstep"],"picked":"champ:FanOfKnives","floor":3},{"not_picked":["champ:GladiatorStyle","champ:BringItOn"],"picked":"champ:Balance","floor":4},{"not_picked":["champ:CrookedStrike","champ:BerserkersShout","champ:Riposte"],"picked":"SKIP","floor":6},{"not_picked":["champ:Lariat","champ:BladeFlurry"],"picked":"champ:SteelEdge","floor":9},{"not_picked":["champ:BerserkersShout","champ:ShieldWall","champ:BladeFlurry"],"picked":"SKIP","floor":10},{"not_picked":["champ:FlashCut","champ:BerserkersShout"],"picked":"champ:AdrenalArmor","floor":11},{"not_picked":["champ:Encircle","champ:ShieldSlam"],"picked":"champ:Aggression","floor":12},{"not_picked":["champ:FanOfKnives","champ:ShieldWall"],"picked":"champ:AdrenalArmor","floor":13},{"not_picked":["champ:TornadoPunch","champ:GladiatorsShout","champ:FightOn"],"picked":"SKIP","floor":15},{"not_picked":["champ:TornadoPunch","champ:PerfectedStrike","champ:BladeFlurry+1"],"picked":"SKIP","floor":19},{"not_picked":["champ:Duel+1","champ:LastStand","champ:CrookedStrike+1"],"picked":"SKIP","floor":20},{"not_picked":["champ:CrookedStrike","champ:BerserkersShout","champ:BladeFlurry"],"picked":"SKIP","floor":21},{"not_picked":["champ:RecklessLeap+1","champ:Riposte","champ:BerserkersShout"],"picked":"SKIP","floor":23},{"not_picked":["champ:ShieldWall","champ:TornadoPunch","champ:RapidStrikes"],"picked":"SKIP","floor":27},{"not_picked":["champ:FocusedBerserking","champ:Haymaker"],"picked":"champ:Lariat","floor":28},{"not_picked":["champ:ShieldSlam","champ:GladiatorStyle"],"picked":"champ:StanceDance","floor":30},{"not_picked":["champ:DefensiveShout","champ:FanOfKnives"],"picked":"champ:Encircle","floor":31},{"not_picked":["champ:Duel","champ:Aggression"],"picked":"champ:FlashCut","floor":32},{"not_picked":["champ:LastStand","champ:HeavySlash"],"picked":"champ:DancingMaster","floor":33},{"not_picked":["champ:DefensiveShout","champ:FlashCut"],"picked":"champ:Aggression","floor":36},{"not_picked":["champ:DeathBlow+1","champ:StanceDance","champ:SkillfulDodge+1"],"picked":"SKIP","floor":38},{"not_picked":["infinitespire:Oblivion","ReplayTheSpireMod:Echoes of Time"],"picked":"infinitespire:UltimateForm","floor":40},{"not_picked":["champ:Haymaker","champ:FanOfKnives+1"],"picked":"champ:StanceDance+1","floor":42},{"not_picked":["champ:Backstep","champ:EnGarde","champ:FocusedBerserking+1"],"picked":"SKIP","floor":44},{"not_picked":["champ:DefensiveShout+1","champ:FanOfKnives+1","champ:BladeFlurry+1"],"picked":"SKIP","floor":46},{"not_picked":["champ:TornadoPunch","champ:FanOfKnives+1"],"picked":"champ:RisingSlash+1","floor":48},{"not_picked":["champ:AdrenalArmor+1","champ:TornadoPunch+1","champ:Backstep"],"picked":"SKIP","floor":49},{"not_picked":["champ:BringItOn+1","champ:RisingSlash"],"picked":"champ:SteelEdge","floor":52}],"player_experience":667144,"relics_obtained":[{"floor":2,"key":"AnarchistCookbook"},{"floor":6,"key":"Dota2Spire:DrumOfEndurance"},{"floor":10,"key":"DeathBook"},{"floor":20,"key":"vexMod:BarristanHead"},{"floor":24,"key":"infinitespire:PuzzleCube"},{"floor":27,"key":"Omamori"},{"floor":28,"key":"Strawberry"},{"floor":41,"key":"HollowMod:LifeEnderRelic"},{"floor":42,"key":"Replay:Baseball"},{"floor":44,"key":"Dota2Spire:DivineRapier"},{"floor":52,"key":"Nunchaku"}],"event_choices":[{"damage_healed":63,"gold_gain":0,"player_choice":"Full Heal","damage_taken":0,"max_hp_gain":0,"max_hp_loss":0,"event_name":"Wheel of Change","floor":14,"gold_loss":0}],"is_beta":false,"boss_relics":[{"not_picked":["Astrolabe","Pandora\u0027s Box"],"picked":"hubris:HollowSoul"},{"not_picked":[]},{"not_picked":["energizedSpire:NeverEndingSparkler","Runic Dome"],"picked":"energizedSpire:DeadBattery"},{"not_picked":[]}],"items_purged_floors":[53],"is_endless":false,"potions_floor_spawned":[3,9,10,13,15,20,30,32,33,38,44,48,49,52],"ascension_level":1}}