{"host":"xenpv6dj5x1yxp66","time":1608212821,"event":{"mods":["AchievementEnabler","Aspiration","BaseMod","Better Altar","Better Sensory Stone","Better Skull","Better Third Choice","BetterRewards","Colored Map","Colored Powertips","Conspire","Downfall","Highlight Path","Hubris","Marisa????????","Minty Spire (QoL Compilation)","Quick Restart","READ ME - Guardian Mod","Replay The Spire","Shade Mod","StSLib","The Animator","The Bug Knight","The Construct","The Cursed","The Disciple","The Necromancer","The Runesmith","The Servant 0.9.4"],"gold_per_floor":[190,208,208,222,233,233,233,262,262,262,276,287,12,26,45,142,142,142,142,142,142,142,160,183,215,52,52,72,83,96,116,134,236,236,161,161,180,212,212,238,310,324,324,350,440,440,142,162,177,177],"floor_reached":51,"playtime":3066,"items_purged":[],"score":849,"play_id":"d3910769-bd5a-4b88-84f9-c62d267e0b99","local_time":"20201217144701","is_ascension_mode":false,"campfire_choices":[{"data":"Slimebound:FinishingTackle","floor":3,"key":"SMITH"},{"data":"Slimebound:Split","floor":6,"key":"SMITH"},{"data":"Slimebound:GoopSpray","floor":9,"key":"SMITH"},{"data":"Slimebound:OozeBath","floor":18,"key":"SMITH"},{"data":"Slimebound:Equalize","floor":20,"key":"SMITH"},{"data":"Slimebound:PrepareCrush","floor":22,"key":"SMITH"},{"data":"Slimebound:Overexert","floor":27,"key":"SMITH"},{"data":"Replay:SS_hec_2","floor":43,"key":"SMITH"}],"circlet_count":0,"master_deck":["Slimebound:Strike_Slimebound","Slimebound:Strike_Slimebound","Slimebound:Strike_Slimebound","Slimebound:Tackle","Slimebound:Defend_Slimebound","Slimebound:Defend_Slimebound","Slimebound:Defend_Slimebound","Slimebound:Defend_Slimebound","Slimebound:Split+1","Slimebound:CorrosiveSpit","Slimebound:PrepareCrush+1","Slimebound:FinishingTackle+1","Slimebound:HauntingLick+1","Slimebound:GoopSpray+1","Slimebound:LeechEnergy+1","Slimebound:Dissolve","Slimebound:SlimeSpikes","Slimebound:Gluttony","Slimebound:GoopTackle","Slimebound:Equalize+1","Slimebound:OozeBath+1","Replay:SS_hec_2+1","Replay:SS_hec_2+1","Slimebound:Recollect","Slimebound:FormOfPuddle","Slimebound:Overexert+1","Slimebound:SamplingLick+1","Slimebound:RollThrough+1","Slimebound:SplitBruiser+1","Slimebound:AcidTongue+1","Slimebound:OozeBath","Slimebound:MassRepurpose","Slimebound:Split","Slimebound:Nibble+1","Slimebound:SplitAcid+1","Slimebound:Gluttony+1","Slimebound:ComboTackle+1","Slimebound:LevelUp+1","Slimebound:ViciousTackle+1","Slimebound:SlimeSpikes+1","Slimebound:SelfFormingGoo","ReplayTheSpireMod:Brewmster","Slimebound:SpikyOuterGoop"],"relics":["Slimebound:AbsorbEndCombat","Letter Opener","Odd Mushroom","hubris:Metronome","aspiration:FutureDiary","Happy Flower","Gambling Chip","Bronze Scales","hubris:TerracottaHorce","downfall:HeartBlessingGreen","Boot","Chameleon Ring","Bottled Flame","conspire:DeflatedDodgeball","Whetstone","StrikeDummy"],"acts_visited":["Exordium","TheCity","TheBeyond"],"potions_floor_usage":[15,16,16,33,33,40,40,50,50,50,50,50,50],"damage_taken":[{"damage":12,"enemies":"conspire:RoseBush","floor":2,"turns":3},{"damage":12,"enemies":"2 Louse","floor":4,"turns":3},{"damage":20,"enemies":"Small Slimes","floor":5,"turns":3},{"damage":19,"enemies":"The Mushroom Lair","floor":8,"turns":3},{"damage":4,"enemies":"2 Fungi Beasts","floor":11,"turns":2},{"damage":42,"enemies":"Gremlin Gang","floor":12,"turns":3},{"damage":22,"enemies":"downfall:FleeingMerchant","floor":13,"turns":4},{"damage":3,"enemies":"Blue Slaver","floor":14,"turns":2},{"damage":4,"enemies":"conspire:2 RoseBushes","floor":15,"turns":3},{"damage":19,"enemies":"downfall:Watcher","floor":16,"turns":5},{"damage":49,"enemies":"Shelled Parasite and Fungi","floor":23,"turns":4},{"damage":11,"enemies":"HollowMod:Nosk","floor":25,"turns":6},{"damage":25,"enemies":"downfall:FleeingMerchant","floor":26,"turns":4},{"damage":15,"enemies":"Centurion and Healer","floor":28,"turns":7},{"damage":0,"enemies":"Chosen and Byrds","floor":29,"turns":1},{"damage":29,"enemies":"Snake Plant","floor":30,"turns":2},{"damage":9,"enemies":"Cultist and Chosen","floor":31,"turns":5},{"damage":31,"enemies":"Shelled Parasite and Fungi","floor":32,"turns":4},{"damage":12,"enemies":"downfall:Defect","floor":33,"turns":6},{"damage":12,"enemies":"3 Darklings","floor":37,"turns":5},{"damage":24,"enemies":"Reptomancer","floor":38,"turns":4},{"damage":32,"enemies":"Giant Head","floor":40,"turns":7},{"damage":16,"enemies":"Orb Walker","floor":42,"turns":3},{"damage":16,"enemies":"Nemesis","floor":44,"turns":6},{"damage":3,"enemies":"downfall:FleeingMerchant","floor":47,"turns":3},{"damage":12,"enemies":"Transient","floor":48,"turns":5},{"damage":14,"enemies":"Sphere and 2 Shapes","floor":49,"turns":3},{"damage":22,"enemies":"downfall:Ironclad","floor":50,"turns":8}],"seed_played":"4024705819314308647","potions_obtained":[{"floor":8,"key":"DuplicationPotion"},{"floor":11,"key":"EssenceOfSteel"},{"floor":14,"key":"Block Potion"},{"floor":15,"key":"Energy Potion"},{"floor":23,"key":"BlessingOfTheForge"},{"floor":28,"key":"champ:CounterPotion"},{"floor":30,"key":"AttackPotion"},{"floor":37,"key":"Fire Potion"},{"floor":38,"key":"Adrenaline Potion"},{"floor":40,"key":"SneckoOil"}],"is_trial":false,"path_per_floor":["R_BF","M","R","M","M","R","T","?","R","?","M","M","$","M","M","B",null,"R","?","R","?","R","M","T","E","$","R","M","M","M","M","M","B",null,"R_BF","?","M","E","?","E","T","M","R","E","?","?","$","M","M","B",null],"character_chosen":"SLIMEBOUND","items_purchased":["hubris:Metronome","Bronze Scales","StrikeDummy","Slimebound:SelfFormingGoo","Fire Potion","ReplayTheSpireMod:Brewmster"],"campfire_rested":0,"item_purchase_floors":[13,26,47,47,47,47],"current_hp_per_floor":[60,56,56,52,48,48,48,49,49,49,53,31,33,34,38,47,60,60,60,60,60,60,35,35,60,56,56,60,60,39,46,35,60,60,60,60,60,44,44,60,60,60,60,60,45,45,46,60,46,60],"gold":177,"neow_bonus":"ONE_RANDOM_RARE_CARD","is_daily":false,"chose_seed":false,"campfire_upgraded":8,"win_rate":0.0,"timestamp":1608212821,"path_taken":["R_BF","M","R","M","M","R","T","?","R","?","M","M","$","M","M","BOSS","R","?","R","?","R","M","T","E","$","R","M","M","M","M","M","BOSS","R_BF","?","?","E","?","E","T","?","R","E","?","?","$","M","M","BOSS"],"items_purchased_type":["Relic","Relic","Relic","Card","Potion","Card"],"build_version":"2020-12-13","purchased_purges":0,"victory":true,"max_hp_per_floor":[60,60,60,60,60,60,60,60,60,60,60,60,60,60,60,60,60,60,60,60,60,60,60,60,60,60,60,60,60,60,60,60,60,60,60,60,60,60,60,60,60,60,60,60,60,60,60,60,60,60],"card_choices":[{"not_picked":["Slimebound:LeechEnergy","Slimebound:LeechingTouch"],"picked":"Slimebound:FinishingTackle","floor":2},{"not_picked":["Slimebound:ProtectTheBoss","Slimebound:AcidTongue"],"picked":"Slimebound:HauntingLick","floor":4},{"not_picked":["Slimebound:Dissolve","Slimebound:SplitAcid"],"picked":"Slimebound:GoopSpray","floor":5},{"not_picked":["Slimebound:Chomp","Slimebound:SplitMire"],"picked":"Slimebound:LeechEnergy","floor":8},{"not_picked":["Slimebound:Repurpose","Slimebound:Chomp"],"picked":"Slimebound:Dissolve","floor":11},{"not_picked":["Slimebound:HungryTackle","Slimebound:BestDefense"],"picked":"Slimebound:SlimeSpikes","floor":12},{"not_picked":["Slimebound:AcidTongue","Slimebound:LeechingTouch"],"picked":"Slimebound:Gluttony","floor":13},{"not_picked":["Slimebound:TongueLash","Slimebound:GoopSpray"],"picked":"Slimebound:GoopTackle","floor":14},{"not_picked":["Slimebound:ViciousTackle","Slimebound:RollThrough"],"picked":"Slimebound:Equalize","floor":15},{"not_picked":["Slimebound:Overexert","Slimebound:MinionMaster"],"picked":"Slimebound:OozeBath","floor":16},{"not_picked":["expansioncontent:ChargeUp","expansioncontent:CaCaw"],"picked":"Replay:SS_hec_2","floor":19},{"not_picked":["Thinking Ahead","Jack Of All Trades"],"picked":"Replay:SS_hec_2","floor":19},{"not_picked":["Slimebound:SplitAcid","Slimebound:SamplingLick"],"picked":"Slimebound:Recollect","floor":23},{"not_picked":["Slimebound:SamplingLick","Slimebound:SplitAcid"],"picked":"Slimebound:FormOfPuddle","floor":25},{"not_picked":["Slimebound:LeadByExample","Slimebound:SamplingLick"],"picked":"Slimebound:Overexert","floor":26},{"not_picked":["Slimebound:GrowthPunch+1","Slimebound:Equalize"],"picked":"Slimebound:SamplingLick+1","floor":28},{"not_picked":["Slimebound:PressTheAttack","Slimebound:Gluttony"],"picked":"Slimebound:RollThrough","floor":29},{"not_picked":["Slimebound:SlimeSpikes","Slimebound:Nibble","Slimebound:Overexert"],"picked":"SKIP","floor":30},{"not_picked":["Slimebound:SplitMire","Slimebound:Equalize+1"],"picked":"Slimebound:SplitBruiser+1","floor":31},{"not_picked":["Slimebound:ViciousTackle","Slimebound:LeadByExample+1"],"picked":"Slimebound:AcidTongue","floor":32},{"not_picked":["Slimebound:RallyTheTroops","Slimebound:SelfFormingGoo"],"picked":"Slimebound:OozeBath","floor":33},{"not_picked":["Slimebound:ProtectTheBoss","Slimebound:GrowthPunch","Slimebound:Chomp"],"picked":"SKIP","floor":37},{"not_picked":["Slimebound:SplitBruiser+1","Slimebound:LeechEnergy"],"picked":"Slimebound:Nibble+1","floor":38},{"not_picked":["Slimebound:RejuvenatingLick","Slimebound:Repurpose"],"picked":"Slimebound:SplitAcid+1","floor":40},{"not_picked":["Slimebound:SplitAcid+1","Slimebound:SplitMire"],"picked":"Slimebound:Gluttony+1","floor":42},{"not_picked":["Slimebound:SlimeSlap","Slimebound:AcidTongue"],"picked":"Slimebound:ComboTackle+1","floor":44},{"not_picked":["Slimebound:PressTheAttack","Slimebound:SlimeBarrage+1"],"picked":"Slimebound:LevelUp+1","floor":45},{"not_picked":["Slimebound:GrowthPunch+1","Slimebound:SplitMire"],"picked":"Slimebound:ViciousTackle+1","floor":45},{"not_picked":["Slimebound:LeadByExample","Slimebound:Overexert"],"picked":"Slimebound:SlimeSpikes+1","floor":47},{"not_picked":["Slimebound:GoopSpray","Slimebound:SamplingLick"],"picked":"Slimebound:SpikyOuterGoop","floor":48},{"not_picked":["Slimebound:BestDefense","Slimebound:SlimeBarrage","Slimebound:Equalize"],"picked":"SKIP","floor":49}],"player_experience":140640,"relics_obtained":[{"floor":7,"key":"Letter Opener"},{"floor":8,"key":"Odd Mushroom"},{"floor":24,"key":"Happy Flower"},{"floor":25,"key":"Gambling Chip"},{"floor":38,"key":"Boot"},{"floor":40,"key":"Chameleon Ring"},{"floor":41,"key":"Bottled Flame"},{"floor":44,"key":"conspire:DeflatedDodgeball"},{"floor":45,"key":"Whetstone"}],"event_choices":[{"damage_healed":0,"gold_gain":0,"player_choice":"Fought Mushrooms","damage_taken":0,"max_hp_gain":0,"max_hp_loss":0,"event_name":"Mushrooms","floor":8,"gold_loss":0},{"damage_healed":0,"gold_gain":2,"player_choice":"1","damage_taken":0,"max_hp_gain":0,"max_hp_loss":0,"event_name":"betterStone:BetterStone","floor":19,"gold_loss":0},{"damage_healed":0,"gold_gain":0,"player_choice":"Forge","damage_taken":0,"max_hp_gain":0,"max_hp_loss":0,"event_name":"Accursed Blacksmith","floor":39,"gold_loss":0,"cards_upgraded":["Slimebound:AcidTongue"]}],"is_beta":false,"boss_relics":[{"not_picked":["Fusion Hammer","aspiration:PoetsPen_weak"],"picked":"aspiration:FutureDiary"},{"not_picked":["Kintsugi","construct:WeddingRing"],"picked":"hubris:TerracottaHorce"}],"items_purged_floors":[],"is_endless":false,"potions_floor_spawned":[8,11,14,15,23,28,30,31,37,38,40],"ascension_level":0}}