{"host":"nj06ypb01n3s9mn8","time":1608192421,"event":{"mods":["2.2 Compatiblity","BaseMod","Colored Map","Downfall","Highlight Path","Marisa????????","Minty Spire (QoL Compilation)","Replay The Spire","StSLib","The Animator","The Necromancer","The Servant 0.9.4","Waifu the Spire"],"gold_per_floor":[117,67,79,90,113,148,148,148,199,228,243,148,189,202,202,304,304,323,352,390,410,423,451,451,484,484,509,509,537,537,566,566,665,665,678,603,655,666,685,714,714,744,797,797,816,829,845,861,861,861,861,861,482,532,587,587,437,88,88,88],"floor_reached":59,"playtime":5987,"items_purged":["animator:Hakurou","animator:Defend_FullmetalAlchemist"],"score":828,"play_id":"02993233-0a25-40d0-9b07-06b5838b906b","local_time":"20201217050701","is_ascension_mode":true,"campfire_choices":[{"floor":7,"key":"REST"},{"floor":15,"key":"REST"},{"floor":24,"key":"REST"},{"floor":28,"key":"REST"},{"floor":32,"key":"REST"},{"floor":41,"key":"RECALL"},{"floor":44,"key":"REST"},{"floor":49,"key":"REST"},{"data":"animator:EmiyaShirou","floor":52,"key":"SMITH"}],"circlet_count":0,"master_deck":["animator:Strike_Overlord+1","animator:Defend_Overlord","animator:Cocytus","animator:Demiurge","animator:Demiurge","animator:PandorasActor","animator:NarberalGamma","animator:Cocytus+1","animator:Strike_GATE","animator:Defend_Katanagatari","animator:Defend_Overlord","animator:Albedo","animator:Sebas","animator:Saber+1","animator:YachiyoNanami","animator:Shalltear","animator:EmiyaShirou+1","animator:Ainz+1","animator:GazelDwargon","animator:Canti+1","animator:Darkness+1","animator:Hans","animator:Evileye","animator:Darkness+1","animator:Entoma","animator:Ainz+1"],"relics":["animator:TheEruzaStone","animator:LivingPicture","animator:TheMissingPiece","animator:AncientMedallion"],"acts_visited":["Exordium","TheCity","TheBeyond","TheEnding","EYB:TheUnnamedReign"],"potions_floor_usage":[10,13,13,13,16,16,21,23,25,33,38,39,45,50,50,55,59],"damage_taken":[{"damage":0,"enemies":"2 Louse","floor":1,"turns":4},{"damage":4,"enemies":"Jaw Worm","floor":3,"turns":4},{"damage":6,"enemies":"Small Slimes","floor":4,"turns":3},{"damage":2,"enemies":"Blue Slaver","floor":5,"turns":4},{"damage":53,"enemies":"Gremlin Nob","floor":6,"turns":6},{"damage":8,"enemies":"Lagavulin","floor":10,"turns":6},{"damage":0,"enemies":"Looter","floor":11,"turns":3},{"damage":0,"enemies":"3 Sentries","floor":13,"turns":4},{"damage":2,"enemies":"2 Fungi Beasts","floor":14,"turns":3},{"damage":6,"enemies":"Hexaghost","floor":16,"turns":9},{"damage":10,"enemies":"Shell Parasite","floor":18,"turns":5},{"damage":0,"enemies":"3 Byrds","floor":19,"turns":1},{"damage":5,"enemies":"3 Cultists","floor":20,"turns":5},{"damage":9,"enemies":"Chosen and Byrds","floor":21,"turns":6},{"damage":21,"enemies":"Snecko","floor":22,"turns":6},{"damage":14,"enemies":"Book of Stabbing","floor":23,"turns":6},{"damage":6,"enemies":"Gremlin Leader","floor":25,"turns":6},{"damage":3,"enemies":"animator:HornedBat","floor":27,"turns":6},{"damage":20,"enemies":"Gremlin Leader","floor":29,"turns":7},{"damage":3,"enemies":"Centurion and Healer","floor":31,"turns":5},{"damage":9,"enemies":"Champ","floor":33,"turns":12},{"damage":0,"enemies":"3 Shapes","floor":35,"turns":4},{"damage":25,"enemies":"2 Orb Walkers","floor":37,"turns":5},{"damage":13,"enemies":"Orb Walker","floor":38,"turns":4},{"damage":5,"enemies":"Jaw Worm Horde","floor":39,"turns":4},{"damage":7,"enemies":"Giant Head","floor":40,"turns":11},{"damage":10,"enemies":"Reptomancer","floor":42,"turns":9},{"damage":5,"enemies":"3 Darklings","floor":45,"turns":4},{"damage":16,"enemies":"Spire Growth","floor":46,"turns":6},{"damage":3,"enemies":"Sphere and 2 Shapes","floor":47,"turns":6},{"damage":6,"enemies":"Transient","floor":48,"turns":5},{"damage":0,"enemies":"Replay:Hell Engine","floor":50,"turns":10},{"damage":2,"enemies":"animator:UNNAMED_HAT","floor":54,"turns":9},{"damage":30,"enemies":"animator:TRIPLE_SHAPES_WEAK","floor":55,"turns":6},{"damage":79,"enemies":"animator:UNNAMED_CULTIST_2","floor":59,"turns":5}],"seed_played":"-1966567567780245876","potions_obtained":[{"floor":1,"key":"Dexterity Potion"},{"floor":4,"key":"Reflective Coating"},{"floor":6,"key":"ColorlessPotion"},{"floor":11,"key":"LiquidBronze"},{"floor":13,"key":"PowerPotion"},{"floor":14,"key":"SteroidPotion"},{"floor":18,"key":"BlessingOfTheForge"},{"floor":19,"key":"champ:CounterPotion"},{"floor":22,"key":"LiquidMemories"},{"floor":29,"key":"SkillPotion"},{"floor":31,"key":"Slimebound:ThreeZeroPotion"},{"floor":35,"key":"Weak Potion"},{"floor":38,"key":"champ:CounterPotion"},{"floor":42,"key":"Adrenaline Potion"},{"floor":48,"key":"champ:CounterPotion"},{"floor":54,"key":"animator:FalseLifePotion"},{"floor":55,"key":"animator:FalseLifePotion"}],"is_trial":false,"path_per_floor":["M","?","M","M","M","E","R","?","T","E","M","?","E","M","R","B",null,"?","?","?","?","?","E","T","E","T","E","T","E","?","?","T","B",null,"?","T","?","?","?","E","T","E","T","T","?","?","?","?","T","B",null,"T","??","M","M","T","?","$","M"],"character_chosen":"THE_ANIMATOR","items_purchased":["animator:AncientMedallion"],"campfire_rested":7,"item_purchase_floors":[58],"current_hp_per_floor":[66,66,62,56,54,2,22,22,22,14,14,14,14,13,33,27,68,58,58,53,44,23,9,29,25,25,22,43,23,23,20,41,33,79,81,81,58,45,42,37,37,29,29,55,52,38,37,33,62,62,94,94,86,84,64,64,64,64,0,0],"gold":88,"neow_bonus":"RANDOM_COMMON_RELIC","is_daily":false,"chose_seed":false,"campfire_upgraded":1,"win_rate":0.0,"timestamp":1608192421,"path_taken":["M","?","M","M","M","E","R","?","T","E","M","?","E","M","R","BOSS","?","?","?","?","?","E","T","E","T","E","T","E","?","?","T","BOSS","?","T","?","?","?","E","T","E","T","T","?","?","?","?","T","BOSS","T","??","M","M","T","?","$","M"],"items_purchased_type":["Relic"],"build_version":"2020-11-29","purchased_purges":2,"victory":false,"max_hp_per_floor":[66,66,66,66,66,67,67,67,67,67,67,67,67,68,68,68,68,68,68,68,68,68,68,68,70,70,70,70,70,70,70,70,71,79,81,81,83,83,85,87,87,89,89,89,91,93,95,97,97,94,94,94,86,86,86,86,86,86,86,86],"card_choices":[{"not_picked":["animator:RinTohsaka","animator:Verdia"],"picked":"animator:Kaijin","floor":1},{"not_picked":["animator:Kazuma","animator:ShinjiMatou","animator:Azekura"],"picked":"SKIP","floor":3},{"not_picked":["animator:YunYun","animator:IrohaTamaki"],"picked":"animator:Demiurge","floor":4},{"not_picked":["animator:Shalltear","animator:Sebas"],"picked":"animator:PandorasActor","floor":5},{"not_picked":["animator:Nanami","animator:Benimaru"],"picked":"animator:NarberalGamma","floor":6},{"not_picked":["animator:Shuna","animator:OrikoMikuni","animator:KyokoSakura"],"picked":"SKIP","floor":10},{"not_picked":["animator:Alexander","animator:Azekura"],"picked":"animator:Cocytus","floor":11},{"not_picked":["animator:Shalltear","animator:Sebas"],"picked":"animator:Albedo","floor":13},{"not_picked":["animator:Millim","animator:Togame"],"picked":"animator:Sebas","floor":14},{"not_picked":["animator:Kyubey","animator:Wiz"],"picked":"animator:Saber","floor":16},{"not_picked":["animator:Shion+1","animator:IrohaTamaki+1","animator:Berserker"],"picked":"SKIP","floor":18},{"not_picked":["animator:SuzuneAmano","animator:Lancer"],"picked":"animator:YachiyoNanami+1","floor":19},{"not_picked":["animator:PandorasActor","animator:Demiurge"],"picked":"animator:Shalltear","floor":20},{"not_picked":["animator:Togame+1","animator:Shalltear","animator:ZankiKiguchi"],"picked":"SKIP","floor":21},{"not_picked":["animator:ZankiKiguchi","animator:YunYun"],"picked":"animator:EmiyaShirou","floor":22},{"not_picked":["animator:NagisaMomoe+1","animator:Cocytus","animator:Mitsurugi"],"picked":"SKIP","floor":23},{"not_picked":["animator:PandorasActor","animator:Cocytus"],"picked":"animator:Ainz","floor":25},{"not_picked":["animator:Togame+1","animator:Illya","animator:Vanir"],"picked":"SKIP","floor":27},{"not_picked":["animator:Shichika","animator:EmiyaShirou"],"picked":"animator:GazelDwargon+1","floor":29},{"not_picked":["animator:Archer","animator:Azekura+1"],"picked":"animator:Darkness","floor":31},{"not_picked":["animator:HigakiRinne","animator:Shizu"],"picked":"animator:Hans","floor":33},{"not_picked":["animator:Cocytus","animator:Ainz"],"picked":"animator:Evileye","floor":35},{"not_picked":["animator:Rider+1","animator:Chris","animator:Benimaru"],"picked":"SKIP","floor":38},{"not_picked":["animator:Illya","animator:Vesta","animator:YuiTsuruno"],"picked":"SKIP","floor":39},{"not_picked":["animator:ShinjiMatou","animator:HigakiRinne","animator:Caster+1"],"picked":"SKIP","floor":40},{"not_picked":["animator:Emonzaemon","animator:Mitsurugi+1","animator:KyokoSakura"],"picked":"SKIP","floor":45},{"not_picked":["animator:Aqua","animator:Illya"],"picked":"animator:Darkness+1","floor":46},{"not_picked":["animator:YuiTsuruno+1","animator:Kaijin","animator:Shichika+1"],"picked":"SKIP","floor":47},{"not_picked":["animator:Demiurge","animator:Cocytus"],"picked":"animator:Entoma","floor":48},{"not_picked":["animator:AcuraShin","animator:SayakaMiki","animator:Archer+1"],"picked":"SKIP","floor":54},{"not_picked":["animator:Berserker","animator:UneriGinkaku","animator:Azekura"],"picked":"SKIP","floor":55},{"not_picked":["animator:Shizu+1","animator:HigakiRinne+1"],"picked":"animator:Ainz+1","floor":57}],"player_experience":69529,"relics_obtained":[{"floor":6,"key":"ReplayTheSpireMod:Shallot"},{"floor":10,"key":"Simple Rune"},{"floor":13,"key":"Red Skull"},{"floor":23,"key":"Ornamental Fan"},{"floor":25,"key":"Calipers"},{"floor":26,"key":"animator:ShionDessert"},{"floor":27,"key":"animator:EngravedStaff"},{"floor":29,"key":"animator:Buoy"},{"floor":37,"key":"Counterbalance"},{"floor":40,"key":"Gremlin Food"},{"floor":42,"key":"Bag of Preparation"},{"floor":43,"key":"Bronze Scales"},{"floor":53,"key":"animator:TheEruzaStone"},{"floor":56,"key":"animator:AncientMedallion"}],"event_choices":[{"cards_removed":["animator:Strike"],"damage_healed":0,"gold_gain":0,"player_choice":"Card Removal","damage_taken":0,"max_hp_gain":0,"max_hp_loss":0,"event_name":"The Cleric","floor":2,"gold_loss":50},{"damage_healed":0,"gold_gain":0,"player_choice":"Ignored","damage_taken":0,"max_hp_gain":0,"max_hp_loss":0,"event_name":"Liars Game","floor":8,"gold_loss":0},{"damage_healed":0,"gold_gain":0,"cards_transformed":["animator:Kaijin","animator:Strike_NoGameNoLife"],"player_choice":"Became Test Subject","damage_taken":0,"max_hp_gain":0,"max_hp_loss":0,"event_name":"Drug Dealer","floor":30,"gold_loss":0,"cards_obtained":["animator:Hakurou","animator:Canti"]},{"damage_healed":0,"gold_gain":0,"player_choice":"Fight","damage_taken":0,"max_hp_gain":0,"max_hp_loss":0,"event_name":"Mysterious Sphere","floor":37,"gold_loss":0}],"is_beta":false,"boss_relics":[{"not_picked":["SacredBark","Empty Cage"],"picked":"Painkiller Herb"},{"not_picked":["Calling Bell","animator:CursedBlade"],"picked":"animator:HolyGrailRelic"}],"items_purged_floors":[36,58],"is_endless":false,"potions_floor_spawned":[1,4,6,11,13,14,18,19,22,29,31,35,38,42,48,55],"killed_by":"animator:UNNAMED_CULTIST_2","ascension_level":2}}