{"host":"nukjzc0ca34w6eem","time":1608194971,"event":{"mods":["2.2 Compatiblity","AchievementEnabler","BaseMod","Colored Powertips","Downfall","Minty Spire (QoL Compilation)","StSLib"],"gold_per_floor":[99,99,124,124,124,153,153,153,153],"floor_reached":8,"playtime":372,"items_purged":[],"score":98,"play_id":"c4d9fcee-dbd3-4259-992c-f56cb22d22d3","local_time":"20201217004931","is_ascension_mode":true,"campfire_choices":[{"data":"hexamod:Float","floor":1,"key":"SMITH"}],"circlet_count":0,"master_deck":["hexamod:Strike","hexamod:Strike","hexamod:Strike","hexamod:Strike","hexamod:Defend","hexamod:Defend","hexamod:Defend","hexamod:Defend","hexamod:Sear","hexamod:Float+1","hexamod:ThirdSeal","hexamod:HauntingEcho","hexamod:ThirdSeal","hexamod:FourthSeal","hexamod:AdvancingGuard","hexamod:VolcanoVisage","hexamod:ChargedBarrage"],"relics":["hexamod:SpiritBrand","downfall:HeartsMalice","Akabeko","Juzu Bracelet","Bottled Tornado"],"acts_visited":["Exordium"],"potions_floor_usage":[],"damage_taken":[{"damage":0,"enemies":"Cultist","floor":2,"turns":1},{"damage":0,"enemies":"Lagavulin","floor":3,"turns":1},{"damage":0,"enemies":"Jaw Worm","floor":4,"turns":1},{"damage":33,"enemies":"3 Sentries","floor":6,"turns":8},{"damage":28,"enemies":"Gremlin Nob","floor":8,"turns":5}],"seed_played":"7138810728912518497","potions_obtained":[{"floor":3,"key":"FearPotion"},{"floor":6,"key":"Strength Potion"}],"is_trial":false,"path_per_floor":["R","M","E","M","?","E","T","E"],"character_chosen":"THE_SPIRIT","items_purchased":[],"campfire_rested":0,"item_purchase_floors":[],"current_hp_per_floor":[70,70,70,70,70,37,37,9,9],"gold":153,"neow_bonus":"THREE_ENEMY_KILL","is_daily":false,"chose_seed":false,"campfire_upgraded":1,"win_rate":0.0,"timestamp":1608194971,"path_taken":["R","M","E","?","?","E","T","E"],"items_purchased_type":[],"build_version":"2020-12-13","purchased_purges":0,"victory":false,"max_hp_per_floor":[70,70,70,70,70,70,70,70,70],"card_choices":[{"not_picked":["hexamod:NightmareStrike","hexamod:EmpoweredFlame"],"picked":"hexamod:ThirdSeal","floor":2},{"not_picked":["hexamod:GhostOfSpirePast","hexamod:PhantomCloak"],"picked":"hexamod:HauntingEcho","floor":3},{"not_picked":["hexamod:InspiringFlames","hexamod:NightmareStrike"],"picked":"hexamod:ThirdSeal","floor":4},{"not_picked":["hexamod:RetreatToShadows","hexamod:ThermalTransfer"],"picked":"hexamod:AdvancingGuard","floor":6},{"not_picked":["hexamod:PhantomCloak","hexamod:Haunt"],"picked":"hexamod:VolcanoVisage","floor":6},{"not_picked":["hexamod:InspiringFlames","hexamod:ApocalypseNow"],"picked":"hexamod:ChargedBarrage","floor":6}],"player_experience":429531,"relics_obtained":[{"floor":3,"key":"Akabeko"},{"floor":6,"key":"Juzu Bracelet"},{"floor":7,"key":"Bottled Tornado"}],"event_choices":[],"is_beta":false,"boss_relics":[],"items_purged_floors":[],"is_endless":false,"potions_floor_spawned":[3],"killed_by":"Gremlin Nob","ascension_level":3}}