{"host":"o5jvvi5yapo90aia","time":1608197485,"event":{"mods":["BaseMod","CapriCore","Minty Spire (QoL Compilation)","MostiFishMod","Prisma Mod","Spicy Shops","StSLib","TestMod","The Immortal","【东方二次创作】八云紫mod","【人物mod】游戏王New YuGiOh mod","【功能Mod】Neow奖励"],"gold_per_floor":[124,524,554,588,618,668,693,737,737,737,737,778,811,840,840,932,932,964,998,1008,1040,792,832,832,881,906,931,931,972,972,1102,1102,1192,1192,1221,564,564,564,596,644,644,594,594,644,676,702,702,748,748,771,795,795,795,98,147,180],"floor_reached":57,"playtime":1910,"items_purged":["Strike_R","Bash","Defend_R","Defend_R","Defend_R"],"score":3819,"play_id":"21fcfdc6-9cff-43bc-a7ec-7579444ebeaf","local_time":"20201217173125","is_ascension_mode":true,"campfire_choices":[{"data":"Strike_R","floor":10.0,"key":"PURGE"},{"data":"Strike_R","floor":15.0,"key":"PURGE"},{"data":"Strike_R","floor":28,"key":"PURGE"},{"data":"Body Slam","floor":30,"key":"SMITH"},{"data":"Strike_R","floor":32,"key":"PURGE"},{"floor":41,"key":"RECALL"},{"data":"MostiFishMod:DeathFromBelow","floor":49,"key":"PURGE"},{"data":"Flash of Steel","floor":53,"key":"PURGE"}],"circlet_count":0,"master_deck":["AscendersBane","Defend_R","Body Slam+1","PrismaMod:IllyaInstallAlterEgo","testmod-TaurusBlackCat","Feel No Pain","Echo Form","Hologram+1","MostiFishMod:BrokenBlackCloak","Apotheosis+1","Entrench","Backflip","Finesse"],"relics":["testmod-TestBox","Sozu","BionicSphere","testmod-NegativeEmotionEnhancer","Question Card","PrismaticShard","Smiling Mask","Darkstone Periapt","Red Skull","ImportantClient","TimeKeys","testmod-Register","StrikeDummy","Kunai","Lantern","FossilizedHelix","Gambling Chip","Mercury Hourglass","GuanYuAspect","Happy Flower","ClockworkSouvenir","Bronze Scales","Juzu Bracelet","White Beast Statue","Calipers","testmod-Acrobat","Membership Card","Bottled Lightning","Letter Opener","Anchor","testmod-IndustrialRevolution","Sling","Art of War"],"acts_visited":["Exordium","TheCity","TheBeyond","TheEnding"],"potions_floor_usage":[],"damage_taken":[{"damage":0.0,"enemies":"Small Slimes","floor":1.0,"turns":3.0},{"damage":0.0,"enemies":"2 Louse","floor":3.0,"turns":2.0},{"damage":0.0,"enemies":"Cultist","floor":4.0,"turns":2.0},{"damage":0.0,"enemies":"Looter","floor":5.0,"turns":1.0},{"damage":0.0,"enemies":"Lagavulin","floor":6.0,"turns":3.0},{"damage":0.0,"enemies":"2 Fungi Beasts","floor":7.0,"turns":2.0},{"damage":5.0,"enemies":"3 Sentries","floor":8.0,"turns":5.0},{"damage":0.0,"enemies":"Lagavulin","floor":12.0,"turns":2.0},{"damage":0.0,"enemies":"Blue Slaver","floor":13.0,"turns":1.0},{"damage":0.0,"enemies":"Lots of Slimes","floor":14.0,"turns":4.0},{"damage":0.0,"enemies":"The Guardian","floor":16.0,"turns":3.0},{"damage":0.0,"enemies":"3 Byrds","floor":18.0,"turns":4.0},{"damage":0.0,"enemies":"Spheric Guardian","floor":19.0,"turns":3.0},{"damage":7,"enemies":"Snake Plant","floor":20,"turns":5},{"damage":0,"enemies":"3 Cultists","floor":21,"turns":3},{"damage":0,"enemies":"Book of Stabbing","floor":23,"turns":3},{"damage":6,"enemies":"Slavers","floor":25,"turns":4},{"damage":0,"enemies":"Chosen and Byrds","floor":27,"turns":3},{"damage":0,"enemies":"Book of Stabbing","floor":29,"turns":2},{"damage":0,"enemies":"Colosseum Slavers","floor":31,"turns":3},{"damage":0,"enemies":"Colosseum Nobs","floor":31,"turns":4},{"damage":0,"enemies":"Collector","floor":33,"turns":4},{"damage":0,"enemies":"3 Shapes","floor":35,"turns":3},{"damage":0,"enemies":"3 Darklings","floor":39,"turns":4},{"damage":0,"enemies":"Reptomancer","floor":40,"turns":2},{"damage":0,"enemies":"Giant Head","floor":44,"turns":3},{"damage":0,"enemies":"Sphere and 2 Shapes","floor":45,"turns":3},{"damage":0,"enemies":"Spire Growth","floor":46,"turns":3},{"damage":0,"enemies":"Nemesis","floor":48,"turns":3},{"damage":0,"enemies":"Time Eater","floor":50,"turns":5},{"damage":0,"enemies":"Awakened One","floor":51,"turns":4},{"damage":0,"enemies":"Shield and Spear","floor":55,"turns":2},{"damage":0,"enemies":"The Heart","floor":56,"turns":8}],"seed_played":"-6578055602524087544","potions_obtained":[],"is_trial":false,"path_per_floor":["M","?","M","M","M","E","M","E","T","R","?","E","M","M","R","B",null,"M","M","M","M","$","E","?","E","T","M","R","E","R","?","R","B",null,"M","$","?","?","M","E","R","$","T","E","M","M","?","E","R","B","B",null,"R","$","E","B",null],"character_chosen":"IRONCLAD","items_purchased":["Feel No Pain","testmod-Register","Apotheosis","Entrench","Happy Flower","ClockworkSouvenir","Bronze Scales","Membership Card","Bottled Lightning","Letter Opener","Anchor","testmod-IndustrialRevolution","Sling","Finesse"],"campfire_rested":0,"item_purchase_floors":[22,22,36,36,36,36,36,54,54,54,54,54,54,54],"current_hp_per_floor":[75,75,77,78,79,80,81,78,78,78,78,83,84,85,85,86,86,87,88,83,90,90,91,91,89,89,93,93,94,94,96,96,97,49,50,50,40,40,51,52,52,52,52,53,54,55,55,56,56,57,58,58,58,58,59,60],"gold":180,"neow_bonus":"BOSS_RELIC","is_daily":false,"chose_seed":false,"campfire_upgraded":1,"win_rate":0.0,"timestamp":1608197485,"path_taken":["M","?","M","M","M","E","M","E","T","R","?","E","M","?","R","BOSS","M","M","M","M","$","E","?","E","T","M","R","E","R","?","R","BOSS","M","$","?","?","M","E","R","$","T","E","M","M","?","E","R","BOSS","BOSS","R","$","E","BOSS"],"items_purchased_type":["Card","Relic","Card","Card","Relic","Relic","Relic","Relic","Relic","Relic","Relic","Relic","Relic","Card"],"build_version":"2020-12-13","purchased_purges":5,"victory":true,"max_hp_per_floor":[76,76,77,78,79,80,81,82,82,82,82,83,84,85,85,86,86,87,88,89,90,90,91,91,92,92,93,93,94,94,96,96,97,49,50,50,50,50,51,52,52,52,52,53,54,55,55,56,56,57,58,58,58,58,59,60],"card_choices":[{"not_picked":["Sword Boomerang","Warcry","Cleave"],"picked":"SKIP","floor":1.0},{"not_picked":["MokouMod:Overheat","Body Slam","Reinforced Body"],"picked":"Tantrum","floor":3.0},{"not_picked":["DemoHunter","Twin Strike","MokouMod:TemporalFireSeal","PrismaMod:IllyaFriendMaker"],"picked":"SKIP","floor":4.0},{"not_picked":["Power Through","PrismaMod:IllyaBerserCAR","DownHell"],"picked":"Body Slam","floor":5.0},{"not_picked":["ManaRailgun","MokouMod:Stoke","Flex"],"picked":"PrismaMod:IllyaInstallAlterEgo","floor":6.0},{"not_picked":["Dagger Spray","FTL","MonsterNeedle_purple","Trip"],"picked":"SKIP","floor":7.0},{"not_picked":["AntiMana","Leap","Fire Breathing","PrismaMod:IllyaGun"],"picked":"SKIP","floor":8.0},{"not_picked":["PrismaMod:IllyaStunPoison","MokouMod:ThermalPressure","Warcry","True Grit"],"picked":"SKIP","floor":12.0},{"not_picked":["PrismaMod:ChloeDoubleRelicSpeed","TrapMaster","PrismaMod:MiyuUncommonAttack"],"picked":"Flash of Steel","floor":13.0},{"not_picked":["Ghostly Armor","PrismaMod:MiyuCheapChannelAttack","DemoGhost","PrismaMod:IllyaPoisonTippedWeapons"],"picked":"SKIP","floor":14.0},{"not_picked":["Devotion","Ragnarok","GluttonyofRealm_purpleEX"],"picked":"testmod-TaurusBlackCat","floor":16.0},{"not_picked":["GatherUp","testmod-Collector","PrismaMod:MiyuCommonAOEAttack","True Grit+1"],"picked":"SKIP","floor":18.0},{"not_picked":["Expertise","CommonSense_AntiCommonSense_purple","PrismaMod:ChloeCheapAttack","DownHell"],"picked":"SKIP","floor":19.0},{"not_picked":["PrismaMod:IllyaPartialInstallAssassin","StateDuplicate_purple","Blood for Blood+1","RuleDissolution_purple"],"picked":"SKIP","floor":20},{"not_picked":["Auto Shields","Evaluate","MostiFishMod:Tomorrow","PrismaMod:MiyuEvokeCheapDefend"],"picked":"SKIP","floor":21},{"not_picked":["Headbutt","PrismaMod:MiyuEvokeBuffDex","Blind"],"picked":"Echo Form","floor":23},{"not_picked":["Stack","PrismaMod:ChloeCommonAOEAttack","True Grit"],"picked":"Hologram+1","floor":24},{"not_picked":["Calculated Gamble","MonsterNeedle_purple","Inflame"],"picked":"MostiFishMod:BrokenBlackCloak","floor":25},{"not_picked":["PrismaMod:ChloeCheapAttackTwo","Impatience+1","SideExchange","Line_surface_state_purple"],"picked":"SKIP","floor":27},{"not_picked":["AnotherSide","PrismaMod:ChloeMaid+1","Mirror_FormAndEmptin_purple","Hello World"],"picked":"SKIP","floor":29},{"not_picked":["MostiFishMod:FireWorks","Demon Form","testmod-PowerStrike"],"picked":"MostiFishMod:DeathFromBelow","floor":33},{"not_picked":["PrismaMod:MiyuAttackChannelAttack","DownHell","Coolheaded","WhiteGuide"],"picked":"SKIP","floor":35},{"not_picked":["Bait_HighSpeedFlying_purple","Dark Shackles","PrismaMod:IllyaCheapChannelPoison+1","MokouMod:Sear"],"picked":"SKIP","floor":39},{"not_picked":["PrismaMod:ChloeCheapAttack","MostiFishMod:404NotFound","PrismaMod:IllyaPoisonTippedWeapons"],"picked":"Backflip","floor":40},{"not_picked":["MagicAmplify","DemoHunter+1","testmod-TreasureHunter","Line_surface_state_purple+1"],"picked":"SKIP","floor":44},{"not_picked":["LikeWater+1","testmod-PerfectCombo+1","Deadly Poison","Reflex"],"picked":"SKIP","floor":45},{"not_picked":["Pummel","Trip","MokouMod:CrimsonFlare+1","Poisoned Stab"],"picked":"SKIP","floor":46},{"not_picked":["MokouMod:Fireball","Anger","Underhanded Strike","PrismaMod:MiyuCheapChannelHeal"],"picked":"SKIP","floor":48},{"not_picked":["Skewer","MokouMod:FlareStarter+1","TrapMaster+1","Deadly Poison"],"picked":"SKIP","floor":55}],"player_experience":1310168,"relics_obtained":[{"floor":1.0,"key":"Question Card"},{"floor":1.0,"key":"PrismaticShard"},{"floor":6.0,"key":"Smiling Mask"},{"floor":8.0,"key":"Darkstone Periapt"},{"floor":12.0,"key":"Red Skull"},{"floor":16.0,"key":"ImportantClient"},{"floor":23,"key":"StrikeDummy"},{"floor":25,"key":"Kunai"},{"floor":26,"key":"Lantern"},{"floor":29,"key":"FossilizedHelix"},{"floor":31,"key":"Gambling Chip"},{"floor":31,"key":"Mercury Hourglass"},{"floor":40,"key":"Juzu Bracelet"},{"floor":43,"key":"White Beast Statue"},{"floor":44,"key":"Calipers"},{"floor":48,"key":"testmod-Acrobat"},{"floor":55,"key":"Art of War"}],"event_choices":[{"damage_healed":0.0,"max_hp_gain":0.0,"max_hp_loss":0.0,"gold_gain":400.0,"event_name":"恩洛斯的盘子","player_choice":"Sell","floor":2.0,"relics_lost":["DaveBox"],"gold_loss":0.0,"damage_taken":0.0},{"damage_healed":0.0,"max_hp_gain":0.0,"max_hp_loss":0.0,"gold_gain":0.0,"event_name":"Lab","player_choice":"Got Potions","floor":11.0,"gold_loss":0.0,"damage_taken":0.0},{"damage_healed":0,"gold_gain":0,"player_choice":"Swap Relic","damage_taken":0,"relics_obtained":["Orrery"],"max_hp_gain":0,"max_hp_loss":0,"event_name":"给自己的盒子","floor":24,"relics_lost":["Orrery"],"gold_loss":0},{"damage_healed":0,"gold_gain":0,"player_choice":"Fight","damage_taken":0,"max_hp_gain":0,"max_hp_loss":0,"event_name":"Colosseum","floor":31,"gold_loss":0},{"damage_healed":0,"gold_gain":0,"player_choice":"Fought Nobs","damage_taken":0,"max_hp_gain":0,"max_hp_loss":0,"event_name":"Colosseum","floor":31,"gold_loss":0},{"damage_healed":0,"gold_gain":0,"player_choice":"Memory 3","damage_taken":10,"max_hp_gain":0,"max_hp_loss":0,"event_name":"SensoryStone","floor":37,"gold_loss":0},{"damage_healed":0,"gold_gain":0,"player_choice":"Upgraded","damage_taken":0,"max_hp_gain":0,"max_hp_loss":0,"event_name":"Upgrade Shrine","floor":38,"gold_loss":0,"cards_upgraded":["Apotheosis"]},{"cards_removed":["Tantrum"],"damage_healed":0,"gold_gain":0,"player_choice":"Removed Attack","damage_taken":0,"max_hp_gain":0,"max_hp_loss":0,"event_name":"Falling","floor":47,"gold_loss":0}],"is_beta":false,"boss_relics":[{"not_picked":["testmod-StringDisintegrator","BirthdayGift-Tetrahedron"],"picked":"TimeKeys"},{"not_picked":["BloodWine","MoonlightInvasionPlan"],"picked":"GuanYuAspect"}],"items_purged_floors":[22,36,42,54,54],"is_endless":false,"potions_floor_spawned":[4,5,8,13,14,19,23,25,29,33,39,44,45,46,48,55],"ascension_level":20}}