{"host":"6xsbn6ynqlzwllfm","time":1608223734,"event":{"mods":["2.2 Compatiblity","BaseMod","Bestiary","Colored Map","Colored Powertips","Curses Come First","Downfall","Highlight Path","Keyboard Shortcuts","Minty Spire (QoL Compilation)","Quick Restart","Relic Stats","Slay the Relics Exporter","StSLib","SuperFastMode"],"gold_per_floor":[114,124,124,137,137,137,167,167,167,187,204,204,220,248,248,325,325,338,263,263,275,162,162,15,45,68,95,95,112,132,132,132,207,207,225,225,54,65,75,75,86,86,86,86,120,120,140,152,152,152],"floor_reached":51,"playtime":2173,"items_purged":["Guardian:Defend_Guardian","Guardian:CurlUp"],"score":1243,"play_id":"5483da59-1b8a-4bac-bc42-29e12535ec23","local_time":"20201217114854","is_ascension_mode":true,"campfire_choices":[{"floor":6.0,"key":"REST"},{"data":"Guardian:Strike_Guardian","floor":8.0,"key":"PURGE"},{"data":"Guardian:Defend_Guardian","floor":12.0,"key":"PURGE"},{"data":"Guardian:Strike_Guardian","floor":15.0,"key":"PURGE"},{"data":"Guardian:Strike_Guardian+1","floor":23.0,"key":"PURGE"},{"data":"Shame","floor":28.0,"key":"PURGE"},{"floor":32.0,"key":"REST"},{"floor":40,"key":"REST"},{"data":"Guardian:Defend_Guardian+1","floor":42,"key":"PURGE"},{"floor":44,"key":"REST"},{"data":"Guardian:FierceBash","floor":46,"key":"PURGE"},{"floor":49,"key":"REST"}],"circlet_count":0,"master_deck":["AscendersBane","Guardian:TwinSlam+1","Guardian:SpikerProtocol","Guardian:PolyBeam","Guardian:ArmoredProtocol","Guardian:PiercingHide","Guardian:FloatingOrbs+1","Guardian:FloatingOrbs+1","Guardian:Harden","Guardian:Incinerate","Guardian:MultiBeam","Guardian:Recover+1","Guardian:ShieldSpikes+1","Guardian:BronzeArmor","Guardian:StasisField","Guardian:Orbwalk+1","Guardian:StasisField","Guardian:EvasiveProtocol+1","Guardian:StasisEngine+1","Guardian:PrimingBeam+1"],"relics":["Fusion Hammer","Peace Pipe","Frozen Egg 2","Nunchaku","Cursed Key","ClockworkSouvenir","Blue Candle","War Paint","Molten Egg 2","SacredBark","Bag of Marbles","Ancient Tea Set"],"acts_visited":["Exordium","TheCity","TheBeyond"],"potions_floor_usage":[45,50],"damage_taken":[{"damage":2.0,"enemies":"Small Slimes","floor":1.0,"turns":4.0},{"damage":2.0,"enemies":"Jaw Worm","floor":2.0,"turns":4.0},{"damage":3.0,"enemies":"2 Louse","floor":4.0,"turns":3.0},{"damage":19.0,"enemies":"Gremlin Nob","floor":7.0,"turns":4.0},{"damage":0.0,"enemies":"Blue Slaver","floor":10.0,"turns":3.0},{"damage":0.0,"enemies":"2 Fungi Beasts","floor":11.0,"turns":3.0},{"damage":0.0,"enemies":"Red Slaver","floor":13.0,"turns":3.0},{"damage":5.0,"enemies":"3 Sentries","floor":14.0,"turns":6.0},{"damage":25.0,"enemies":"The Guardian","floor":16.0,"turns":9.0},{"damage":7.0,"enemies":"Shell Parasite","floor":18.0,"turns":5.0},{"damage":8.0,"enemies":"Chosen","floor":21.0,"turns":4.0},{"damage":8.0,"enemies":"Book of Stabbing","floor":25.0,"turns":5.0},{"damage":4.0,"enemies":"Gremlin Leader","floor":27.0,"turns":7.0},{"damage":0.0,"enemies":"Snecko","floor":29.0,"turns":4.0},{"damage":0.0,"enemies":"3 Cultists","floor":30.0,"turns":3.0},{"damage":30.0,"enemies":"Champ","floor":33.0,"turns":10.0},{"damage":0,"enemies":"Orb Walker","floor":35,"turns":4},{"damage":20,"enemies":"3 Darklings","floor":38,"turns":5},{"damage":28,"enemies":"Jaw Worm Horde","floor":39,"turns":6},{"damage":0,"enemies":"Writhing Mass","floor":41,"turns":7},{"damage":0,"enemies":"Giant Head","floor":45,"turns":8},{"damage":0,"enemies":"Spire Growth","floor":47,"turns":5},{"damage":20,"enemies":"4 Shapes","floor":48,"turns":6},{"damage":33,"enemies":"Time Eater","floor":50,"turns":8}],"seed_played":"1165648473001853586","potions_obtained":[{"floor":2.0,"key":"Guardian:AcceleratePotion"},{"floor":7.0,"key":"BlessingOfTheForge"},{"floor":10.0,"key":"Fire Potion"},{"floor":16.0,"key":"Regen Potion"},{"floor":27.0,"key":"SmokeBomb"},{"floor":35,"key":"Regen Potion"},{"floor":38,"key":"Dexterity Potion"},{"floor":45,"key":"DistilledChaos"}],"is_trial":false,"path_per_floor":["M","M","?","M","?","R","E","R","T","M","M","R","M","E","R","B",null,"M","?","?","M","$","R","$","E","T","E","R","M","M","?","R","B",null,"M","?","$","M","M","R","M","R","T","R","E","R","M","M","R","B",null],"character_chosen":"GUARDIAN","items_purchased":["Guardian:ShieldSpikes","ClockworkSouvenir","Guardian:EvasiveProtocol+1"],"campfire_rested":5,"item_purchase_floors":[22,24,37],"current_hp_per_floor":[63,61,54,51,37,58,39,39,39,39,39,39,39,34,34,9,56,49,49,49,41,41,41,41,47,47,43,43,43,43,30,53,23,64,64,64,64,44,16,39,39,39,39,62,62,62,62,42,65,32],"gold":152,"neow_bonus":"BOSS_RELIC","is_daily":false,"chose_seed":false,"campfire_upgraded":0,"win_rate":0.0,"timestamp":1608223734,"path_taken":["M","M","?","M","?","R","E","R","T","M","M","R","M","E","R","BOSS","M","?","?","M","$","R","$","E","T","E","R","M","M","?","R","BOSS","M","?","$","?","M","R","M","R","T","R","E","R","?","?","R","BOSS"],"items_purchased_type":["Card","Relic","Card"],"build_version":"2020-12-13","purchased_purges":2,"victory":true,"max_hp_per_floor":[72,72,72,72,72,72,72,72,72,72,72,72,72,72,72,72,72,72,72,72,72,72,72,72,72,72,72,72,72,72,77,77,77,77,77,77,77,77,77,77,77,77,77,77,77,77,77,77,77,77],"relic_stats":{"Peace Pipe":9,"Nunchaku":[25],"counters":[24,126],"Blue Candle":[1],"War Paint":["Guardian:ShieldSpikes","Guardian:Defend_Guardian"],"Cursed Key":1,"obtain_stats":[{"Blue Candle":25,"SacredBark":34,"Guardian:ModeShifter":0,"Frozen Egg 2":9,"War Paint":26,"Cursed Key":17,"Ancient Tea Set":45,"ClockworkSouvenir":24,"Peace Pipe":7,"Nunchaku":14,"Molten Egg 2":27,"Fusion Hammer":0,"Bag of Marbles":36},{"Blue Candle":12,"SacredBark":16,"Guardian:ModeShifter":0,"Frozen Egg 2":4,"War Paint":12,"Cursed Key":9,"Ancient Tea Set":21,"ClockworkSouvenir":11,"Peace Pipe":4,"Nunchaku":8,"Molten Egg 2":13,"Fusion Hammer":0,"Bag of Marbles":17},{"Blue Candle":53,"SacredBark":77,"Guardian:ModeShifter":0,"Frozen Egg 2":15,"War Paint":53,"Cursed Key":39,"Ancient Tea Set":107,"ClockworkSouvenir":48,"Peace Pipe":15,"Nunchaku":30,"Molten Egg 2":60,"Fusion Hammer":0,"Bag of Marbles":81}]},"card_choices":[{"not_picked":["Guardian:Gem_Lightblue","Guardian:PrimingBeam"],"picked":"Guardian:SpikerProtocol","floor":1.0},{"not_picked":["Guardian:Suspension","Guardian:PolyBeam"],"picked":"Guardian:Gem_Red","floor":2.0},{"not_picked":["Guardian:Planning","Guardian:ChargeCore"],"picked":"Guardian:PolyBeam","floor":4.0},{"not_picked":["Guardian:PrismaticBeam","Guardian:Gem_Fragmented"],"picked":"Guardian:ArmoredProtocol","floor":7.0},{"not_picked":["Guardian:Incinerate","Guardian:TemporalShield"],"picked":"Guardian:PiercingHide","floor":10.0},{"not_picked":["Guardian:BronzeOrb","Guardian:Recover"],"picked":"Guardian:FloatingOrbs+1","floor":11.0},{"not_picked":["Guardian:CrystalBeam","Guardian:TemporalShield"],"picked":"Guardian:FloatingOrbs+1","floor":13.0},{"not_picked":["Guardian:ChargeUp","Guardian:Repulse+1"],"picked":"Guardian:Harden","floor":14.0},{"not_picked":["Guardian:ExploitGems","Guardian:Gem_Orange"],"picked":"Guardian:FierceBash","floor":16.0},{"not_picked":["Guardian:PiercingHide","Guardian:SentryBeam"],"picked":"Guardian:Incinerate","floor":18.0},{"not_picked":["Guardian:FuturePlans+1","Guardian:ChargeUp"],"picked":"Guardian:Recover+1","floor":21.0},{"not_picked":["Guardian:TemporalStrike","Guardian:Suspension","Guardian:Gem_Lightblue"],"picked":"SKIP","floor":25.0},{"not_picked":["Guardian:Gem_Fragmented","Guardian:Planning"],"picked":"Guardian:BronzeArmor","floor":27.0},{"not_picked":["Guardian:PiercingHide","Guardian:ArmoredProtocol+1"],"picked":"Guardian:StasisField","floor":29.0},{"not_picked":["Guardian:Emergency","Guardian:TemporalShield"],"picked":"Guardian:Orbwalk+1","floor":30.0},{"not_picked":["Guardian:TimeSifter+1","Guardian:CompilePackage"],"picked":"Guardian:StasisField","floor":33.0},{"not_picked":["Guardian:WalkerClaw+1","Guardian:Incinerate+1","Guardian:PiercingHide"],"picked":"SKIP","floor":35},{"not_picked":["Guardian:ShieldCharger","Guardian:WalkerClaw+1"],"picked":"Guardian:Gem_Cyan","floor":38},{"not_picked":["Guardian:ChargeCore+1","Guardian:Preprogram"],"picked":"Guardian:StasisEngine+1","floor":39},{"not_picked":["Guardian:Suspension","Guardian:RefractedBeam+1"],"picked":"Guardian:Gem_Green","floor":41},{"not_picked":["Guardian:Emergency","Guardian:Gem_Red"],"picked":"Guardian:PrimingBeam+1","floor":45},{"not_picked":["Guardian:PrismaticBarrier+1","Guardian:Recover+1"],"picked":"Guardian:Gem_Cyan","floor":47},{"not_picked":["Guardian:Gem_Lightblue","Guardian:WalkerClaw+1"],"picked":"Guardian:Gem_Green","floor":48}],"player_experience":1245874,"relics_obtained":[{"floor":7.0,"key":"Peace Pipe"},{"floor":9.0,"key":"Frozen Egg 2"},{"floor":14.0,"key":"Nunchaku"},{"floor":25.0,"key":"Blue Candle"},{"floor":26.0,"key":"War Paint"},{"floor":27.0,"key":"Molten Egg 2"},{"floor":45,"key":"Ancient Tea Set"}],"event_choices":[{"cards_removed":["Guardian:Strike_Guardian"],"damage_healed":0.0,"max_hp_gain":0.0,"max_hp_loss":0.0,"gold_gain":0.0,"event_name":"Golden Wing","player_choice":"Card Removal","floor":3.0,"gold_loss":0.0,"damage_taken":7.0},{"damage_healed":0.0,"max_hp_gain":0.0,"max_hp_loss":0.0,"gold_gain":0.0,"event_name":"Shining Light","player_choice":"Entered Light","floor":5.0,"gold_loss":0.0,"damage_taken":14.0,"cards_upgraded":["Guardian:Strike_Guardian","Guardian:TwinSlam"]},{"cards_removed":["Guardian:Defend_Guardian"],"damage_healed":0.0,"max_hp_gain":0.0,"max_hp_loss":0.0,"gold_gain":0.0,"event_name":"Beggar","player_choice":"Gave Gold","floor":19.0,"gold_loss":75.0,"damage_taken":0.0},{"damage_healed":0.0,"max_hp_gain":0.0,"max_hp_loss":0.0,"gold_gain":0.0,"event_name":"The Library","player_choice":"Read","floor":20.0,"gold_loss":0.0,"damage_taken":0.0,"cards_obtained":["Guardian:MultiBeam"]},{"damage_healed":0.0,"max_hp_gain":5.0,"max_hp_loss":0.0,"gold_gain":0.0,"event_name":"Forgotten Altar","player_choice":"Shed Blood","floor":31.0,"gold_loss":0.0,"damage_taken":18.0},{"damage_healed":0,"gold_gain":0,"player_choice":"Gave Potion","damage_taken":0,"relics_obtained":["Bag of Marbles"],"max_hp_gain":0,"max_hp_loss":0,"event_name":"WeMeetAgain","floor":36,"gold_loss":0}],"is_beta":false,"boss_relics":[{"not_picked":["Empty Cage","Ectoplasm"],"picked":"Cursed Key"},{"not_picked":["SlaversCollar","Guardian:StasisSlotReductionRelic"],"picked":"SacredBark"}],"items_purged_floors":[22,37],"is_endless":false,"potions_floor_spawned":[2,7,10,11,16,21,27,35,38,45],"ascension_level":14}}