{"host":"u3vur0jk0faz0no6","time":1608165592,"event":{"mods":["BaseMod","Better Skull","Better Third Choice","BetterRewards","Colored Map","Colored Powertips","Defective Defect","Hermit","Highlight Path","Infinite Spire","Minty Spire (QoL Compilation)","Rare Cards Sparkle","Relic Sorter","Relic Stats","Replay The Spire","Shade Mod","Shop Mod","StSLib","SuperFastMode","The Druid","The Hierophant","The Jungle","The Necromancer","The Runesmith","everything is the same but u backflip on backflip","slay the spire mod where everything is the same but ironclad has a cowboy hat"],"gold_per_floor":[110,110,0,0,0,0,0,26,53,53,84,97,107,57,57,131,131,141,141,141,141,121,121,451,462,462,462,462,488,500,535,535,535,535],"floor_reached":33,"playtime":714,"items_purged":[],"score":537,"play_id":"60d208be-cdad-491f-af1c-d5bbae229ae3","local_time":"20201216183952","is_ascension_mode":true,"campfire_choices":[{"data":"Enlightenment","floor":6,"key":"SMITH"},{"floor":10,"key":"REST"},{"floor":15,"key":"REST"},{"data":"Armaments","floor":23,"key":"SMITH"},{"floor":27,"key":"REST"},{"floor":32,"key":"REST"}],"circlet_count":0,"master_deck":["AscendersBane","Strike_R+1","Strike_R+1","Strike_R+1","Strike_R+1","Defend_R+1","Defend_R+1","Defend_R+1","Defend_R+1","Bash","Cleave","Enlightenment+1","Poison Darts","True Grit","Bludgeon","Bludgeon","Armaments+1","Offering","ReplayTheSpireMod:Limb From Limb"],"relics":["Burning Blood","Pocketwatch","Juzu Bracelet","Nunchaku","Replay:Rubber Ducky","Old Coin","Replay:Multitool","Blue Doll","Gambling Chip"],"acts_visited":["Exordium","TheCity"],"potions_floor_usage":[11,24,24,25],"damage_taken":[{"damage":3,"enemies":"Small Slimes","floor":1,"turns":3},{"damage":40,"enemies":"Gremlin Nob","floor":8,"turns":4},{"damage":30,"enemies":"3 Sentries","floor":11,"turns":7},{"damage":0,"enemies":"Cultist","floor":12,"turns":2},{"damage":0,"enemies":"Jaw Worm","floor":13,"turns":2},{"damage":35,"enemies":"Hexaghost","floor":16,"turns":9},{"damage":10,"enemies":"Spheric Guardian","floor":18,"turns":3},{"damage":37,"enemies":"Book of Stabbing","floor":24,"turns":5},{"damage":11,"enemies":"2 Thieves","floor":25,"turns":3},{"damage":20,"enemies":"Replay:Snechameleon","floor":29,"turns":4},{"damage":12,"enemies":"3 Cultists","floor":30,"turns":6},{"damage":12,"enemies":"Gremlin Leader","floor":31,"turns":5},{"damage":78,"enemies":"Champ","floor":33,"turns":6}],"seed_played":"-764445510248414724","potions_obtained":[{"floor":1,"key":"ElixirPotion"},{"floor":18,"key":"Swift Potion"},{"floor":22,"key":"Regen Potion"},{"floor":24,"key":"Fire Potion"}],"is_trial":false,"path_per_floor":["M","?","?","?","$","R","?","E","T","R","E","M","M","$","R","B",null,"M","?","?","?","?","R","E","M","T","R","?","E","M","E","R","B"],"character_chosen":"IRONCLAD","items_purchased":["Armaments"],"campfire_rested":4,"item_purchase_floors":[14],"current_hp_per_floor":[53,53,59,52,52,52,45,11,11,35,11,17,23,23,47,18,65,61,61,61,61,61,61,39,34,34,58,58,44,38,32,56,0,0],"gold":535,"neow_bonus":"ONE_RARE_RELIC","is_daily":false,"chose_seed":false,"campfire_upgraded":2,"win_rate":0.0,"timestamp":1608165592,"path_taken":["M","?","?","?","$","R","?","E","T","R","E","M","M","$","R","BOSS","M","?","?","?","?","R","E","M","T","R","?","E","M","E","R","BOSS"],"items_purchased_type":["Card"],"build_version":"2020-12-13","purchased_purges":0,"victory":false,"max_hp_per_floor":[75,75,81,81,81,81,81,81,81,81,81,81,81,81,81,81,81,81,81,81,81,81,81,81,81,81,81,81,81,81,81,81,81,81],"relic_stats":{"Nunchaku":[7],"counters":[13,59],"Gambling Chip":[1],"Juzu Bracelet":2,"obtain_stats":[{"Nunchaku":9,"Gambling Chip":31,"Blue Doll":29,"Juzu Bracelet":8,"Replay:Multitool":26,"Burning Blood":0,"Pocketwatch":0,"Replay:Rubber Ducky":11,"Old Coin":24},{"Nunchaku":2,"Gambling Chip":12,"Blue Doll":10,"Juzu Bracelet":2,"Replay:Multitool":9,"Burning Blood":0,"Pocketwatch":0,"Replay:Rubber Ducky":3,"Old Coin":8},{"Nunchaku":7,"Gambling Chip":53,"Blue Doll":42,"Juzu Bracelet":7,"Replay:Multitool":38,"Burning Blood":0,"Pocketwatch":0,"Replay:Rubber Ducky":14,"Old Coin":35}],"Burning Blood":72,"Pocketwatch":[90]},"card_choices":[{"not_picked":["Rupture","Carnage"],"picked":"Cleave","floor":1},{"not_picked":["Pummel","Carnage"],"picked":"True Grit","floor":8},{"not_picked":["Defy Death","True Grit"],"picked":"Bludgeon","floor":11},{"not_picked":["Clash","Iron Wave","ReplayTheSpireMod:Strike From Hell"],"picked":"SKIP","floor":12},{"not_picked":["Anger","Havoc"],"picked":"Bludgeon","floor":13},{"not_picked":["Eclipse","Barricade"],"picked":"Offering","floor":16},{"not_picked":["Whirlwind","Havoc","Wild Strike"],"picked":"SKIP","floor":18},{"not_picked":["Barricade","Pommel Strike"],"picked":"ReplayTheSpireMod:Limb From Limb","floor":24},{"not_picked":["ReplayTheSpireMod:Muscle Training","Infernal Blade","Flex"],"picked":"SKIP","floor":25},{"not_picked":["Anger","Pommel Strike","Hemokinesis"],"picked":"SKIP","floor":29},{"not_picked":["Ghostly Armor","Anger","Wild Strike"],"picked":"SKIP","floor":30},{"not_picked":["Clothesline","Headbutt","Berserk"],"picked":"SKIP","floor":31}],"player_experience":1940838,"relics_obtained":[{"floor":8,"key":"Juzu Bracelet"},{"floor":9,"key":"Nunchaku"},{"floor":11,"key":"Replay:Rubber Ducky"},{"floor":24,"key":"Old Coin"},{"floor":26,"key":"Replay:Multitool"},{"floor":29,"key":"Blue Doll"},{"floor":31,"key":"Gambling Chip"}],"event_choices":[{"damage_healed":0,"gold_gain":0,"player_choice":"RENOUNCE","damage_taken":110,"max_hp_gain":0,"max_hp_loss":0,"event_name":"betterThird:BetterSerpent","floor":3,"gold_loss":110,"cards_obtained":["Enlightenment"]},{"cards_removed":["Strike_R"],"damage_healed":0,"gold_gain":0,"player_choice":"Card Removal","damage_taken":7,"max_hp_gain":0,"max_hp_loss":0,"event_name":"Golden Wing","floor":4,"gold_loss":0},{"damage_healed":0,"gold_gain":0,"player_choice":"Card ","damage_taken":7,"max_hp_gain":0,"max_hp_loss":0,"event_name":"betterThird:BetterScrap","floor":7,"gold_loss":0,"cards_obtained":["Poison Darts"]},{"damage_healed":0,"gold_gain":0,"player_choice":"Ignored","damage_taken":0,"max_hp_gain":0,"max_hp_loss":0,"event_name":"Cursed Tome","floor":19,"gold_loss":0},{"damage_healed":0,"gold_gain":0,"player_choice":"Ignored","damage_taken":0,"max_hp_gain":0,"max_hp_loss":0,"event_name":"N\u0027loth","floor":20,"gold_loss":0},{"damage_healed":0,"gold_gain":0,"player_choice":"Ignored","damage_taken":0,"max_hp_gain":0,"max_hp_loss":0,"event_name":"Ghosts","floor":21,"gold_loss":0},{"damage_healed":0,"gold_gain":0,"player_choice":"Bought 1 Potion","damage_taken":0,"max_hp_gain":0,"max_hp_loss":0,"event_name":"The Woman in Blue","floor":22,"gold_loss":0},{"damage_healed":0,"gold_gain":0,"player_choice":"Simplicity","damage_taken":0,"max_hp_gain":0,"max_hp_loss":8,"event_name":"betterThird:BetterWriting","floor":28,"gold_loss":0}],"is_beta":false,"boss_relics":[{"not_picked":["ReplayTheSpireMod:DimensionalGlitch","Runic Dome","Replay:Wanted Poster"]}],"items_purged_floors":[],"is_endless":false,"potions_floor_spawned":[1,18,24],"killed_by":"Champ","ascension_level":15}}