{"host":"gmhvrhqrqxog9im1","time":1608221575,"event":{"mods":["2.2 Compatiblity","AchievementEnabler","BaseMod","Better Third Choice","BetterRewards","Colored Map","Conspire","Infinite Spire","Minty Spire (QoL Compilation)","Replay The Spire","Say the Spire","Shop Mod","StSLib","The Jungle"],"gold_per_floor":[118,118,144,0,0,0,26,231,231,231,253,253,276,295,295,307,307],"floor_reached":16,"playtime":333,"items_purged":[],"score":127,"play_id":"d4757fe6-a782-4843-8552-c8267c60f11e","local_time":"20201217181255","is_ascension_mode":true,"campfire_choices":[{"data":"infinitespire:UltimateForm","floor":6,"key":"SMITH"},{"data":"Heavy Blade","floor":10,"key":"SMITH"},{"data":"conspire:Charge","floor":15,"key":"SMITH"}],"circlet_count":0,"master_deck":["Strike_R","Strike_R","Strike_R","Strike_R","Strike_R","Defend_R","Defend_R","Defend_R","Defend_R","Bash","Shrug It Off","conspire:Charge+1","Amnesia","Replay:Hysterical Blindness","infinitespire:UltimateForm+1","Dropkick","Heavy Blade+1","Anger","Replay:Undeath\u0027s Touch","Thunderclap"],"relics":["Burning Blood","Smiling Mask","Medical Kit","Replay:Bottled Flurry","infinitespire:Midas Blood"],"acts_visited":["Exordium"],"potions_floor_usage":[16,16],"damage_taken":[{"damage":8,"enemies":"2 Louse","floor":1,"turns":4},{"damage":30,"enemies":"Gremlin Nob","floor":7,"turns":5},{"damage":9,"enemies":"Jaw Worm","floor":11,"turns":5},{"damage":16,"enemies":"conspire:RoseBush","floor":13,"turns":3},{"damage":11,"enemies":"Looter","floor":14,"turns":2},{"damage":28,"enemies":"The Guardian","floor":16,"turns":3}],"seed_played":"5545655476416265209","potions_obtained":[{"floor":11,"key":"Swift Potion"},{"floor":12,"key":"Strength Potion"},{"floor":12,"key":"Adrenaline Potion"},{"floor":13,"key":"Elixir"}],"is_trial":false,"path_per_floor":["M","?","T","$","?","R","E","?","T","R","M","?","M","M","R_BF","B"],"character_chosen":"IRONCLAD","items_purchased":["Medical Kit"],"campfire_rested":0,"item_purchase_floors":[4],"current_hp_per_floor":[70,70,70,70,70,70,46,46,46,46,43,43,33,28,28,0,0],"gold":307,"neow_bonus":"","is_daily":false,"chose_seed":false,"campfire_upgraded":3,"win_rate":0.0,"timestamp":1608221575,"path_taken":["M","?","?","$","?","R","E","?","T","R","M","?","?","M","R_BF","BOSS"],"items_purchased_type":["Relic"],"build_version":"2020-12-13","purchased_purges":0,"victory":false,"max_hp_per_floor":[80,80,80,80,80,80,80,80,80,80,80,80,80,80,80,80,80],"card_choices":[{"not_picked":["Headbutt","ReplayTheSpireMod:Limb From Limb"],"picked":"conspire:Charge","floor":1},{"not_picked":["infinitespire:Gouge","Replay:Fractal Strike"],"picked":"infinitespire:UltimateForm","floor":5},{"not_picked":["Power Through","Dropkick","Warcry"],"picked":"SKIP","floor":7},{"not_picked":["Power Through","Warcry"],"picked":"Dropkick","floor":7},{"not_picked":["Run Through","Clothesline"],"picked":"Heavy Blade","floor":8},{"not_picked":["Shrug It Off","conspire:Purge"],"picked":"Anger","floor":11},{"not_picked":["Run Through","Warcry"],"picked":"Replay:Undeath\u0027s Touch","floor":13},{"not_picked":["Headbutt","Reckless Charge"],"picked":"Thunderclap","floor":14}],"player_experience":596029,"relics_obtained":[{"floor":3,"key":"Smiling Mask"},{"floor":7,"key":"Replay:Bottled Flurry"},{"floor":9,"key":"infinitespire:Midas Blood"}],"event_choices":[{"damage_healed":0,"gold_gain":0,"player_choice":"Leave","damage_taken":0,"max_hp_gain":0,"max_hp_loss":0,"event_name":"The Cleric","floor":2,"gold_loss":0},{"damage_healed":0,"gold_gain":0,"player_choice":"Got Potions","damage_taken":0,"max_hp_gain":0,"max_hp_loss":0,"event_name":"Lab","floor":12,"gold_loss":0}],"is_beta":false,"boss_relics":[],"items_purged_floors":[],"is_endless":false,"potions_floor_spawned":[11,13],"killed_by":"The Guardian","ascension_level":6}}