{"host":"0hb9w7uizu7y13wj","time":1608228806,"event":{"mods":["Act Like it!","Aspiration","BaseMod","BetterRewards","Colored Map","Conspire","Downfall","Energized Spire","FTL Soundtrack","Friendly Minions","Halation","Hubris","Infinite Spire","Minty Spire (QoL Compilation)","Quick Restart","Replay The Spire","StSLib","Synergy Search","The Factory","The Hierophant","The Jungle","The Poker Player","Trackpad","everything is the same but u backflip on backflip","vexMod"],"gold_per_floor":[119,131,35,35,51,78,3,31,31,48,83,93,93,106,106,178,178,195,195,195,207,221,251,251,285,333,333,333,363,382,400,400,472,472,487,487,387,406,419,453,453,483,506,540,540,573,587,604,604,604,604,604,604,904,931,931],"floor_reached":57,"playtime":820,"items_purged":["Apotheosis","Shame","Defend_R"],"score":4579,"play_id":"ee2894c3-23f6-45a5-8823-3bd4f7b7f823","local_time":"20201217181326","is_ascension_mode":true,"campfire_choices":[{"data":"Massacre","floor":13,"key":"SMITH"},{"data":"Bash","floor":15,"key":"SMITH"},{"data":"Heavy Blade","floor":24,"key":"SMITH"},{"data":"Heavy Blade","floor":27,"key":"SMITH"},{"data":"Heavy Blade","floor":32,"key":"SMITH"},{"floor":45,"key":"RECALL"},{"data":"Heavy Blade","floor":49,"key":"SMITH"},{"data":"ReplayTheSpireMod:Limb From Limb","floor":53,"key":"SMITH"}],"circlet_count":0,"master_deck":["AscendersBane","Strike_R","Strike_R","Strike_R","Strike_R","Strike_R","Defend_R","Defend_R","Defend_R","Bash+1","infinitespire:OneForAll+1","Pommel Strike","Pommel Strike","Heavy Blade+1","Heavy Blade+1","Massacre+1","Anger","Anger","Clash","Clash","ReplayTheSpireMod:Limb From Limb+1","Immolate","Twin Strike","Sword Boomerang","Heavy Blade+1","hubris:CleavingFinish","Reaper","Sword Boomerang+1","Reaper","Evolve+1","infinitespire:NeuralNetwork","Heavy Blade+1","expansioncontent:GuardianWhirl","Panache","Metallicize"],"relics":["Burning Blood","hubris:EmptyBottle","ReplayFunnel","trackpad:BerserkersDraught","Orichalcum","Iron Hammer","halation:NonexistentMirror","Incense Burner","Garlic","trackpad:BottledAnger","Nunchaku","StrikeDummy","hubris:CrystalStatue","theJungle:PaperFaux","PreservedInsect","halation:WeightlessCrab","Guardian:PocketSentry","Shovel","hubris:CuriousFeather","infinitespire:Burning Sword","Replay:Rubber Ducky","aspiration:RunicSpoon","hubris:MysteriousPyramids","Pet Ghost","infinitespire:Lucky Rock","halation:SelfBoilingWater","hubris:NiceRug","ReplayTheSpireMod:Lightbulb","Calipers","trackpad:SappingStone"],"acts_visited":["Exordium","theJungle:Jungle","TheBeyond","TheEnding"],"potions_floor_usage":[56,56],"damage_taken":[{"damage":1,"enemies":"Small Slimes","floor":1,"turns":4},{"damage":0,"enemies":"Cultist","floor":2,"turns":2},{"damage":3,"enemies":"conspire:RoseBush","floor":5,"turns":1},{"damage":0,"enemies":"Gremlin Nob","floor":6,"turns":1},{"damage":0,"enemies":"Lagavulin","floor":8,"turns":1},{"damage":0,"enemies":"Red Slaver","floor":10,"turns":1},{"damage":0,"enemies":"Replay:BlueRogue","floor":11,"turns":1},{"damage":0,"enemies":"Exordium Wildlife","floor":12,"turns":1},{"damage":0,"enemies":"Looter","floor":14,"turns":1},{"damage":0,"enemies":"Hexaghost","floor":16,"turns":1},{"damage":0,"enemies":"theJungle:5_Spyders","floor":18,"turns":1},{"damage":0,"enemies":"theJungle:MUSHROOMGANG","floor":21,"turns":1},{"damage":5,"enemies":"theJungle:Snecko_Cultist_And_Trap","floor":22,"turns":1},{"damage":0,"enemies":"theJungle:Cassacara","floor":23,"turns":1},{"damage":0,"enemies":"theJungle:2_Phrogs","floor":25,"turns":1},{"damage":0,"enemies":"theJungle:Cassacara","floor":29,"turns":1},{"damage":0,"enemies":"theJungle:SlimyTreeVines","floor":30,"turns":1},{"damage":0,"enemies":"theJungle:2_Snecko_Cultists","floor":31,"turns":1},{"damage":0,"enemies":"theJungle:TotemBoss","floor":33,"turns":1},{"damage":2,"enemies":"3 Shapes","floor":35,"turns":1},{"damage":0,"enemies":"3 Darklings","floor":38,"turns":1},{"damage":14,"enemies":"4 Shapes","floor":39,"turns":1},{"damage":0,"enemies":"Nemesis","floor":40,"turns":1},{"damage":0,"enemies":"Reptomancer","floor":42,"turns":1},{"damage":0,"enemies":"R_Hoarder","floor":44,"turns":1},{"damage":0,"enemies":"Nemesis","floor":46,"turns":1},{"damage":0,"enemies":"Maw","floor":47,"turns":1},{"damage":0,"enemies":"Writhing Mass","floor":48,"turns":1},{"damage":0,"enemies":"Time Eater","floor":50,"turns":1},{"damage":0,"enemies":"Awakened One","floor":51,"turns":2},{"damage":0,"enemies":"hubris:Merchant","floor":54,"turns":2},{"damage":0,"enemies":"Shield and Spear","floor":55,"turns":1},{"damage":2,"enemies":"The Heart","floor":56,"turns":4}],"seed_played":"-7667705752653065676","potions_obtained":[{"floor":5,"key":"SkillPotion"},{"floor":8,"key":"SteroidPotion"},{"floor":20,"key":"Block Potion"}],"is_trial":false,"path_per_floor":["M","M","?","$","M","E","$","E","T","M","E","M","R","M","R","B",null,"M","?","?","M","M","E","R","E","T","R","?","E","M","M","R","B",null,"M","?","$","M","M","E","AVR","E","T","E","R","E","M","M","R","B","B",null,"R","$","E","B",null],"character_chosen":"IRONCLAD","items_purchased":["hubris:EmptyBottle","ReplayFunnel","Apotheosis","Orichalcum","infinitespire:OneForAll+1","Iron Hammer","halation:NonexistentMirror","Incense Burner","Garlic","Pommel Strike"],"campfire_rested":0,"item_purchase_floors":[0,0,0,0,0,0,0,0,0,0],"current_hp_per_floor":[26,32,32,32,35,41,41,47,47,53,59,65,65,71,71,75,75,75,75,75,75,75,75,75,75,75,75,41,47,53,59,59,65,73,75,75,75,75,75,75,75,75,75,75,75,75,75,75,75,75,75,75,75,75,75,75],"gold":931,"neow_bonus":"","is_daily":false,"chose_seed":false,"campfire_upgraded":7,"win_rate":0.0,"timestamp":1608228806,"path_taken":["M","M","?","$","M","E","$","E","T","?","E","M","R","M","R","BOSS","M","?","?","?","M","E","R","E","T","R","?","E","M","M","R","BOSS","M","?","$","?","M","E","AVR","E","T","E","R","E","M","M","R","BOSS","BOSS","R","$","E","BOSS"],"items_purchased_type":["Relic","Relic","Card","Relic","Card","Relic","Relic","Relic","Relic","Card"],"build_version":"2020-12-13","purchased_purges":3,"victory":true,"max_hp_per_floor":[75,75,75,75,75,75,75,75,75,75,75,75,75,75,75,75,75,75,75,75,75,75,75,75,75,75,75,75,75,75,75,75,75,75,75,75,75,75,75,75,75,75,75,75,75,75,75,75,75,75,75,75,75,75,75,75],"card_choices":[{"not_picked":["Dropkick","True Grit"],"picked":"Heavy Blade","floor":1},{"not_picked":["Intimidate","ReplayTheSpireMod:LeadingStrike"],"picked":"Massacre","floor":2},{"not_picked":["Wild Strike","Run Through","Perfected Strike"],"picked":"Anger","floor":5},{"not_picked":["Run Through","Pommel Strike","Thunderclap"],"picked":"Anger","floor":6},{"not_picked":["ReplayTheSpireMod:Corrosion Curse","Demonic Infusion","Disarm","Anger"],"picked":"SKIP","floor":8},{"not_picked":["Feel No Pain","Warcry","Anger"],"picked":"Clash","floor":10},{"not_picked":["Warcry","Entrench","Anger"],"picked":"Clash","floor":11},{"not_picked":["Immolate","Sword Boomerang","Anger"],"picked":"ReplayTheSpireMod:Limb From Limb","floor":12},{"not_picked":["Shrug It Off","hubris:ReadiedAction","Pommel Strike","Anger"],"picked":"SKIP","floor":14},{"not_picked":["Bludgeon","Double Tap","Anger"],"picked":"Immolate","floor":16},{"not_picked":["Sentinel","Clothesline","Armaments","Anger"],"picked":"SKIP","floor":18},{"not_picked":["Life Link","Shrug It Off","Anger"],"picked":"Twin Strike","floor":21},{"not_picked":["Run Through","ReplayReversal","Demonic Infusion","Anger+1"],"picked":"SKIP","floor":22},{"not_picked":["Shrug It Off","Flame Barrier+1","ReplayTheSpireMod:Strike From Hell","Anger"],"picked":"SKIP","floor":23},{"not_picked":["infinitespire:OneForAll","hubris:ReadiedAction","Anger+1"],"picked":"Sword Boomerang","floor":25},{"not_picked":["ReplayTheSpireMod:Strike From Hell","ReplayTheSpireMod:Limb From Limb","Anger"],"picked":"Heavy Blade","floor":29},{"not_picked":["Clash","True Grit","Run Through","Anger"],"picked":"SKIP","floor":30},{"not_picked":["Twin Strike","infinitespire:OneForAll","Anger+1"],"picked":"hubris:CleavingFinish","floor":31},{"not_picked":["Bludgeon","hubris:StunningStrike","Anger+1"],"picked":"Reaper","floor":33},{"not_picked":["Wild Strike","hubris:SharpeningStone+1","Anger"],"picked":"Sword Boomerang+1","floor":35},{"not_picked":["Ghostly Armor","Twin Strike","Dropkick","Anger"],"picked":"SKIP","floor":38},{"not_picked":["Body Slam+1","Armaments+1","Pommel Strike","Anger+1"],"picked":"SKIP","floor":39},{"not_picked":["Headbutt","Bloodletting","Anger+1"],"picked":"Evolve+1","floor":40},{"not_picked":["ReplayTheSpireMod:Muscle Training+1","Body Slam","Entrench","Anger"],"picked":"SKIP","floor":42},{"not_picked":["ReplayTheSpireMod:Strike From Hell","Abandon","Replay:Undeath\u0027s Touch","Anger+1"],"picked":"SKIP","floor":44},{"not_picked":["ReplayTheSpireMod:Strike From Hell","Hemokinesis+1","Flex","Anger"],"picked":"SKIP","floor":46},{"not_picked":["conspire:Purge","Burning Pact","Clothesline","Anger"],"picked":"SKIP","floor":47},{"not_picked":["Body Slam","Uppercut","Anger+1"],"picked":"Heavy Blade","floor":48},{"not_picked":[],"picked":"expansioncontent:GuardianWhirl","floor":54},{"not_picked":[],"picked":"Panache","floor":54},{"not_picked":["Iron Wave"],"picked":"SKIP","floor":54},{"not_picked":["Uppercut"],"picked":"SKIP","floor":54},{"not_picked":["Shrug It Off"],"picked":"SKIP","floor":54},{"not_picked":["Replay:Many Hands"],"picked":"SKIP","floor":54},{"not_picked":["Combust"],"picked":"SKIP","floor":54},{"not_picked":["Dual Wield","ReplayTheSpireMod:Corrosion Curse","Anger"],"picked":"Metallicize","floor":55}],"player_experience":890035,"relics_obtained":[{"floor":6,"key":"Nunchaku"},{"floor":8,"key":"StrikeDummy"},{"floor":11,"key":"hubris:CrystalStatue"},{"floor":23,"key":"PreservedInsect"},{"floor":25,"key":"halation:WeightlessCrab"},{"floor":26,"key":"Guardian:PocketSentry"},{"floor":29,"key":"hubris:CuriousFeather"},{"floor":40,"key":"Replay:Rubber Ducky"},{"floor":42,"key":"hubris:MysteriousPyramids"},{"floor":43,"key":"Pet Ghost"},{"floor":44,"key":"infinitespire:Lucky Rock"},{"floor":46,"key":"halation:SelfBoilingWater"},{"floor":54,"key":"ReplayTheSpireMod:Lightbulb"},{"floor":54,"key":"Calipers"},{"floor":55,"key":"trackpad:SappingStone"}],"event_choices":[{"damage_healed":0,"gold_gain":0,"player_choice":"Paid Gold","damage_taken":0,"relics_obtained":["trackpad:BottledAnger"],"max_hp_gain":0,"max_hp_loss":0,"event_name":"WeMeetAgain","floor":3,"gold_loss":96},{"damage_healed":0,"gold_gain":0,"player_choice":"Got Potions","damage_taken":0,"max_hp_gain":0,"max_hp_loss":0,"event_name":"Lab","floor":20,"gold_loss":0},{"damage_healed":0,"gold_gain":0,"player_choice":"Copied","damage_taken":0,"max_hp_gain":0,"max_hp_loss":0,"event_name":"Duplicator","floor":36,"gold_loss":0,"cards_obtained":["Reaper"]}],"is_beta":false,"boss_relics":[{"not_picked":["energizedSpire:EnergizedDie","trackpad:StolenKidneys","hubris:RunicObelisk"]},{"not_picked":["halation:HeavySnake","vexMod:ImprovementManual"],"picked":"infinitespire:Burning Sword"}],"items_purged_floors":[7,37,41],"is_endless":false,"potions_floor_spawned":[5,8,11,23,25,29,31,33,35,39,44,46],"ascension_level":20}}