{"host":"llpusn9usp8rznkj","time":1608237303,"event":{"mods":["2.2 Compatiblity","BaseMod","Colored Map","Colored Powertips","Conspire","Downfall","Hubris","Minty Spire (QoL Compilation)","Rare Cards Sparkle","Replay The Spire","StSLib","The Cursed"],"gold_per_floor":[115,40,40,57,16,16,16,42,42,71,85,85,85,103,103,176,176,192,34,34,34,34,63,63,77,77,92,110,123,152,152,152,152,152],"floor_reached":33,"playtime":1449,"items_purged":["Strike_G"],"score":636,"play_id":"f0c38530-aa06-47ea-9c01-52edf1ab216c","local_time":"20201217153503","is_ascension_mode":true,"campfire_choices":[{"data":"ReplayTheSpireMod:Scrap Shanks","floor":6.0,"key":"SMITH"},{"data":"After Image","floor":13.0,"key":"SMITH"},{"data":"Infinite Blades","floor":15.0,"key":"SMITH"},{"data":"Prepared","floor":24.0,"key":"SMITH"},{"floor":32.0,"key":"REST"}],"circlet_count":0,"master_deck":["AscendersBane","Strike_G","Strike_G","Strike_G","Defend_G","Defend_G","Defend_G","Defend_G","Defend_G+1","Survivor","Neutralize","Dagger Spray","Hidden Blade+1","PiercingWail","ReplayTheSpireMod:Scrap Shanks+1","After Image+1","Infinite Blades+1","Prepared+1","Night Terror","Acrobatics+1","Storm of Steel","A Thousand Cuts","Dagger Throw","After Image","Noxious Fumes","Cloak And Dagger","hubris:DuctTapeCard"],"relics":["Ring of the Snake","NeowsBlessing","hubris:ToyBattleship","Quantum Egg","Art of War","Unceasing Top","HoveringKite","Orrery","hubris:Towel","Mummified Hand","Dream Catcher","hubris:DuctTape","Ninja Scroll","MutagenicStrength"],"acts_visited":["Exordium","TheCity"],"potions_floor_usage":[],"damage_taken":[{"damage":0.0,"enemies":"Cultist","floor":1.0,"turns":1.0},{"damage":0.0,"enemies":"Jaw Worm","floor":4.0,"turns":1.0},{"damage":0.0,"enemies":"3 Sentries","floor":8.0,"turns":2.0},{"damage":36.0,"enemies":"Gremlin Nob","floor":10.0,"turns":6.0},{"damage":1.0,"enemies":"2 Louse","floor":11.0,"turns":3.0},{"damage":0.0,"enemies":"Blue Slaver","floor":14.0,"turns":7.0},{"damage":18.0,"enemies":"The Guardian","floor":16.0,"turns":17.0},{"damage":7.0,"enemies":"Shell Parasite","floor":18.0,"turns":7.0},{"damage":8.0,"enemies":"Slavers","floor":23.0,"turns":4.0},{"damage":0.0,"enemies":"Spheric Guardian","floor":25.0,"turns":2.0},{"damage":14.0,"enemies":"Cultist and Chosen","floor":27.0,"turns":4.0},{"damage":0.0,"enemies":"Centurion and Healer","floor":28.0,"turns":3.0},{"damage":0.0,"enemies":"3 Cultists","floor":29.0,"turns":4.0},{"damage":16.0,"enemies":"Book of Stabbing","floor":30.0,"turns":4.0},{"damage":25,"enemies":"conspire:MysteriousRune","floor":33,"turns":4}],"seed_played":"6328016343511333491","potions_obtained":[{"floor":1.0,"key":"SteroidPotion"},{"floor":4.0,"key":"Languid Potion"},{"floor":8.0,"key":"LifebloodPotion"},{"floor":10.0,"key":"Elixir"},{"floor":23.0,"key":"BlessingOfTheForge"}],"is_trial":false,"path_per_floor":["M","$","?","M","$","R","?","E","T","E","M","T","R","M","R","B",null,"M","$","$","?","T","E","R","M","T","M","M","M","E","?","R","B"],"character_chosen":"THE_SILENT","items_purchased":["ReplayTheSpireMod:Scrap Shanks","Orrery"],"campfire_rested":1,"item_purchase_floors":[5,19],"current_hp_per_floor":[59,59,59,59,59,59,59,59,59,23,22,22,22,22,22,4,51,44,44,44,44,44,36,36,36,36,22,22,22,6,6,25,0,0],"gold":152,"neow_bonus":"THREE_ENEMY_KILL","is_daily":false,"chose_seed":false,"campfire_upgraded":4,"win_rate":0.0,"timestamp":1608237303,"path_taken":["M","?","?","M","$","R","?","E","T","E","M","?","R","M","R","BOSS","M","?","$","?","?","E","R","M","T","M","M","M","E","?","R","BOSS"],"items_purchased_type":["Card","Relic"],"build_version":"2020-12-13","purchased_purges":1,"victory":false,"max_hp_per_floor":[66,66,66,66,66,66,66,66,66,66,66,66,66,66,66,66,66,66,66,66,66,66,66,66,66,66,66,66,66,66,66,66,66,66],"card_choices":[{"not_picked":["Calculated Gamble","Deadly Poison"],"picked":"Dagger Spray","floor":1.0},{"not_picked":["Slice","Outmaneuver"],"picked":"PiercingWail","floor":4.0},{"not_picked":["hubris:SlightOfHand","Cloak And Dagger"],"picked":"After Image","floor":8.0},{"not_picked":["ReplayTheSpireMod:The Works","Corpse Explosion"],"picked":"Infinite Blades","floor":10.0},{"not_picked":["Dodge and Roll","Poisoned Stab","Outmaneuver"],"picked":"SKIP","floor":11.0},{"not_picked":["Poisoned Stab","Flechettes"],"picked":"Prepared","floor":14.0},{"not_picked":["Wraith Form v2","Doppelganger"],"picked":"Night Terror","floor":16.0},{"not_picked":["Dagger Spray","Expertise+1","Riddle With Holes"],"picked":"SKIP","floor":18.0},{"not_picked":["hubris:SlightOfHand","Quick Slash"],"picked":"Acrobatics+1","floor":19.0},{"not_picked":["hubris:SlightOfHand+1","Skewer"],"picked":"Storm of Steel","floor":19.0},{"not_picked":["hubris:SlightOfHand","Hidden Blade"],"picked":"A Thousand Cuts","floor":19.0},{"not_picked":["Terror","Dagger Spray"],"picked":"hubris:Sniper","floor":19.0},{"not_picked":["Choke","Underhanded Strike"],"picked":"Dagger Throw","floor":19.0},{"not_picked":["Replay:Bag of Tricks","Dagger Spray","Doppelganger"],"picked":"SKIP","floor":23.0},{"not_picked":["Escape Plan","Dagger Throw"],"picked":"Tactician","floor":25.0},{"not_picked":["Hidden Blade","Slice","Acrobatics"],"picked":"SKIP","floor":27.0},{"not_picked":["Cloak And Dagger","Blade Dance+1"],"picked":"After Image","floor":28.0},{"not_picked":["Leg Sweep","Bouncing Flask"],"picked":"Noxious Fumes","floor":29.0},{"not_picked":["Sucker Punch","Poisoned Stab+1"],"picked":"Cloak And Dagger","floor":30.0}],"player_experience":1071196,"relics_obtained":[{"floor":8.0,"key":"hubris:ToyBattleship"},{"floor":9.0,"key":"Quantum Egg"},{"floor":10.0,"key":"Art of War"},{"floor":12.0,"key":"Unceasing Top"},{"floor":22.0,"key":"Mummified Hand"},{"floor":23.0,"key":"Dream Catcher"},{"floor":26.0,"key":"hubris:DuctTape"},{"floor":30.0,"key":"Ninja Scroll"}],"event_choices":[{"damage_healed":0.0,"max_hp_gain":0.0,"max_hp_loss":0.0,"gold_gain":0.0,"event_name":"Drug Dealer","player_choice":"Inject Mutagens","floor":31.0,"gold_loss":0.0,"damage_taken":0.0,"relics_obtained":["MutagenicStrength"]}],"is_beta":false,"boss_relics":[{"not_picked":["hubris:GrandSneckoEye","Snecko Eye"],"picked":"HoveringKite"}],"items_purged_floors":[2],"is_endless":false,"potions_floor_spawned":[1,4,8,10,23,25,27,28,29],"killed_by":"conspire:MysteriousRune","ascension_level":20}}