{"host":"5o2n8gt0sn3szjgb","time":1608217348,"event":{"mods":["BaseMod","BetterRewards","Library of Ruina","Library of Ruina Extra","Minty Spire (QoL Compilation)","StSLib"],"gold_per_floor":[113,125,145,156,156,156,181,181,181,216,236,267,267,293,293,367,367,379,409,409,422,438,463,463,494,548,568,568,598,610,643,643,714,714,726,497,516,527,527,527,558,571,649,649,666,666,694,694,694,694,694,694,694,209,240,240],"floor_reached":57,"playtime":2130,"items_purged":["FocusedStrikes","Dodge+1"],"score":3116,"play_id":"ba5659e3-22ff-4c44-86ea-174ecb572ba7","local_time":"20201217230228","is_ascension_mode":true,"campfire_choices":[{"data":"SomberProcuration","floor":6,"key":"SMITH"},{"data":"Spear_LOR","floor":8,"key":"SMITH"},{"data":"ForTheFamily","floor":15,"key":"SMITH"},{"data":"CrackOfDawn","floor":24,"key":"SMITH"},{"data":"LevelSlash","floor":32,"key":"SMITH"},{"data":"Commandeering","floor":40,"key":"SMITH"},{"floor":46,"key":"RECALL"},{"data":"Retaliate","floor":49,"key":"SMITH"},{"data":"UpstandingSlash","floor":53,"key":"SMITH"}],"circlet_count":0,"master_deck":["AscendersBane","UpstandingSlash+1","Spear_LOR+1","LevelSlash+1","LightDefense+1","FocusSpirit+1","Charge+1","SomberProcuration+1","ForTheFamily+1","CrackOfDawn+1","Retaliate+1","Commandeering+1"],"relics":["PageOfLibrarian","Gremlin Horn","Matryoshka","InkBottle","Calipers","PageOfRedShoes","Nunchaku","Snecko Eye","Red Mask","Shuriken","PageOfBloodbath","PageOfGreed","PageOfTheQueenOfHatred","PageOfTheKnightOfDespair","PageOfWrath","PageOfNihil","PageOfForsakenMurderer","Empty Cage","War Paint","Strawberry","HornCleat","PageOfUniverseFragment","Dream Catcher","PageOfScorchedGirl","Akabeko","Blue Candle"],"acts_visited":["Exordium","TheCity","TheBeyond","TheEnding"],"potions_floor_usage":[14,45,55,56],"damage_taken":[{"damage":0,"enemies":"2 Louse","floor":1,"turns":1},{"damage":0,"enemies":"Jaw Worm","floor":2,"turns":1},{"damage":0,"enemies":"Cultist","floor":3,"turns":1},{"damage":0,"enemies":"Large Slime","floor":4,"turns":1},{"damage":0,"enemies":"3 Sentries","floor":7,"turns":1},{"damage":0,"enemies":"Gremlin Nob","floor":10,"turns":1},{"damage":0,"enemies":"Exordium Thugs","floor":11,"turns":1},{"damage":0,"enemies":"Lagavulin","floor":12,"turns":1},{"damage":0,"enemies":"Gremlin Nob","floor":14,"turns":1},{"damage":14,"enemies":"Hexaghost","floor":16,"turns":3},{"damage":0,"enemies":"Shell Parasite","floor":18,"turns":1},{"damage":0,"enemies":"Masked Bandits","floor":19,"turns":1},{"damage":0,"enemies":"Spheric Guardian","floor":21,"turns":1},{"damage":0,"enemies":"Snake Plant","floor":22,"turns":1},{"damage":0,"enemies":"Gremlin Leader","floor":23,"turns":2},{"damage":0,"enemies":"Book of Stabbing","floor":25,"turns":1},{"damage":0,"enemies":"Snecko","floor":27,"turns":2},{"damage":0,"enemies":"Slavers","floor":29,"turns":1},{"damage":18,"enemies":"Centurion and Healer","floor":30,"turns":4},{"damage":0,"enemies":"Book of Stabbing","floor":31,"turns":1},{"damage":0,"enemies":"RedHoodMercenary","floor":33,"turns":3},{"damage":0,"enemies":"3 Darklings","floor":35,"turns":1},{"damage":0,"enemies":"3 Shapes","floor":37,"turns":1},{"damage":0,"enemies":"Maw","floor":38,"turns":1},{"damage":0,"enemies":"Reptomancer","floor":41,"turns":1},{"damage":0,"enemies":"Spire Growth","floor":42,"turns":1},{"damage":0,"enemies":"Writhing Mass","floor":45,"turns":1},{"damage":0,"enemies":"Nemesis","floor":47,"turns":1},{"damage":0,"enemies":"Time Eater","floor":50,"turns":2},{"damage":0,"enemies":"Time Eater","floor":51,"turns":2},{"damage":0,"enemies":"Shield and Spear","floor":55,"turns":1},{"damage":0,"enemies":"The Heart","floor":56,"turns":5}],"seed_played":"-1454563186824364732","potions_obtained":[{"floor":3,"key":"Fire Potion"},{"floor":11,"key":"Dexterity Potion"},{"floor":12,"key":"Fruit Juice"},{"floor":14,"key":"ColorlessPotion"},{"floor":18,"key":"DuplicationPotion"},{"floor":45,"key":"Fruit Juice"},{"floor":47,"key":"EntropicBrew"},{"floor":55,"key":"DistilledChaos"}],"is_trial":false,"path_per_floor":["M","M","M","M","?","R","E","R","T","E","M","E","?","E","R","B",null,"M","?","T","M","M","E","R","E","T","M","?","E","M","E","R","B",null,"M","$","M","M","?","R","E","M","T","?","M","R","E","T","R","B",null,null,"R","$","E","B",null],"character_chosen":"Librarian","items_purchased":["War Paint","PageOfScorchedGirl","Akabeko"],"campfire_rested":0,"item_purchase_floors":[36,54,54],"current_hp_per_floor":[54,54,54,54,26,26,26,26,26,26,26,26,21,26,26,12,76,76,76,76,76,76,76,76,76,76,76,76,76,65,65,65,72,91,97,97,97,97,92,92,99,99,99,99,104,104,104,104,104,104,104,104,104,104,104,104],"gold":240,"neow_bonus":"","is_daily":false,"chose_seed":false,"campfire_upgraded":8,"win_rate":0.0,"timestamp":1608217348,"path_taken":["M","M","M","M","?","R","E","R","T","E","M","E","?","E","R","BOSS","M","?","?","?","M","E","R","E","T","M","?","E","M","E","R","BOSS","M","$","M","M","?","R","E","M","T","?","M","R","E","?","R","BOSS","R","$","E","BOSS"],"items_purchased_type":["Relic","Relic","Relic"],"build_version":"2020-12-13","purchased_purges":2,"victory":true,"max_hp_per_floor":[92,92,92,92,92,92,92,92,92,92,92,92,92,97,97,97,97,97,97,97,97,97,97,97,97,97,97,97,97,97,97,97,97,97,97,97,97,97,92,92,99,99,99,99,104,104,104,104,104,104,104,104,104,104,104,104],"card_choices":[{"not_picked":["HandleRequest","Quickness","YourShield","PreemptiveStrike","SweepTheBackstreets","Wallop_lor","SunsetBlade","SilentNight"],"picked":"SomberProcuration","floor":1},{"not_picked":["StrongStrike","SpearedSweep","Observe","TraceOfFumes","HiddenBlade","BackAttack","WillOfThePrescript","Diversion","FrontalAssault"],"picked":"SKIP","floor":2},{"not_picked":["EnergyCycle","Pound","RushDown","Creak","GaleKick","AbsorbImpact","Rewind","Parry","HighKick"],"picked":"SKIP","floor":3},{"not_picked":["CutIn","HighKick","ScatteringSlash","WillOfThePrescript","WaitUp","Overpower","FrontalAssault","BackAttack","Outburst"],"picked":"SKIP","floor":4},{"not_picked":["PreparedMind","Rewind","Crush","Brawl","StrongStrike","TendonChords","SunsetBlade","ICanCookAnything","MultiBlock"],"picked":"SKIP","floor":7},{"not_picked":["StrongStrike","Thrust","GatherIntel","Leap_lor","MultiHit","SpearedSweep","Wallop_lor","Endure","Retaliate"],"picked":"SKIP","floor":10},{"not_picked":["FrontalAssault","FeelinGood","HighKick","Reload","QuickAttack","Feast","BackAttack","Gigigig","ChopItOff"],"picked":"SKIP","floor":11},{"not_picked":["HighKick","Multislash","CumulusWall","CutIn","Guardian_lor","FleetFootsteps","Diversion","DirtyBlow","ReadyUp"],"picked":"SKIP","floor":12},{"not_picked":["BladeWhirl","EnergyShield","EndlessBattle","EnergyConversion","Pound","Rewind","BlazingStrike","HandlingWork"],"picked":"ForTheFamily","floor":14},{"not_picked":["BoundaryOfDeath","Eradication"],"picked":"CrackOfDawn","floor":16},{"not_picked":["Juggling","NightInTheBackstreets","QuickAttack","AGoldenOpportunity","SteelKnuckles","CombatPreparation","UpbeatPerformance","WillBeTasty","CleanUp"],"picked":"SKIP","floor":18},{"not_picked":["HighKick","Leap_lor","BackstreetsDash","TieShanKao","TheArtOfRapidSteps","Tailoring","EndlessBattle","FlashOfSunup","FleetFootsteps"],"picked":"SKIP","floor":21},{"not_picked":["BackAttack","PreemptiveStrike","Endure","MultiBlock","BizarreAttack","SharpSwipe","Parry","FlowOfTheSword","BladeWhirl"],"picked":"SKIP","floor":22},{"not_picked":["GuardingStance","HiddenBlade","Unlock1+1","BackAttack","TrimTheIngredients","SetFire","SuppressingShot","EnergyShield","DimensionalRift"],"picked":"SKIP","floor":23},{"not_picked":["DefenseOrder","Outburst","BlazingStrike","ScatteringSlash","Parry","FlashOfSunup","Rewind","GuardingStance"],"picked":"Retaliate","floor":25},{"not_picked":["EnergyConversion","YoureAHindrance","Quickness","DriedUp","HardRehearsal","WildCard","DesperateStruggle","Thrust","YouOnlyLiveOnce"],"picked":"SKIP","floor":27},{"not_picked":["Outburst","Tailoring","WillOfThePrescript","Quickness","DesperateStruggle","HandleRequest","Faith","DarkCloud"],"picked":"SharpNails+1","floor":29},{"not_picked":["RipSpace","ShrineToMusic","BiteOff","StrongStrike","SkitterAway","FleetEdge","NightInTheBackstreets","Standoff","AutomatedMovement+1"],"picked":"SKIP","floor":30},{"not_picked":["ClassAndRespect+1","SilentNight","UncannyStrike","UnavoidableGaze","HiddenBlade","Standoff","Overcharge","Creak","Tailoring"],"picked":"SKIP","floor":31},{"not_picked":["WaitUp+1","ForcefulGesture+1","SuppressingShot","DestructiveImpact","FleetEdge","FierceCharge","ShrineToMusic+1","Fence+1","Outburst+1"],"picked":"SKIP","floor":35},{"not_picked":["ProselytesBlade","EnergyCycle","Outburst+1","GuidanceOfTheGears","Execute_lor","ClassAndRespect","MultiBlock","StrongStrike","DefenseOrder"],"picked":"SKIP","floor":37},{"not_picked":["Parry","GuardingStance","Pound","DefenseOrder","SharpSwipe","SmokingPipe","Slice_lor","FlowOfTheSword+1"],"picked":"Commandeering","floor":38},{"not_picked":["Wallop_lor","TheRedNotes+1","FleetEdge","RipSpace","SilentNight","AsThePrescriptOrders","ExtremeEdge+1","EnergyShield","Eject"],"picked":"SKIP","floor":41},{"not_picked":["GuardingStance","SuppressingShot","BackAttack","SpearedSweep","IllEndYou","Eliminate","EndlessBattle","FlashingStrike","Deflect_lor"],"picked":"SKIP","floor":42},{"not_picked":["ChopItOff","Fence","QuickAttack","BayonetCombat+1","NightInTheBackstreets","FleetEdge+1","BackAttack+1","Leap_lor","EndlessBattle+1"],"picked":"SKIP","floor":45},{"not_picked":["DimensionalRift","Cruelty","MultiHit","ProselytesBlade","HiddenBlade","EnergyShield","StrongStrike+1","Unlock1","MindPrepared"],"picked":"SKIP","floor":47},{"not_picked":["Mutilate","IronWall","HiddenBlade+1","SmokingPipe","EnergyCycle","WillProduceFineSilk","StructuralAnalysis+1","Multislash","Thrust"],"picked":"SKIP","floor":55}],"player_experience":351705,"relics_obtained":[{"floor":7,"key":"Gremlin Horn"},{"floor":9,"key":"Matryoshka"},{"floor":10,"key":"InkBottle"},{"floor":12,"key":"Calipers"},{"floor":14,"key":"Nunchaku"},{"floor":19,"key":"Red Mask"},{"floor":20,"key":"Shuriken"},{"floor":20,"key":"PageOfBloodbath"},{"floor":23,"key":"PageOfGreed"},{"floor":25,"key":"PageOfTheQueenOfHatred"},{"floor":26,"key":"PageOfTheKnightOfDespair"},{"floor":29,"key":"PageOfWrath"},{"floor":30,"key":"PageOfNihil"},{"floor":31,"key":"PageOfForsakenMurderer"},{"floor":41,"key":"Strawberry"},{"floor":43,"key":"HornCleat"},{"floor":47,"key":"PageOfUniverseFragment"},{"floor":48,"key":"Dream Catcher"},{"floor":55,"key":"Blue Candle"}],"event_choices":[{"damage_healed":0,"gold_gain":0,"player_choice":"Entered Light","damage_taken":28,"max_hp_gain":0,"max_hp_loss":0,"event_name":"Shining Light","floor":5,"gold_loss":0,"cards_upgraded":["Dodge","Charge"]},{"damage_healed":0,"gold_gain":0,"player_choice":"Success","damage_taken":5,"relics_obtained":["PageOfRedShoes"],"max_hp_gain":0,"max_hp_loss":0,"event_name":"Scrap Ooze","floor":13,"gold_loss":0},{"damage_healed":0,"gold_gain":0,"player_choice":"Fought Bandits","damage_taken":0,"max_hp_gain":0,"max_hp_loss":0,"event_name":"Masked Bandits","floor":19,"gold_loss":0},{"damage_healed":0,"gold_gain":0,"player_choice":"Ignored","damage_taken":0,"max_hp_gain":0,"max_hp_loss":0,"event_name":"Duplicator","floor":28,"gold_loss":0},{"damage_healed":0,"gold_gain":0,"player_choice":"Max HP","damage_taken":0,"max_hp_gain":0,"max_hp_loss":5,"event_name":"Winding Halls","floor":39,"gold_loss":0},{"cards_removed":["SharpNails"],"damage_healed":0,"gold_gain":0,"player_choice":"Removed Attack","damage_taken":0,"max_hp_gain":0,"max_hp_loss":0,"event_name":"Falling","floor":44,"gold_loss":0}],"is_beta":false,"boss_relics":[{"not_picked":["SlaversCollar","Tiny House"],"picked":"Snecko Eye"},{"not_picked":["Calling Bell","Sozu"],"picked":"Empty Cage"}],"items_purged_floors":[36,54],"is_endless":false,"potions_floor_spawned":[3,11,12,14,18,25,27,31,35,37,45,47,55],"ascension_level":15}}