{"host":"9ndbo4kgsfoemf7y","time":1608210788,"event":{"mods":["AchievementEnabler","BaseMod","Colored Map","DeckTracker","Keyboard Shortcuts","Minty Spire (QoL Compilation)","Permanent Neow","Quick Restart","Relic Stats","StSLib","SuperFastMode"],"gold_per_floor":[114,130,130,184,199,233,233,276,352,370,388,353,353,18,18,18,18],"floor_reached":16,"playtime":316,"items_purged":[],"score":209,"play_id":"7fdca6c4-29aa-48c5-9f8a-154e18cab6c0","local_time":"20201217221308","is_ascension_mode":true,"campfire_choices":[{"floor":7.0,"key":"REST"},{"floor":15,"key":"REST"}],"circlet_count":0,"master_deck":["AscendersBane","Strike_R","Strike_R","Strike_R","Strike_R","Strike_R","Defend_R","Defend_R","Defend_R","Defend_R","Bash","Twin Strike","Flame Barrier","Cleave","Double Tap","Pummel","Body Slam","Inflame","Perfected Strike"],"relics":["Burning Blood","WingedGreaves","Golden Idol","Dream Catcher","Tiny Chest","Nunchaku","HornCleat","Dead Branch","Membership Card","Calipers"],"acts_visited":["Exordium"],"potions_floor_usage":[16],"damage_taken":[{"damage":15.0,"enemies":"2 Louse","floor":1.0,"turns":3.0},{"damage":7.0,"enemies":"Jaw Worm","floor":2.0,"turns":3.0},{"damage":4.0,"enemies":"Small Slimes","floor":5.0,"turns":3.0},{"damage":32.0,"enemies":"Gremlin Nob","floor":6.0,"turns":4.0},{"damage":20.0,"enemies":"3 Sentries","floor":8.0,"turns":5.0},{"damage":6.0,"enemies":"2 Fungi Beasts","floor":10.0,"turns":3.0},{"damage":16.0,"enemies":"3 Louse","floor":11.0,"turns":3.0},{"damage":40,"enemies":"Hexaghost","floor":16,"turns":8}],"seed_played":"9106991665558972453","potions_obtained":[{"floor":6.0,"key":"LiquidMemories"},{"floor":8.0,"key":"ColorlessPotion"},{"floor":11.0,"key":"SpeedPotion"}],"is_trial":false,"path_per_floor":["M","M","?","T","M","E","R","E","T","M","M","?","?","$","R","B"],"character_chosen":"IRONCLAD","items_purchased":["Membership Card","Calipers"],"campfire_rested":2,"item_purchase_floors":[14,14],"current_hp_per_floor":[41,40,40,40,42,16,36,22,22,22,12,29,18,18,38,0,0],"gold":18,"neow_bonus":"ONE_RARE_RELIC","is_daily":false,"chose_seed":false,"campfire_upgraded":0,"win_rate":0.0,"timestamp":1608210788,"path_taken":["M","M","?","?","M","E","R","E","T","M","M","?","?","$","R","BOSS"],"items_purchased_type":["Relic","Relic"],"build_version":"2020-12-13","purchased_purges":0,"victory":false,"max_hp_per_floor":[75,75,68,68,68,68,68,68,68,68,68,68,68,68,68,68,68],"relic_stats":{"Dream Catcher":2,"Nunchaku":[2],"counters":[8,32],"Golden Idol":27,"Dead Branch":[4],"Tiny Chest":0,"obtain_stats":[{"Dream Catcher":4,"Nunchaku":8,"HornCleat":9,"Calipers":14,"Golden Idol":3,"Dead Branch":13,"Tiny Chest":6,"WingedGreaves":0,"Membership Card":14,"Burning Blood":0},{"Dream Catcher":2,"Nunchaku":5,"HornCleat":5,"Calipers":7,"Golden Idol":2,"Dead Branch":7,"Tiny Chest":4,"WingedGreaves":0,"Membership Card":7,"Burning Blood":0},{"Dream Catcher":6,"Nunchaku":18,"HornCleat":18,"Calipers":24,"Golden Idol":6,"Dead Branch":24,"Tiny Chest":13,"WingedGreaves":0,"Membership Card":24,"Burning Blood":0}],"Burning Blood":42},"card_choices":[{"not_picked":["Armaments","Headbutt"],"picked":"Twin Strike","floor":1.0},{"not_picked":["Pummel","Headbutt"],"picked":"Flame Barrier","floor":2.0},{"not_picked":["Flex","Anger"],"picked":"Cleave","floor":5.0},{"not_picked":["Combust","Rage"],"picked":"Double Tap","floor":6.0},{"not_picked":["Combust","Clash"],"picked":"Pummel","floor":7.0},{"not_picked":["True Grit","Clothesline"],"picked":"Body Slam","floor":8.0},{"not_picked":["Cleave","Clothesline"],"picked":"Inflame","floor":10.0},{"not_picked":["Hemokinesis","Flex"],"picked":"Perfected Strike","floor":11.0}],"player_experience":693424,"relics_obtained":[{"floor":4.0,"key":"Dream Catcher"},{"floor":6.0,"key":"Tiny Chest"},{"floor":8.0,"key":"Nunchaku"},{"floor":9.0,"key":"HornCleat"}],"event_choices":[{"damage_healed":0.0,"max_hp_gain":0.0,"max_hp_loss":7.0,"gold_gain":0.0,"event_name":"Golden Idol","player_choice":"Lose Max HP","floor":3.0,"gold_loss":0.0,"damage_taken":0.0,"relics_obtained":["Golden Idol"]},{"damage_healed":17.0,"max_hp_gain":0.0,"max_hp_loss":0.0,"gold_gain":0.0,"event_name":"The Cleric","player_choice":"Healed","floor":12.0,"gold_loss":35.0,"damage_taken":0.0},{"damage_healed":0,"gold_gain":0,"player_choice":"Success","damage_taken":11,"relics_obtained":["Dead Branch"],"max_hp_gain":0,"max_hp_loss":0,"event_name":"Scrap Ooze","floor":13,"gold_loss":0}],"is_beta":false,"boss_relics":[],"items_purged_floors":[],"is_endless":false,"potions_floor_spawned":[6,8,11],"killed_by":"Hexaghost","ascension_level":18}}