{"host":"4ih4fq53sefgqhvb","time":1608200205,"event":{"mods":["AchievementEnabler","Aspiration","Bard","BaseMod","BetterRewards","Colored Map","Colored Powertips","Conspire","Downfall","Googly Eyes","Hermit","Highlight Path","Hubris","Infinite Spire","Jedi Mod","Jorbs\u0027s Wanderer Trilogy","Marisa????????","Mimic Mod","Minty Spire (QoL Compilation)","Quick Restart","Relic Stats","Replay The Spire","Shop Mod","StSLib","The Animator","The Cursed","The Jungle","The Runesmith"],"gold_per_floor":[99,110,124,124,158,83,122,138,165,177,177,352,370,149,168,263,263,113,125,125,125,125,125,125,125,141,174,191,191,191,3,14,111,111,111,111,21,52,52,64,89,135,135,166,25,43,43,43],"floor_reached":47,"playtime":12344,"items_purged":["Doubt","Writhe"],"score":584,"play_id":"fd7f1260-cbd7-4468-bbfc-5b72a4170227","local_time":"20201217021645","is_ascension_mode":false,"campfire_choices":[{"floor":4,"key":"RECALL"},{"floor":6,"key":"REST"},{"data":"Regret","floor":18,"key":"PURGE"},{"data":"Guardian:TimeSifter","floor":25,"key":"SMITH"},{"data":"Guardian:Orbwalk","floor":35,"key":"SMITH"},{"floor":39,"key":"REST"},{"floor":43,"key":"REST"}],"circlet_count":0,"master_deck":["Guardian:CurlUp","Guardian:TwinSlam+1","Guardian:RefractedBeam+1","Guardian:Orbwalk+1","Guardian:TimeBomb","Guardian:Planning","Guardian:Planning","Guardian:Orbwalk+1","Guardian:PolyBeam","Guardian:BaubleBeam","Guardian:GatlingBeam","Guardian:AncientConstruct","Guardian:HyperBeam_Guardian","Guardian:SphericShield","Guardian:MultiBeam","Guardian:TimeSifter+1","Guardian:ChargeCore","Guardian:Incinerate","Guardian:Suspension","Guardian:ArmoredProtocol","Guardian:GatlingBeam","Guardian:Reroute","Guardian:ShieldCharger","Guardian:StasisStrike","expansioncontent:Collect","Guardian:PrismaticBeam","Guardian:ShieldCharger+1","Guardian:Suspension+1","Guardian:Gem_Lightblue","Guardian:ChargeUp","Guardian:Gem_Fragmented","Guardian:StasisStrike"],"relics":["Guardian:ModeShifter","Unceasing Top","aspiration:ArtOfWarUpgrade","downfall:HeartBlessingRed","Pandora\u0027s Box","downfall:HeartBlessingGreen","downfall:HeartBlessingBlue","aspiration:RitualStick","infinitespire:Broken Mirror","Nunchaku","hubris:Spice","downfall:RedIOU","Strange Spoon","ReplayFunnel","Orichalcum","hubris:AstralHammer","Replay:Bottled Snecko"],"acts_visited":["Exordium","TheCity","TheBeyond"],"potions_floor_usage":[5,14,16,19,27,47,47],"damage_taken":[{"damage":0,"enemies":"Small Slimes","floor":2,"turns":3},{"damage":4,"enemies":"Jaw Worm","floor":3,"turns":4},{"damage":32,"enemies":"Lagavulin","floor":5,"turns":8},{"damage":0,"enemies":"Cultist","floor":7,"turns":7},{"damage":0,"enemies":"Cultist","floor":8,"turns":3},{"damage":16,"enemies":"Gremlin Nob","floor":9,"turns":4},{"damage":9,"enemies":"2 Fungi Beasts","floor":10,"turns":4},{"damage":14,"enemies":"3 Louse","floor":13,"turns":4},{"damage":3,"enemies":"downfall:FleeingMerchant","floor":14,"turns":4},{"damage":5,"enemies":"Exordium Wildlife","floor":15,"turns":4},{"damage":20,"enemies":"downfall:Watcher","floor":16,"turns":11},{"damage":4,"enemies":"Spheric Guardian","floor":19,"turns":4},{"damage":4,"enemies":"Chosen","floor":26,"turns":4},{"damage":32,"enemies":"Gremlin Leader","floor":27,"turns":5},{"damage":12,"enemies":"3 Cultists","floor":28,"turns":4},{"damage":6,"enemies":"downfall:FleeingMerchant","floor":31,"turns":4},{"damage":3,"enemies":"Snake Plant","floor":32,"turns":3},{"damage":15,"enemies":"downfall:Ironclad","floor":33,"turns":4},{"damage":12,"enemies":"downfall:FleeingMerchant","floor":37,"turns":4},{"damage":41,"enemies":"Reptomancer","floor":38,"turns":5},{"damage":20,"enemies":"Orb Walker","floor":40,"turns":4},{"damage":15,"enemies":"2 Orb Walkers","floor":42,"turns":3},{"damage":42,"enemies":"Nemesis","floor":44,"turns":5},{"damage":11,"enemies":"3 Shapes","floor":46,"turns":2},{"damage":4,"enemies":"Writhing Mass","floor":47,"turns":1}],"seed_played":"2844689697652872307","potions_obtained":[{"floor":3,"key":"Adrenaline Potion"},{"floor":9,"key":"Explosive Potion"},{"floor":10,"key":"Dexterity Potion"},{"floor":16,"key":"Guardian:DefensiveModePotion"},{"floor":26,"key":"Guardian:AcceleratePotion"},{"floor":33,"key":"Reflective Coating"},{"floor":44,"key":"jedi:tentaclejuice"}],"is_trial":false,"path_per_floor":["R_BF","M","M","R","E","R","MIM","M","E","M","?","?","M","$","M","B",null,"R_BF","M","R","?","R","?","T","R","M","E","M","?","?","$","M","B",null,"R","?","$","E","R","M","T","?","R","E","$","M","M"],"character_chosen":"GUARDIAN","items_purchased":["Guardian:BaubleBeam","Guardian:Gem_Lightblue","Guardian:Gem_Cyan","Guardian:Reroute","expansioncontent:Collect","Strange Spoon","Guardian:PrismaticBeam","Guardian:ChargeUp","Guardian:Gem_Fragmented"],"campfire_rested":3,"item_purchase_floors":[14,14,31,31,37,37,37,45,45],"current_hp_per_floor":[72,72,68,68,36,57,57,57,41,32,32,32,18,30,25,5,72,82,78,78,62,62,70,70,70,66,34,22,30,30,24,21,6,90,90,90,78,37,64,44,44,29,56,14,14,3,0,0],"gold":43,"neow_bonus":"ONE_RARE_RELIC","is_daily":false,"chose_seed":false,"campfire_upgraded":2,"win_rate":0.0,"timestamp":1608200205,"path_taken":["R_BF","M","M","R","E","R","MIM","M","E","M","?","?","?","?","M","BOSS","R_BF","M","R","?","R","?","T","R","?","E","?","?","?","?","M","BOSS","R","?","$","E","R","M","T","?","R","E","?","M","?"],"items_purchased_type":["Card","Card","Card","Card","Card","Relic","Card","Card","Card"],"build_version":"2020-12-13","purchased_purges":2,"victory":false,"max_hp_per_floor":[72,72,72,72,72,72,72,72,72,72,72,72,72,72,72,72,72,82,82,82,82,82,82,82,82,82,82,82,90,90,90,90,90,90,90,90,90,90,90,90,90,90,90,90,90,90,90,90],"relic_stats":{"Strange Spoon":[8],"Nunchaku":[6],"counters":[25,104],"Pandora\u0027s Box":["Guardian:AncientConstruct","Guardian:Gem_Crimson","Guardian:Gem_Lightblue","Guardian:HyperBeam_Guardian","Guardian:SphericShield","Guardian:MultiBeam","Guardian:TimeSifter","Guardian:ChargeCore"],"Orichalcum":[24],"obtain_stats":[{"ReplayFunnel":38,"downfall:HeartBlessingRed":6,"Guardian:ModeShifter":0,"downfall:HeartBlessingGreen":18,"Orichalcum":41,"aspiration:RitualStick":21,"Strange Spoon":37,"Nunchaku":27,"downfall:HeartBlessingBlue":18,"infinitespire:Broken Mirror":24,"hubris:Spice":29,"hubris:AstralHammer":42,"MealTicket":9,"Pandora\u0027s Box":17,"aspiration:ArtOfWarUpgrade":22,"downfall:RedIOU":30,"Art of War":5,"Replay:Bottled Snecko":44,"Unceasing Top":0},{"ReplayFunnel":20,"downfall:HeartBlessingRed":3,"Guardian:ModeShifter":0,"downfall:HeartBlessingGreen":11,"Orichalcum":21,"aspiration:RitualStick":12,"Strange Spoon":19,"Nunchaku":14,"downfall:HeartBlessingBlue":11,"infinitespire:Broken Mirror":12,"hubris:Spice":15,"hubris:AstralHammer":22,"MealTicket":6,"Pandora\u0027s Box":11,"aspiration:ArtOfWarUpgrade":12,"downfall:RedIOU":15,"Art of War":3,"Replay:Bottled Snecko":23,"Unceasing Top":0},{"ReplayFunnel":90,"downfall:HeartBlessingRed":15,"Guardian:ModeShifter":0,"downfall:HeartBlessingGreen":54,"Orichalcum":93,"aspiration:RitualStick":58,"Strange Spoon":86,"Nunchaku":67,"downfall:HeartBlessingBlue":54,"infinitespire:Broken Mirror":58,"hubris:Spice":71,"hubris:AstralHammer":96,"MealTicket":29,"Pandora\u0027s Box":54,"aspiration:ArtOfWarUpgrade":58,"downfall:RedIOU":71,"Art of War":15,"Replay:Bottled Snecko":101,"Unceasing Top":0}],"Unceasing Top":[3],"aspiration:RitualStick":[0]},"card_choices":[{"not_picked":["Guardian:TemporalStrike","Guardian:Gem_White"],"picked":"Guardian:RefractedBeam","floor":2},{"not_picked":["Guardian:ChargeUp","Guardian:DecasProtection"],"picked":"Guardian:Gem_Blue","floor":3},{"not_picked":["Guardian:Recover","Guardian:Gem_Lightblue"],"picked":"Guardian:Gem_Red","floor":5},{"not_picked":["Guardian:Reroute","Guardian:Recover"],"picked":"Guardian:Orbwalk","floor":7},{"not_picked":["Guardian:ShieldCharger","Guardian:MultiBeam"],"picked":"Guardian:TimeBomb","floor":8},{"not_picked":["Guardian:AncientConstruct","Guardian:PiercingHide"],"picked":"Guardian:Planning","floor":9},{"not_picked":["Guardian:TemporalShield","Guardian:Gem_Red"],"picked":"Guardian:Planning","floor":10},{"not_picked":["Guardian:PrismaticBarrier","Guardian:FloatingOrbs"],"picked":"Guardian:Orbwalk","floor":13},{"not_picked":["Guardian:Planning","Guardian:VentSteam"],"picked":"Guardian:PolyBeam","floor":14},{"not_picked":["Guardian:AncientConstruct","Guardian:PiercingHide"],"picked":"Guardian:Gem_Crimson","floor":15},{"not_picked":["Guardian:ConstructionForm","Guardian:Gem_Synthetic"],"picked":"Guardian:GatlingBeam","floor":16},{"not_picked":["Guardian:Gem_Red","Guardian:ShieldCharger"],"picked":"Guardian:Incinerate","floor":19},{"not_picked":["Guardian:Planning","Guardian:WalkerClaw"],"picked":"Guardian:Gem_Green","floor":26},{"not_picked":["Guardian:PolyBeam","Guardian:SentryBeam"],"picked":"Guardian:Suspension","floor":27},{"not_picked":["Guardian:PiercingHide","Guardian:TemporalStrike"],"picked":"Guardian:ArmoredProtocol","floor":28},{"not_picked":["Guardian:Suspension","Guardian:ArmoredProtocol"],"picked":"Guardian:GatlingBeam","floor":31},{"not_picked":["Guardian:RollAttack","Guardian:FloatingOrbs"],"picked":"Guardian:ShieldCharger","floor":32},{"not_picked":["Guardian:Gem_Synthetic","Guardian:BaubleBeam"],"picked":"Guardian:StasisStrike","floor":33},{"not_picked":["Guardian:PrismaticBarrier+1","Guardian:MultiBeam+1"],"picked":"Guardian:Gem_Lightblue","floor":37},{"not_picked":["Guardian:Gem_Lightblue","Guardian:AncientConstruct"],"picked":"Guardian:ShieldCharger+1","floor":38},{"not_picked":["Guardian:GuardianWhirl","Guardian:ShieldCharger"],"picked":"Guardian:Gem_Purple","floor":40},{"not_picked":["Guardian:TemporalShield+1","Guardian:ShieldCharger"],"picked":"Guardian:Suspension+1","floor":42},{"not_picked":["Guardian:ChargeCore+1","Guardian:CrystalBeam"],"picked":"Guardian:Gem_Lightblue","floor":44},{"not_picked":["Guardian:Recover+1","Guardian:Gem_Green"],"picked":"Guardian:StasisStrike","floor":46}],"player_experience":853911,"relics_obtained":[{"floor":5,"key":"Art of War"},{"floor":9,"key":"MealTicket"},{"floor":24,"key":"infinitespire:Broken Mirror"},{"floor":27,"key":"Nunchaku"},{"floor":38,"key":"ReplayFunnel"},{"floor":41,"key":"Orichalcum"},{"floor":42,"key":"hubris:AstralHammer"},{"floor":44,"key":"Replay:Bottled Snecko"}],"event_choices":[{"damage_healed":0,"gold_gain":0,"player_choice":"Grow","damage_taken":0,"max_hp_gain":0,"max_hp_loss":0,"event_name":"Living Wall","floor":1,"gold_loss":0,"cards_upgraded":["Guardian:TwinSlam"]},{"damage_healed":0,"gold_gain":0,"player_choice":"Fight","damage_taken":0,"max_hp_gain":0,"max_hp_loss":0,"event_name":"Mysterious Sphere","floor":42,"gold_loss":0}],"is_beta":false,"boss_relics":[{"not_picked":["hubris:ScarierMask","Astrolabe"],"picked":"Pandora\u0027s Box"},{"not_picked":["Snecko Eye","conspire:SeveredTorchhead","aspiration:WatcherSkillbook"]}],"items_purged_floors":[31,37],"is_endless":false,"potions_floor_spawned":[3,9,10,16,26,33,44],"killed_by":"Writhing Mass","ascension_level":0}}