{"host":"hfvpa4llnnjpeawn","time":1608215412,"event":{"mods":["2.2 Compatiblity","AchievementEnabler","Act Like it!","Aspiration","Bard","BaseMod","Beaked The Cultist","Better Skull","Better Third Choice","BetterRewards","CapriCore","Conspire","Downfall","Elementarium","Energized Spire","Hermit","Hubris","Jorbs\u0027s Wanderer Trilogy","Koishi","Lobotomy","Minty Spire (QoL Compilation)","Replay The Spire","Shade Mod","Spicy Shops","StSLib","The Bladedancer","The Factory","The Gatherer","The Jungle","Waifu the Spire","Wandering Minibosses"],"gold_per_floor":[99,3,3,3,23,23,23,36,68,68,84,95,113,131,149,252,252,102,9,9,42,52,52,52,52,52,72,82,67,67,67,79,182,182,182,195,195,195,195,1,28,28,42,68,401,26,41,57,76,76],"floor_reached":51,"playtime":4191,"items_purged":["champ:Strike"],"score":696,"play_id":"13430ba4-e8a3-4230-b2e8-202c779fd558","local_time":"20201217093012","is_ascension_mode":false,"campfire_choices":[{"data":"champ:Taunt","floor":1.0,"key":"SMITH"},{"data":"champ:GladiatorStyle","floor":4.0,"key":"SMITH"},{"floor":6.0,"key":"RECALL"},{"data":"champ:Riposte","floor":10.0,"key":"SMITH"},{"data":"champ:ShieldThrow","floor":18,"key":"SMITH"},{"floor":23,"key":"REST"},{"floor":26,"key":"REST"},{"data":"champ:HoldFirm","floor":35,"key":"SMITH"},{"data":"champ:VampiricStrike","floor":37,"key":"SMITH"},{"data":"RitualDagger","floor":39,"key":"SMITH"},{"data":"champ:ShieldWall","floor":42,"key":"SMITH"}],"circlet_count":0,"master_deck":["champ:Strike","champ:Strike","champ:Strike","champ:Defend","champ:Defend","champ:Defend","champ:Defend","champ:Execute","champ:Taunt+1","champ:BringItOn","champ:GladiatorStyle+1","champ:Circumvent","champ:FlashCut","champ:TornadoPunch","champ:Riposte+1","champ:Backstep","champ:HoldFirm+1","champ:BladeFlurry","champ:FaceSlap","champ:RecklessLeap","champ:AdrenalArmor","champ:ShieldThrow+1","champ:StanceDance","champ:BerserkersShout","champ:Duel","champ:GladiatorsShout+1","RitualDagger+1","champ:Shatter+1","champ:SteelEdge","champ:VampiricStrike+1","champ:EnGarde+1","Replay:SS_fish_2+1","champ:ShieldThrow","champ:Circumvent+1","champ:ShieldWall+1","champ:SkillfulDodge+1","champ:SkillfulDodge+1","champ:BladeFlurry+1","champ:BringItOn+1"],"relics":["conspire:SeveredTorchhead","ReplayTheSpireMod:CursedCoin","hubris:ToyBattleship","Spirit Poop","Replay:Bottled Steam","hubris:BottledRain","hubris:Backtick","Calipers","downfall:HeartBlessingRed","downfall:HeartBlessingGreen","Toxic Egg 2","hubris:SphereOfDissonance","Philosopher\u0027s Stone","ReplayTheSpireMod:Shallot","Lee\u0027s Waffle","Question Card","OrangePellets","conspire:TreasureMap"],"acts_visited":["Exordium","TheCity","TheBeyond"],"potions_floor_usage":[16,16,33,33,44,44,50,50],"damage_taken":[{"damage":10.0,"enemies":"downfall:FleeingMerchant","floor":2.0,"turns":4.0},{"damage":5.0,"enemies":"Jaw Worm","floor":5.0,"turns":3.0},{"damage":5.0,"enemies":"Cultist","floor":8.0,"turns":3.0},{"damage":17.0,"enemies":"3 Sentries","floor":9.0,"turns":8.0},{"damage":5.0,"enemies":"conspire:RoseBush","floor":11.0,"turns":3.0},{"damage":0.0,"enemies":"3 Louse","floor":12.0,"turns":3.0},{"damage":5.0,"enemies":"Red Slaver","floor":13.0,"turns":4.0},{"damage":5,"enemies":"Exordium Thugs","floor":14,"turns":4},{"damage":18,"enemies":"Blue Slaver","floor":15,"turns":2},{"damage":47,"enemies":"downfall:Defect","floor":16,"turns":7},{"damage":20,"enemies":"downfall:FleeingMerchant","floor":19,"turns":4},{"damage":40,"enemies":"Book of Stabbing","floor":21,"turns":6},{"damage":25,"enemies":"3 Byrds","floor":22,"turns":4},{"damage":3,"enemies":"3 Cultists","floor":27,"turns":3},{"damage":26,"enemies":"Shelled Parasite and Fungi","floor":28,"turns":4},{"damage":18,"enemies":"downfall:FleeingMerchant","floor":29,"turns":4},{"damage":5,"enemies":"Centurion and Healer","floor":32,"turns":3},{"damage":41,"enemies":"downfall:Ironclad","floor":33,"turns":7},{"damage":0,"enemies":"Orb Walker","floor":36,"turns":2},{"damage":45,"enemies":"downfall:FleeingMerchant","floor":40,"turns":3},{"damage":25,"enemies":"3 Shapes","floor":43,"turns":3},{"damage":41,"enemies":"Nemesis","floor":44,"turns":6},{"damage":23,"enemies":"Jaw Worm Horde","floor":47,"turns":4},{"damage":33,"enemies":"Sphere and 2 Shapes","floor":48,"turns":3},{"damage":32,"enemies":"Maw","floor":49,"turns":9},{"damage":31,"enemies":"downfall:Watcher","floor":50,"turns":6}],"seed_played":"3116791405656868272","potions_obtained":[{"floor":5.0,"key":"Weak Potion"},{"floor":8.0,"key":"Fire Potion"},{"floor":11.0,"key":"Swift Potion"},{"floor":14,"key":"PowerPotion"},{"floor":15,"key":"Guardian:BlockOnCardUsePotion"},{"floor":28,"key":"sneckomod:MuddlingPotion"},{"floor":32,"key":"FearPotion"},{"floor":33,"key":"Doom Potion"},{"floor":36,"key":"SpeedPotion"},{"floor":43,"key":"Slimebound:ThreeZeroPotion"},{"floor":48,"key":"Venom Potion"}],"is_trial":false,"path_per_floor":["R","$","?","R","M","R","T","M","E","R","M","M","M","M","M","B",null,"R","$","?","E","M","R","T","?","R","M","M","$","?","?","M","B",null,"R","M","R","?","R","$","T","R","M","E","?","$","M","M","M","B",null],"character_chosen":"THE_CHAMP","items_purchased":["champ:GladiatorStyle","ReplayTheSpireMod:CursedCoin","hubris:ToyBattleship","champ:Circumvent","champ:FlashCut","champ:StanceDance","champ:BerserkersShout","ReplayTheSpireMod:Shallot","Lee\u0027s Waffle","champ:ShieldWall","champ:SkillfulDodge+1","OrangePellets","conspire:TreasureMap"],"campfire_rested":2,"item_purchase_floors":[2,2,2,2,2,19,19,40,40,40,40,46,46],"current_hp_per_floor":[90,90,90,90,90,90,90,90,78,78,78,78,78,78,75,55,90,90,90,82,47,42,69,69,63,90,90,67,67,67,72,72,65,90,90,90,90,90,90,97,97,97,95,86,55,55,54,36,48,46],"gold":76,"neow_bonus":"BOSS_RELIC","is_daily":false,"chose_seed":false,"campfire_upgraded":8,"win_rate":0.0,"timestamp":1608215412,"path_taken":["R","$","?","R","M","R","T","M","E","R","M","M","M","?","M","BOSS","R","$","?","E","?","R","T","?","R","M","M","$","?","?","M","BOSS","R","M","R","?","R","?","T","R","M","E","?","$","M","?","M","BOSS"],"items_purchased_type":["Card","Relic","Relic","Card","Card","Card","Card","Relic","Relic","Card","Card","Relic","Relic"],"build_version":"2020-12-13","purchased_purges":1,"victory":true,"max_hp_per_floor":[90,90,90,90,90,90,90,90,90,90,90,90,90,90,90,90,90,90,90,90,90,90,90,90,90,90,90,90,90,90,90,90,90,90,90,90,90,90,90,97,97,97,97,97,97,97,97,97,97,97],"card_choices":[{"not_picked":["champ:DefensiveShout","champ:Encircle"],"picked":"champ:BringItOn","floor":2.0},{"not_picked":["champ:Aggression","champ:Balance"],"picked":"champ:TornadoPunch","floor":5.0},{"not_picked":["champ:CalledShot","champ:FocusedDefense"],"picked":"champ:Riposte","floor":8.0},{"not_picked":["champ:BerserkersShout","champ:GladiatorsShout"],"picked":"champ:Backstep","floor":9.0},{"not_picked":["champ:GladiatorsShout","champ:BerserkerStyle"],"picked":"champ:HoldFirm","floor":11.0},{"not_picked":["champ:DefensiveShout","champ:FanOfKnives"],"picked":"champ:BladeFlurry","floor":12.0},{"not_picked":["champ:Circumvent","champ:DefensiveShout"],"picked":"champ:FaceSlap","floor":13.0},{"not_picked":["champ:Encircle","champ:BerserkersShout"],"picked":"champ:RecklessLeap","floor":14},{"not_picked":["champ:Balance","champ:GladiatorsShout"],"picked":"champ:AdrenalArmor","floor":15},{"not_picked":["champ:CheapShot","champ:LastStand"],"picked":"champ:ShieldThrow","floor":16},{"not_picked":["champ:BerserkersShout","champ:CrookedStrike","champ:FaceSlap"],"picked":"SKIP","floor":19},{"not_picked":["champ:Backstep+1","champ:Shatter"],"picked":"champ:Duel","floor":21},{"not_picked":["champ:TornadoPunch","champ:BringItOn+1"],"picked":"champ:GladiatorsShout+1","floor":22},{"not_picked":["champ:BringItOn+1","champ:GladiatorsShout+1"],"picked":"champ:Shatter+1","floor":27},{"not_picked":["champ:GladiatorsShout+1","champ:StanceDance+1","champ:FlashCut"],"picked":"SKIP","floor":28},{"not_picked":["champ:BringItOn+1","champ:BladeFlurry","champ:Riposte+1"],"picked":"SKIP","floor":29},{"not_picked":["champ:ViciousMockery+1","champ:TornadoPunch"],"picked":"champ:SteelEdge","floor":32},{"not_picked":["champ:DancingMaster","champ:HoldFirm+1"],"picked":"champ:VampiricStrike","floor":33},{"not_picked":["champ:GladiatorsShout+1","champ:PreciseThrust","champ:BerserkerStyle+1"],"picked":"SKIP","floor":36},{"not_picked":["champ:Duel","champ:Balance+1"],"picked":"champ:Circumvent+1","floor":40},{"not_picked":["champ:Encircle+1","champ:GladiatorsShout+1","champ:CrookedStrike+1"],"picked":"SKIP","floor":43},{"not_picked":["champ:DefensiveShout+1","champ:Haymaker"],"picked":"champ:BladeFlurry+1","floor":44},{"not_picked":["champ:AdrenalArmor+1","champ:FlashCut","champ:Encircle","champ:Circumvent+1"],"picked":"SKIP","floor":47},{"not_picked":["champ:PreciseThrust","champ:MurderStrike","champ:RisingSlash"],"picked":"champ:BringItOn+1","floor":48},{"not_picked":["champ:DefensiveShout+1","champ:TornadoPunch+1","champ:FanOfKnives","champ:AdrenalArmor+1"],"picked":"SKIP","floor":49}],"player_experience":247581,"relics_obtained":[{"floor":7.0,"key":"Replay:Bottled Steam"},{"floor":9.0,"key":"hubris:BottledRain"},{"floor":21,"key":"Toxic Egg 2"},{"floor":24,"key":"hubris:SphereOfDissonance"},{"floor":44,"key":"Question Card"}],"event_choices":[{"cards_removed":["Replay:Hysterical Blindness"],"damage_healed":0.0,"max_hp_gain":0.0,"max_hp_loss":0.0,"gold_gain":0.0,"event_name":"Bonfire Elementals","player_choice":"Offered Curse","floor":3.0,"gold_loss":0.0,"damage_taken":0.0,"relics_obtained":["Spirit Poop"]},{"damage_healed":0,"gold_gain":0,"player_choice":"Punched","damage_taken":8,"max_hp_gain":0,"max_hp_loss":0,"event_name":"Designer","floor":20,"gold_loss":0},{"damage_healed":0,"gold_gain":0,"player_choice":"Ignored","damage_taken":0,"max_hp_gain":0,"max_hp_loss":0,"event_name":"Ghosts","floor":30,"gold_loss":0},{"damage_healed":5,"gold_gain":0,"player_choice":"LEAVE ","damage_taken":0,"relics_obtained":[],"max_hp_gain":0,"max_hp_loss":0,"event_name":"betterSkull:BetterSkull","floor":31,"gold_loss":0,"cards_upgraded":[]},{"damage_healed":0,"gold_gain":333,"player_choice":"GO GO GO ","damage_taken":34,"relics_obtained":[],"max_hp_gain":0,"max_hp_loss":0,"event_name":"betterSkull:BetterSkull","floor":45,"gold_loss":0,"cards_upgraded":[]}],"is_beta":false,"boss_relics":[{"not_picked":["hubris:TerracottaHorce","hubris:ScarierMask"],"picked":"hubris:Backtick"},{"not_picked":["Honey Jar","conspire:SlowCooker"],"picked":"Philosopher\u0027s Stone"}],"items_purged_floors":[46],"is_endless":false,"potions_floor_spawned":[5,8,11,14,15,28,32,33,36,43,48],"ascension_level":0}}