{"host":"81dxrjdkqahvuj3t","time":1608182304,"event":{"mods":["BaseMod","Colored Map","Minty Spire (QoL Compilation)","Replay The Spire","StSLib"],"gold_per_floor":[118,129,205,215,15,42,42,57,57,57,57,67,67,86,86,190,190,200,200,9,28,28,28],"floor_reached":22,"playtime":1179,"items_purged":[],"score":233,"play_id":"3e26f696-03ef-4a0e-846e-fc548775ba08","local_time":"20201217001824","is_ascension_mode":true,"campfire_choices":[{"floor":7,"key":"REST"},{"data":"Gash","floor":10,"key":"SMITH"},{"data":"Zap","floor":15,"key":"SMITH"}],"circlet_count":0,"master_deck":["Strike_B","Strike_B","Strike_B","Defend_B","Defend_B","Defend_B","Defend_B","Zap+1","Dualcast","BasicCrystalCard","Compile Driver","ReplayTheSpireMod:Calculation Training","ReplayTheSpireMod:Splinters","Ball Lightning","Gash","Gash+1","Hologram","All For One","Leap","Conserve Battery","Machine Learning","Capacitor","Leap+1"],"relics":["Cracked Core","Nunchaku","Regal Pillow","Darkstone Periapt","Bottled Flame","Velvet Choker","Nilry\u0027s Codex","Toy Ornithopter","Prayer Wheel"],"acts_visited":["Exordium","TheCity"],"potions_floor_usage":[6,12,16,16,21],"damage_taken":[{"damage":9,"enemies":"2 Louse","floor":1,"turns":2},{"damage":2,"enemies":"Jaw Worm","floor":2,"turns":3},{"damage":0,"enemies":"Cultist","floor":4,"turns":3},{"damage":25,"enemies":"3 Sentries","floor":6,"turns":5},{"damage":14,"enemies":"2 Fungi Beasts","floor":8,"turns":2},{"damage":0,"enemies":"Blue Slaver","floor":12,"turns":2},{"damage":10,"enemies":"Lots of Slimes","floor":14,"turns":3},{"damage":37,"enemies":"Fading Forest","floor":16,"turns":11},{"damage":6,"enemies":"Spheric Guardian","floor":18,"turns":3},{"damage":29,"enemies":"2 Thieves","floor":21,"turns":4},{"damage":20,"enemies":"Chosen and Byrds","floor":22,"turns":2}],"seed_played":"6796899426602725135","potions_obtained":[{"floor":2,"key":"Block Potion"},{"floor":6,"key":"GamblersBrew"},{"floor":8,"key":"BlessingOfTheForge"}],"is_trial":false,"path_per_floor":["M","M","?","M","$","E","R","M","T","R","?","M","$","M","R","B",null,"M","?","$","M","M"],"character_chosen":"DEFECT","items_purchased":["Regal Pillow","PowerPotion","Toy Ornithopter","AttackPotion"],"campfire_rested":1,"item_purchase_floors":[5,5,20,20],"current_hp_per_floor":[66,64,64,64,64,39,75,61,61,61,61,61,61,51,51,22,62,56,40,40,16,0,0],"gold":28,"neow_bonus":"RANDOM_EVENT","is_daily":false,"chose_seed":false,"campfire_upgraded":2,"win_rate":0.0,"timestamp":1608182304,"path_taken":["M","M","?","M","$","E","R","M","T","R","?","?","$","M","R","BOSS","M","?","$","M","M"],"items_purchased_type":["Relic","Potion","Relic","Potion"],"build_version":"2020-12-13","purchased_purges":0,"victory":false,"max_hp_per_floor":[75,75,75,75,75,75,75,75,75,75,75,75,75,75,75,75,75,75,75,75,75,75,75],"card_choices":[{"not_picked":["Beam Cell","BasicCrystalCard"],"picked":"Compile Driver","floor":1},{"not_picked":["Scrape","Barrage"],"picked":"ReplayTheSpireMod:Calculation Training","floor":2},{"not_picked":["Barrage","Panic Button"],"picked":"Ball Lightning","floor":3},{"not_picked":["Conserve Battery","Turbo"],"picked":"Gash","floor":3},{"not_picked":["Redo","Ball Lightning"],"picked":"Gash","floor":4},{"not_picked":["BasicCrystalCard","Glacier"],"picked":"Hologram","floor":6},{"not_picked":["Stack","Ball Lightning"],"picked":"All For One","floor":8},{"not_picked":["Panic Button","Streamline"],"picked":"Leap","floor":12},{"not_picked":["Ball Lightning","Leap"],"picked":"Conserve Battery","floor":14},{"not_picked":["Core Surge","Buffer"],"picked":"Machine Learning","floor":16},{"not_picked":["Hello World","Reprogram+1"],"picked":"Capacitor","floor":18},{"not_picked":["Go for the Eyes+1","Panic Button"],"picked":"Leap+1","floor":21}],"player_experience":412053,"relics_obtained":[{"floor":3,"key":"Nunchaku"},{"floor":6,"key":"Darkstone Periapt"},{"floor":9,"key":"Bottled Flame"},{"floor":19,"key":"Nilry\u0027s Codex"}],"event_choices":[{"damage_healed":0,"gold_gain":0,"cards_transformed":["Strike_B"],"player_choice":"Change","damage_taken":0,"max_hp_gain":0,"max_hp_loss":0,"event_name":"Living Wall","floor":0,"gold_loss":0,"cards_obtained":["BasicCrystalCard"]},{"damage_healed":0,"gold_gain":0,"player_choice":"Bought 0 Potions","damage_taken":0,"max_hp_gain":0,"max_hp_loss":0,"event_name":"The Woman in Blue","floor":11,"gold_loss":0},{"damage_healed":0,"gold_gain":0,"player_choice":"Obtained Book","damage_taken":16,"max_hp_gain":0,"max_hp_loss":0,"event_name":"Cursed Tome","floor":19,"gold_loss":0}],"is_beta":false,"boss_relics":[{"not_picked":["Astrolabe","Runic Pyramid"],"picked":"Velvet Choker"}],"items_purged_floors":[],"is_endless":false,"potions_floor_spawned":[2,6,8],"killed_by":"Chosen and Byrds","ascension_level":5}}