{"host":"raai0vtvcfkt8csp","time":1608204182,"event":{"mods":["2.2 Compatiblity","BaseMod","Block Reminder","Booster Modes","DeckTracker","Defective Defect","Dio Mod","Downfall","GifTheSpireLib","Infinite Spire","Minty Spire (QoL Compilation)","Quick Restart","Random Character Button","Rare Cards Sparkle","StSLib","Unceasing Turn Reminder"],"gold_per_floor":[99,115,115,140,152,180,205,205,232,157,157,175,186,206,220,320,320,320,355,375,391,416,416,442,456,490,415,76,61,74,93,109,210,210,210,210,226,251,251,270,270,282,316,241,30,30,30,51,73,97,97,121,121],"floor_reached":52,"playtime":5539,"items_purged":[],"score":884,"play_id":"68c86918-d6fd-4899-a527-23731bf4be8c","local_time":"20201217122302","is_ascension_mode":true,"campfire_choices":[{"data":"Bite","floor":1,"key":"SMITH"},{"floor":8,"key":"REST"},{"data":"dioMod:Regeneration","floor":10,"key":"SMITH"},{"data":"dioMod:PathToHeaven","floor":18,"key":"SMITH"},{"floor":23,"key":"RECALL"},{"data":"dioMod:BloodTransfusion","floor":27,"key":"SMITH"},{"data":"dioMod:GoldVial","floor":35,"key":"SMITH"},{"data":"expansioncontent:DashGenerateEvil","floor":39,"key":"SMITH"},{"data":"dioMod:ZaWarudo","floor":44,"key":"SMITH"}],"circlet_count":0,"master_deck":["dioMod:Strike","dioMod:Strike","Bite+1","dioMod:Defend","dioMod:Defend","dioMod:Defend","dioMod:Defend","dioMod:BloodSuck","dioMod:Regeneration+1","dioMod:WRYYY","dioMod:HeavyLifting","dioMod:BloodTransfusion","dioMod:BloodSuck","dioMod:SlashThroughTime","dioMod:CautiousMuda","dioMod:LaserVision","dioMod:Freeze","dioMod:ComboFever","dioMod:PathToHeaven+1","dioMod:BloodTransfusion+1","dioMod:BloodShield+1","dioMod:DaggerToss","dioMod:ZaWarudo+1","dioMod:VengefulMuda","dioMod:SevenPageMuda","dioMod:SadisticLaugh+1","expansioncontent:DashGenerateEvil+1","dioMod:DaggerToss","dioMod:BloodShield+1","dioMod:SevenPageMuda","dioMod:ComposedMuda+1","dioMod:GoldVial+1","dioMod:BlendIn","dioMod:Pluck","dioMod:DarkRebirth+1","dioMod:Muda","dioMod:DaggerToss+1","dioMod:Regeneration+1"],"relics":["dioMod:VampireBlood","Dream Catcher","StoneCalendar","Orichalcum","White Beast Statue","downfall:HeartBlessingGreen","expansioncontent:StudyCardRelic","Bottled Flame","Bronze Scales","Anchor","infinitespire:Lucky Rock","downfall:HeartBlessingRed","Happy Flower","Busted Crown","Darkstone Periapt","Art of War","downfall:HeartBlessingBlue","infinitespire:Midas Blood","Ginger"],"acts_visited":["Exordium","TheCity","TheBeyond","TheEnding"],"potions_floor_usage":[4,6,9,9,16,19,19,19,19,19,29,29,29,29,30,37,38,40,43,43,43,45,49,52],"damage_taken":[{"damage":2,"enemies":"Small Slimes","floor":2,"turns":4},{"damage":34,"enemies":"Gremlin Nob","floor":4,"turns":5},{"damage":2,"enemies":"Jaw Worm","floor":5,"turns":6},{"damage":75,"enemies":"Lagavulin","floor":6,"turns":13},{"damage":20,"enemies":"Gremlin Nob","floor":9,"turns":5},{"damage":5,"enemies":"Cultist","floor":12,"turns":5},{"damage":13,"enemies":"2 Fungi Beasts","floor":13,"turns":5},{"damage":11,"enemies":"Lots of Slimes","floor":14,"turns":5},{"damage":12,"enemies":"Red Slaver","floor":15,"turns":7},{"damage":159,"enemies":"downfall:Silent","floor":16,"turns":24},{"damage":86,"enemies":"Gremlin Leader","floor":19,"turns":7},{"damage":15,"enemies":"Chosen","floor":20,"turns":6},{"damage":15,"enemies":"Centurion and Healer","floor":21,"turns":7},{"damage":43,"enemies":"Book of Stabbing","floor":22,"turns":7},{"damage":22,"enemies":"Snake Plant","floor":25,"turns":5},{"damage":38,"enemies":"Gremlin Leader","floor":26,"turns":7},{"damage":1,"enemies":"downfall:FleeingMerchant","floor":28,"turns":5},{"damage":3,"enemies":"downfall:FleeingMerchant","floor":29,"turns":5},{"damage":1,"enemies":"Shelled Parasite and Fungi","floor":30,"turns":3},{"damage":8,"enemies":"Sentry and Sphere","floor":31,"turns":7},{"damage":3,"enemies":"3 Cultists","floor":32,"turns":3},{"damage":3,"enemies":"downfall:Ironclad","floor":33,"turns":6},{"damage":14,"enemies":"Orb Walker","floor":37,"turns":4},{"damage":49,"enemies":"Reptomancer","floor":38,"turns":6},{"damage":6,"enemies":"3 Darklings","floor":40,"turns":5},{"damage":11,"enemies":"Jaw Worm Horde","floor":42,"turns":5},{"damage":60,"enemies":"Nemesis","floor":43,"turns":7},{"damage":0,"enemies":"downfall:FleeingMerchant","floor":45,"turns":4},{"damage":28,"enemies":"Transient","floor":48,"turns":6},{"damage":21,"enemies":"4 Shapes","floor":49,"turns":7},{"damage":61,"enemies":"downfall:Watcher","floor":50,"turns":10},{"damage":190,"enemies":"downfall:CharBossMerchant","floor":52,"turns":9}],"seed_played":"-2100793282215514314","potions_obtained":[{"floor":0,"key":"dioMod:HumanBlood"},{"floor":0,"key":"CultistPotion"},{"floor":0,"key":"LiquidBronze"},{"floor":4,"key":"Weak Potion"},{"floor":6,"key":"LiquidMemories"},{"floor":12,"key":"SteroidPotion"},{"floor":13,"key":"PowerPotion"},{"floor":16,"key":"EntropicBrew"},{"floor":19,"key":"Strength Potion"},{"floor":20,"key":"dioMod:HumanBlood"},{"floor":21,"key":"Energy Potion"},{"floor":25,"key":"EntropicBrew"},{"floor":29,"key":"infinitespire:BlackPotion"},{"floor":30,"key":"Regen Potion"},{"floor":31,"key":"Regen Potion"},{"floor":37,"key":"Guardian:BlockOnCardUsePotion"},{"floor":38,"key":"CultistPotion"},{"floor":40,"key":"EntropicBrew"},{"floor":43,"key":"SneckoOil"},{"floor":45,"key":"PowerPotion"},{"floor":49,"key":"BlessingOfTheForge"}],"is_trial":false,"path_per_floor":["R","M","?","E","M","E","T","R","E","R","?","M","M","M","M","B",null,"R","E","M","M","E","R","T","M","E","R","$","$","M","M","M","B",null,"R","?","M","E","R","M","T","M","E","R","$","$","?","M","M","B",null,"E"],"character_chosen":"THE_DEFAULT","items_purchased":["expansioncontent:DashGenerateEvil","Happy Flower","infinitespire:Midas Blood","Ginger"],"campfire_rested":1,"item_purchase_floors":[28,28,45,45],"current_hp_per_floor":[75,75,75,58,75,30,30,52,75,75,75,75,75,75,75,27,75,75,37,68,75,75,75,75,75,75,75,75,75,75,75,75,75,75,75,75,75,62,62,75,75,75,73,83,85,85,85,76,85,85,85,0,0],"gold":121,"neow_bonus":"THREE_SMALL_POTIONS","is_daily":false,"chose_seed":false,"campfire_upgraded":7,"win_rate":0.0,"timestamp":1608204182,"path_taken":["R","M","?","E","M","E","T","R","E","R","?","M","M","?","M","BOSS","R","E","M","M","E","R","T","M","E","R","$","$","M","M","M","BOSS","R","?","M","E","R","?","T","M","E","R","?","$","?","M","M","BOSS","E"],"items_purchased_type":["Card","Relic","Relic","Relic"],"build_version":"2020-12-13","purchased_purges":0,"victory":false,"max_hp_per_floor":[75,75,75,75,75,75,75,75,75,75,75,75,75,75,75,75,75,75,75,75,75,75,75,75,75,75,75,75,75,75,75,75,75,75,75,75,75,75,75,75,75,75,75,85,85,85,85,85,85,85,85,85,85],"card_choices":[{"not_picked":["dioMod:DominatingPresence","dioMod:LaserVision"],"picked":"dioMod:BloodSuck","floor":2},{"not_picked":["dioMod:DoubleTime","dioMod:DaggerToss"],"picked":"dioMod:Regeneration","floor":4},{"not_picked":["dioMod:TripleThreat","dioMod:Roundabout"],"picked":"dioMod:WRYYY","floor":5},{"not_picked":["dioMod:Refresh","dioMod:SecretPlan"],"picked":"dioMod:HeavyLifting","floor":6},{"not_picked":["dioMod:SlashThroughTime","dioMod:DarkRebirth"],"picked":"dioMod:BloodTransfusion","floor":8},{"not_picked":["dioMod:SlashThroughTime","dioMod:SecretPlan"],"picked":"dioMod:BloodSuck","floor":9},{"not_picked":["dioMod:TripleThreat","dioMod:ComposedMuda"],"picked":"dioMod:CautiousMuda","floor":12},{"not_picked":["dioMod:TripleThreat","dioMod:SecretPlan"],"picked":"dioMod:LaserVision","floor":13},{"not_picked":["dioMod:VengefulMuda","dioMod:Hiss"],"picked":"dioMod:Freeze","floor":14},{"not_picked":["dioMod:Donut","dioMod:HeavyLifting"],"picked":"dioMod:ComboFever","floor":15},{"not_picked":["dioMod:UltimateSacrifice","dioMod:ZaWarudo"],"picked":"dioMod:PathToHeaven","floor":16},{"not_picked":["dioMod:CutDeep","dioMod:FlyAway"],"picked":"dioMod:BloodTransfusion","floor":19},{"not_picked":["dioMod:WRYYY","dioMod:BloodSplash+1"],"picked":"dioMod:BloodShield+1","floor":20},{"not_picked":["dioMod:DisarmingVoice","dioMod:Hiss"],"picked":"dioMod:DaggerToss","floor":21},{"not_picked":["dioMod:SadisticLaugh","dioMod:WRYYY"],"picked":"dioMod:ZaWarudo","floor":22},{"not_picked":["dioMod:DaggerToss","dioMod:SadisticLaugh"],"picked":"dioMod:VengefulMuda","floor":25},{"not_picked":["dioMod:TripleThreat","dioMod:DominatingPresence"],"picked":"dioMod:SevenPageMuda","floor":26},{"not_picked":["dioMod:BloodShield","dioMod:ComboFever"],"picked":"dioMod:SadisticLaugh+1","floor":28},{"not_picked":["dioMod:ComboFever","dioMod:DominatingPresence"],"picked":"dioMod:DaggerToss","floor":29},{"not_picked":["dioMod:FlyAway","dioMod:SecretPlan"],"picked":"dioMod:BloodShield+1","floor":30},{"not_picked":["dioMod:CautiousMuda","dioMod:Muda"],"picked":"dioMod:SevenPageMuda","floor":31},{"not_picked":["dioMod:SadisticLaugh","dioMod:BloodSuck"],"picked":"dioMod:ComposedMuda+1","floor":32},{"not_picked":["dioMod:Pluck","dioMod:ZaWarudo"],"picked":"dioMod:GoldVial","floor":33},{"not_picked":[],"picked":"dioMod:DarkRebirth+1","floor":37},{"not_picked":["dioMod:Hiss+1"],"picked":"SKIP","floor":38},{"not_picked":[],"picked":"dioMod:Muda","floor":40},{"not_picked":[],"picked":"dioMod:DaggerToss+1","floor":42},{"not_picked":["dioMod:BloodSuck+1"],"picked":"SKIP","floor":43},{"not_picked":["dioMod:LaserVision"],"picked":"SKIP","floor":45},{"not_picked":["dioMod:StreetSign+1"],"picked":"SKIP","floor":48},{"not_picked":["dioMod:SlashThroughTime+1"],"picked":"SKIP","floor":49}],"player_experience":568378,"relics_obtained":[{"floor":4,"key":"Dream Catcher"},{"floor":6,"key":"StoneCalendar"},{"floor":7,"key":"Orichalcum"},{"floor":9,"key":"White Beast Statue"},{"floor":19,"key":"Bottled Flame"},{"floor":22,"key":"Bronze Scales"},{"floor":24,"key":"Anchor"},{"floor":26,"key":"infinitespire:Lucky Rock"},{"floor":38,"key":"Darkstone Periapt"},{"floor":43,"key":"Art of War"}],"event_choices":[{"damage_healed":0,"gold_gain":0,"cards_transformed":["dioMod:Strike"],"player_choice":"Transformed","damage_taken":0,"max_hp_gain":0,"max_hp_loss":0,"event_name":"Transmorgrifier","floor":11,"gold_loss":0,"cards_obtained":["dioMod:SlashThroughTime"]},{"damage_healed":0,"gold_gain":0,"player_choice":"Copied","damage_taken":0,"max_hp_gain":0,"max_hp_loss":0,"event_name":"Duplicator","floor":47,"gold_loss":0,"cards_obtained":["dioMod:Regeneration"]}],"is_beta":false,"boss_relics":[{"not_picked":["Tiny House","Runic Pyramid"],"picked":"expansioncontent:StudyCardRelic"},{"not_picked":["Snecko Eye","Sozu"],"picked":"Busted Crown"}],"items_purged_floors":[],"is_endless":false,"potions_floor_spawned":[4,5,6,12,13,14,15,16,19,20,21,22,25,26,28,29,30,31,32,33,37,38,40,42,43,45,48,49],"killed_by":"downfall:CharBossMerchant","ascension_level":1}}