{"host":"gk5m6v7zec9neb0j","time":1608240124,"event":{"mods":["AchievementEnabler","AlwaysNeverKeys","BaseMod","BetterRewards","Block Reminder","Minty Spire (QoL Compilation)","Rare Cards Sparkle","Relic Stats","StSLib"],"gold_per_floor":[109,128,139,139,157,157,172,203,228,238,76,90,104,121,121,217,267,280,22,22,33,33,59,59,77,152,170,46,63,76,126,126,222,222,235,235,252,269,102,132,148,1,80,80,130,130,140,156,156,156,156,156,31,57,57,57],"floor_reached":55,"playtime":2787,"items_purged":["Strike_G","Strike_G","Strike_G"],"score":927,"play_id":"58411644-f990-44f1-82dd-631a7d0998d0","local_time":"20201217162204","is_ascension_mode":false,"campfire_choices":[{"floor":6,"key":"REST"},{"floor":15,"key":"REST"},{"data":"Neutralize","floor":24,"key":"SMITH"},{"floor":32,"key":"REST"},{"floor":49,"key":"REST"},{"data":"After Image","floor":52,"key":"SMITH"}],"circlet_count":0,"master_deck":["Strike_G+1","Defend_G","Defend_G","Defend_G","Defend_G","Defend_G","Survivor","Neutralize+1","Accuracy","Escape Plan","Leg Sweep","All Out Attack+1","Unload+1","Deflect","After Image+1","Backstab","Infinite Blades+1","Deflect","Backstab","Panache+1","Accuracy+1","Cloak And Dagger+1","Caltrops+1"],"relics":["Ring of the Snake","Ninja Scroll","Incense Burner","StoneCalendar","Strawberry","Tiny House","Shuriken","Akabeko","Art of War","Frozen Egg 2","SacredBark","Omamori","Oddly Smooth Stone","InkBottle","FossilizedHelix","Whetstone"],"acts_visited":["Exordium","TheCity","TheBeyond","TheEnding"],"potions_floor_usage":[16,23,33,35,50],"damage_taken":[{"damage":0,"enemies":"Small Slimes","floor":1,"turns":4},{"damage":0,"enemies":"Cultist","floor":2,"turns":3},{"damage":0,"enemies":"2 Louse","floor":3,"turns":2},{"damage":0,"enemies":"Lots of Slimes","floor":5,"turns":8},{"damage":0,"enemies":"Red Slaver","floor":7,"turns":3},{"damage":11,"enemies":"3 Sentries","floor":8,"turns":19},{"damage":2,"enemies":"Looter","floor":10,"turns":4},{"damage":7,"enemies":"Exordium Thugs","floor":12,"turns":2},{"damage":0,"enemies":"Large Slime","floor":13,"turns":5},{"damage":4,"enemies":"Blue Slaver","floor":14,"turns":4},{"damage":11,"enemies":"Slime Boss","floor":16,"turns":7},{"damage":21,"enemies":"2 Thieves","floor":18,"turns":5},{"damage":0,"enemies":"Spheric Guardian","floor":21,"turns":1},{"damage":28,"enemies":"Book of Stabbing","floor":23,"turns":7},{"damage":0,"enemies":"Snecko","floor":25,"turns":6},{"damage":7,"enemies":"Snake Plant","floor":27,"turns":5},{"damage":1,"enemies":"3 Cultists","floor":29,"turns":4},{"damage":3,"enemies":"Snecko","floor":30,"turns":5},{"damage":20,"enemies":"Champ","floor":33,"turns":13},{"damage":1,"enemies":"3 Shapes","floor":35,"turns":4},{"damage":5,"enemies":"Orb Walker","floor":37,"turns":3},{"damage":9,"enemies":"3 Darklings","floor":38,"turns":7},{"damage":20,"enemies":"Nemesis","floor":40,"turns":7},{"damage":22,"enemies":"Jaw Worm Horde","floor":41,"turns":6},{"damage":0,"enemies":"Mind Bloom Boss Battle","floor":45,"turns":5},{"damage":1,"enemies":"Spire Growth","floor":47,"turns":5},{"damage":0,"enemies":"Sphere and 2 Shapes","floor":48,"turns":5},{"damage":38,"enemies":"Awakened One","floor":50,"turns":14},{"damage":73,"enemies":"Shield and Spear","floor":54,"turns":7},{"damage":15,"enemies":"The Heart","floor":55,"turns":2}],"seed_played":"-2023484370980014323","potions_obtained":[{"floor":12,"key":"PowerPotion"},{"floor":14,"key":"SneckoOil"},{"floor":16,"key":"Energy Potion"},{"floor":17,"key":"Regen Potion"},{"floor":18,"key":"SkillPotion"},{"floor":27,"key":"Block Potion"},{"floor":35,"key":"Fruit Juice"}],"is_trial":false,"path_per_floor":["M","M","M","?","M","R","M","E","T","M","$","M","M","M","R","B",null,"M","$","?","M","$","E","R","M","T","M","$","M","M","?","R","B",null,"M","?","M","M","$","E","M","$","T","?","?","?","M","M","R","B",null,"R","$","E","B"],"character_chosen":"THE_SILENT","items_purchased":["Ninja Scroll","Accuracy","Escape Plan","Leg Sweep","Unload","Shuriken","Deflect","Panache+1","Oddly Smooth Stone"],"campfire_rested":4,"item_purchase_floors":[0,0,0,0,11,19,28,39,42],"current_hp_per_floor":[39,39,39,39,39,60,60,49,56,54,54,47,47,43,66,55,82,61,61,61,61,61,42,42,42,42,35,35,34,31,31,55,35,82,91,91,86,77,77,57,35,35,35,35,35,35,34,34,60,22,87,87,87,14,0,0],"gold":57,"neow_bonus":"","is_daily":false,"chose_seed":false,"campfire_upgraded":2,"win_rate":0.0,"timestamp":1608240124,"path_taken":["M","M","M","?","?","R","M","E","T","M","$","M","M","M","R","BOSS","M","$","?","?","$","E","R","M","T","M","?","M","M","?","R","BOSS","M","?","M","M","$","E","M","$","T","?","?","?","M","M","R","BOSS","R","$","E","BOSS"],"items_purchased_type":["Relic","Card","Card","Card","Card","Relic","Card","Card","Relic"],"build_version":"2020-12-13","purchased_purges":3,"victory":false,"max_hp_per_floor":[70,70,70,70,70,70,70,70,77,77,77,77,77,77,77,77,82,82,82,82,82,82,82,82,82,82,82,82,82,82,82,82,82,82,92,92,92,92,92,92,92,92,92,92,92,87,87,87,87,87,87,87,87,87,87,87],"relic_stats":{"counters":[701,4080],"Shuriken":[146],"StoneCalendar":[301],"Art of War":[15],"Whetstone":["Strike_G","All Out Attack"],"obtain_stats":[{"TwistedFunnel":0,"Ginger":0,"Whetstone":4,"Bottled Tornado":14,"Sling":0,"Boot":49,"FrozenCore":17,"Old Coin":15,"Blood Vial":19,"Sundial":52,"MealTicket":8,"Fusion Hammer":34,"HandDrill":10,"Necronomicon":28,"Kunai":9,"Pear":26,"Blue Candle":9,"Tingsha":0,"Eternal Feather":52,"Pen Nib":9,"Paper Crane":40,"Akabeko":9,"SlaversCollar":34,"Bird Faced Urn":7,"MutagenicStrength":20,"CultistMask":10,"StrikeDummy":47,"Unceasing Top":3,"Ring of the Serpent":17,"Lantern":13,"Regal Pillow":11,"Torii":0,"Singing Bowl":29,"StoneCalendar":0,"Bag of Preparation":7,"Cursed Key":34,"Ancient Tea Set":26,"Smiling Mask":26,"Shovel":9,"Matryoshka":24,"WristBlade":17,"Ninja Scroll":43,"Toolbox":53,"WingedGreaves":0,"Chemical X":0,"InkBottle":49,"Ring of the Snake":0,"Potion Belt":14,"The Specimen":0,"Golden Idol":8,"PreservedInsect":43,"The Courier":26,"Omamori":23,"Seething Fire":0,"Frozen Egg 2":25,"MawBank":43,"Ornamental Fan":30,"Orrery":20,"Turnip":48,"Art of War":7,"Bottled Lightning":9,"Toy Ornithopter":9,"Ice Cream":42,"Calipers":9,"Tiny House":17,"Gremlin Horn":29,"CeramicFish":43,"Vajra":10,"HoveringKite":17,"Hammer of Thor":0,"Runic Capacitor":0,"Sozu":34,"Lizard Tail":0,"Centennial Puzzle":42,"DollysMirror":0,"Strawberry":23,"Prayer Wheel":47,"Toxic Egg 2":11,"Girya":0,"Happy Flower":26,"Dead Branch":17,"Oddly Smooth Stone":28,"Letter Opener":17,"War Paint":43,"Question Card":41,"WarpedTongs":3,"Du-Vu Doll":20,"OrangePellets":0,"Bottled Flame":28,"Shuriken":42,"Anvil of the Gods":0,"Bronze Scales":0,"Molten Egg 2":43,"Black Star":17,"Nloth\u0027s Gift":28,"Pocketwatch":0,"Meat on the Bone":14,"Darkstone Periapt":42,"SacredBark":17,"Enchiridion":20,"Mango":0,"Snake Skull":54,"Juzu Bracelet":43,"Incense Burner":17,"Empty Cage":17,"PrismaticShard":0,"ClockworkSouvenir":0,"Frozen Eye":45,"Nunchaku":3,"Dream Catcher":40,"Tough Bandages":0,"TheAbacus":22,"Mummified Hand":31,"Pantograph":3,"Gambling Chip":0,"Tiny Chest":30,"Red Mask":29,"Cracked Core":0,"Runic Pyramid":17,"Orichalcum":26,"Odd Mushroom":8,"White Beast Statue":41,"Mercury Hourglass":17,"Peace Pipe":0,"Calling Bell":17,"Cauldron":36,"Strange Spoon":37,"CaptainsWheel":9,"Anchor":26,"Bag of Marbles":30,"Membership Card":20,"TungstenRod":0,"FossilizedHelix":40},{"TwistedFunnel":195,"Ginger":96,"Whetstone":196,"Bottled Tornado":144,"Sling":149,"Boot":367,"FrozenCore":145,"Old Coin":299,"Blood Vial":192,"Sundial":368,"MealTicket":142,"Fusion Hammer":232,"HandDrill":155,"Necronomicon":383,"Kunai":164,"Pear":205,"Blue Candle":526,"Tingsha":149,"Eternal Feather":216,"Pen Nib":220,"Paper Crane":389,"Akabeko":155,"SlaversCollar":284,"Bird Faced Urn":154,"MutagenicStrength":354,"CultistMask":422,"StrikeDummy":135,"Unceasing Top":98,"Ring of the Serpent":353,"Lantern":116,"Regal Pillow":298,"Torii":195,"Singing Bowl":659,"StoneCalendar":218,"Bag of Preparation":113,"Cursed Key":255,"Ancient Tea Set":305,"Smiling Mask":356,"Shovel":198,"Matryoshka":382,"WristBlade":326,"Ninja Scroll":213,"Toolbox":445,"WingedGreaves":521,"Chemical X":370,"InkBottle":215,"Ring of the Snake":0,"Potion Belt":352,"The Specimen":149,"Golden Idol":164,"PreservedInsect":365,"The Courier":382,"Omamori":123,"Seething Fire":0,"Frozen Egg 2":253,"MawBank":261,"Ornamental Fan":171,"Orrery":202,"Turnip":315,"Art of War":244,"Bottled Lightning":113,"Toy Ornithopter":187,"Ice Cream":338,"Calipers":100,"Tiny House":166,"Gremlin Horn":282,"CeramicFish":236,"Vajra":198,"HoveringKite":201,"Hammer of Thor":0,"Runic Capacitor":136,"Sozu":173,"Lizard Tail":159,"Centennial Puzzle":389,"DollysMirror":184,"Strawberry":304,"Prayer Wheel":341,"Toxic Egg 2":114,"Girya":184,"Happy Flower":125,"Dead Branch":224,"Oddly Smooth Stone":126,"Letter Opener":426,"War Paint":338,"Question Card":515,"WarpedTongs":397,"Du-Vu Doll":147,"OrangePellets":292,"Bottled Flame":534,"Shuriken":312,"Anvil of the Gods":0,"Bronze Scales":136,"Molten Egg 2":468,"Black Star":606,"Nloth\u0027s Gift":636,"Pocketwatch":240,"Meat on the Bone":249,"Darkstone Periapt":568,"SacredBark":378,"Enchiridion":405,"Mango":136,"Snake Skull":217,"Juzu Bracelet":312,"Incense Burner":426,"Empty Cage":250,"PrismaticShard":419,"ClockworkSouvenir":108,"Frozen Eye":261,"Nunchaku":138,"Dream Catcher":312,"Tough Bandages":318,"TheAbacus":251,"Mummified Hand":359,"Pantograph":241,"Gambling Chip":395,"Tiny Chest":462,"Red Mask":307,"Cracked Core":0,"Runic Pyramid":118,"Orichalcum":382,"Odd Mushroom":453,"White Beast Statue":312,"Mercury Hourglass":224,"Peace Pipe":96,"Calling Bell":224,"Cauldron":210,"Strange Spoon":513,"CaptainsWheel":142,"Anchor":253,"Bag of Marbles":384,"Membership Card":276,"TungstenRod":136,"FossilizedHelix":212},{"TwistedFunnel":1189,"Ginger":557,"Whetstone":1192,"Bottled Tornado":862,"Sling":888,"Boot":2096,"FrozenCore":869,"Old Coin":1756,"Blood Vial":1170,"Sundial":2104,"MealTicket":855,"Fusion Hammer":1381,"HandDrill":918,"Necronomicon":2179,"Kunai":960,"Pear":1237,"Blue Candle":3024,"Tingsha":888,"Eternal Feather":1305,"Pen Nib":1324,"Paper Crane":2214,"Akabeko":918,"SlaversCollar":1680,"Bird Faced Urn":914,"MutagenicStrength":2040,"CultistMask":2385,"StrikeDummy":823,"Unceasing Top":563,"Ring of the Serpent":2036,"Lantern":676,"Regal Pillow":1753,"Torii":1189,"Singing Bowl":3845,"StoneCalendar":1315,"Bag of Preparation":659,"Cursed Key":1509,"Ancient Tea Set":1788,"Smiling Mask":2047,"Shovel":1198,"Matryoshka":2174,"WristBlade":1903,"Ninja Scroll":1279,"Toolbox":2526,"WingedGreaves":3001,"Chemical X":2114,"InkBottle":1292,"Ring of the Snake":0,"Potion Belt":2028,"The Specimen":888,"Golden Idol":960,"PreservedInsect":2086,"The Courier":2174,"Omamori":726,"Seething Fire":0,"Frozen Egg 2":1491,"MawBank":1540,"Ornamental Fan":1014,"Orrery":1224,"Turnip":1843,"Art of War":1440,"Bottled Lightning":659,"Toy Ornithopter":1139,"Ice Cream":1963,"Calipers":572,"Tiny House":977,"Gremlin Horn":1668,"CeramicFish":1397,"Vajra":1198,"HoveringKite":1218,"Hammer of Thor":0,"Runic Capacitor":826,"Sozu":1042,"Lizard Tail":936,"Centennial Puzzle":2214,"DollysMirror":1127,"Strawberry":1784,"Prayer Wheel":1981,"Toxic Egg 2":663,"Girya":1127,"Happy Flower":737,"Dead Branch":1342,"Oddly Smooth Stone":743,"Letter Opener":2414,"War Paint":1963,"Question Card":2941,"WarpedTongs":2266,"Du-Vu Doll":878,"OrangePellets":1727,"Bottled Flame":3059,"Shuriken":1826,"Anvil of the Gods":0,"Bronze Scales":826,"Molten Egg 2":2649,"Black Star":3587,"Nloth\u0027s Gift":3749,"Pocketwatch":1420,"Meat on the Bone":1468,"Darkstone Periapt":3296,"SacredBark":2153,"Enchiridion":2303,"Mango":826,"Snake Skull":1313,"Juzu Bracelet":1826,"Incense Burner":2414,"Empty Cage":1476,"PrismaticShard":2372,"ClockworkSouvenir":632,"Frozen Eye":1540,"Nunchaku":835,"Dream Catcher":1826,"Tough Bandages":1864,"TheAbacus":1480,"Mummified Hand":2061,"Pantograph":1424,"Gambling Chip":2258,"Tiny Chest":2611,"Red Mask":1796,"Cracked Core":0,"Runic Pyramid":691,"Orichalcum":2174,"Odd Mushroom":2564,"White Beast Statue":1826,"Mercury Hourglass":1342,"Peace Pipe":557,"Calling Bell":1342,"Cauldron":1264,"Strange Spoon":2928,"CaptainsWheel":855,"Anchor":1491,"Bag of Marbles":2184,"Membership Card":1631,"TungstenRod":826,"FossilizedHelix":1274}],"InkBottle":[20],"Ring of the Snake":[60]},"card_choices":[{"not_picked":["Blur","Acrobatics","Poisoned Stab"],"picked":"SKIP","floor":1},{"not_picked":["Masterful Stab","Slice","Blur"],"picked":"SKIP","floor":2},{"not_picked":["Outmaneuver","Dagger Throw","Skewer"],"picked":"SKIP","floor":3},{"not_picked":["Expertise","Concentrate","Dagger Throw"],"picked":"SKIP","floor":5},{"not_picked":["Poisoned Stab","Sucker Punch","Dodge and Roll"],"picked":"SKIP","floor":7},{"not_picked":["Flying Knee","Crippling Poison"],"picked":"All Out Attack","floor":8},{"not_picked":["Acrobatics","Dagger Spray","Riddle With Holes"],"picked":"SKIP","floor":10},{"not_picked":["Dagger Throw","A Thousand Cuts"],"picked":"Deflect","floor":12},{"not_picked":["Deflect","Flechettes","Flying Knee"],"picked":"SKIP","floor":13},{"not_picked":["Poisoned Stab","Dagger Throw","Predator"],"picked":"SKIP","floor":14},{"not_picked":["Malaise","Bullet Time"],"picked":"After Image","floor":16},{"not_picked":["Underhanded Strike","Choke"],"picked":"Backstab","floor":17},{"not_picked":["Prepared","Sucker Punch","Flechettes"],"picked":"SKIP","floor":18},{"not_picked":["Catalyst","Quick Slash","Crippling Poison"],"picked":"SKIP","floor":21},{"not_picked":["Poisoned Stab","Eviscerate+1","Terror"],"picked":"SKIP","floor":23},{"not_picked":["Noxious Fumes","Slice+1"],"picked":"Cloak And Dagger","floor":25},{"not_picked":["Blur","Dagger Throw"],"picked":"Infinite Blades+1","floor":27},{"not_picked":["Concentrate","Bouncing Flask","Leg Sweep"],"picked":"SKIP","floor":29},{"not_picked":["Well Laid Plans+1","Leg Sweep","Backflip"],"picked":"SKIP","floor":30},{"not_picked":["Dash+1","Dagger Throw+1","Setup+1"],"picked":"SKIP","floor":35},{"not_picked":["Quick Slash","Reflex+1","Catalyst"],"picked":"SKIP","floor":37},{"not_picked":["Dash+1","Crippling Poison"],"picked":"Backstab","floor":38},{"not_picked":["Expertise","Distraction","Finisher"],"picked":"SKIP","floor":40},{"not_picked":["Calculated Gamble+1","Noxious Fumes+1"],"picked":"Accuracy+1","floor":41},{"not_picked":["Riddle With Holes","Backflip"],"picked":"Cloak And Dagger+1","floor":47},{"not_picked":["Acrobatics","Dagger Spray","Caltrops+1"],"picked":"SKIP","floor":48},{"not_picked":["Dodge and Roll","Bane+1"],"picked":"Caltrops+1","floor":54}],"player_experience":691455,"relics_obtained":[{"floor":8,"key":"StoneCalendar"},{"floor":9,"key":"Strawberry"},{"floor":23,"key":"Art of War"},{"floor":26,"key":"Frozen Egg 2"},{"floor":40,"key":"Omamori"},{"floor":43,"key":"InkBottle"},{"floor":45,"key":"FossilizedHelix"},{"floor":54,"key":"Whetstone"}],"event_choices":[{"cards_removed":["Strike_G"],"damage_healed":0,"gold_gain":0,"player_choice":"Purged","damage_taken":0,"max_hp_gain":0,"max_hp_loss":0,"event_name":"Purifier","floor":4,"gold_loss":0},{"damage_healed":0,"gold_gain":0,"player_choice":"Gave Potion","damage_taken":0,"relics_obtained":["Akabeko"],"max_hp_gain":0,"max_hp_loss":0,"event_name":"WeMeetAgain","floor":20,"gold_loss":0},{"damage_healed":0,"gold_gain":100,"player_choice":"Bet on Murderer","damage_taken":0,"max_hp_gain":0,"max_hp_loss":0,"event_name":"The Joust","floor":31,"gold_loss":50},{"damage_healed":0,"gold_gain":0,"player_choice":"Ignored","damage_taken":0,"max_hp_gain":0,"max_hp_loss":0,"event_name":"Mysterious Sphere","floor":36,"gold_loss":0},{"cards_removed":["Cloak And Dagger"],"damage_healed":0,"gold_gain":0,"player_choice":"Removed Skill","damage_taken":0,"max_hp_gain":0,"max_hp_loss":0,"event_name":"Falling","floor":44,"gold_loss":0},{"damage_healed":0,"gold_gain":0,"player_choice":"Fight","damage_taken":0,"max_hp_gain":0,"max_hp_loss":0,"event_name":"MindBloom","floor":45,"gold_loss":0},{"damage_healed":0,"gold_gain":0,"player_choice":"Max HP","damage_taken":0,"max_hp_gain":0,"max_hp_loss":5,"event_name":"Winding Halls","floor":46,"gold_loss":0}],"is_beta":false,"boss_relics":[{"not_picked":["Cursed Key","Philosopher\u0027s Stone"],"picked":"Tiny House"},{"not_picked":["Snecko Eye","Black Star"],"picked":"SacredBark"}],"items_purged_floors":[0,28,53],"is_endless":false,"potions_floor_spawned":[3,8,12,14,16,18,27,29,35,38,40,47,54],"killed_by":"The Heart","ascension_level":0}}