{"host":"usewcu4ohw2wtmxk","time":1608233050,"event":{"mods":["AchievementEnabler","BaseMod","BetterRewards","Colored Powertips","Minty Spire (QoL Compilation)","Permanent Neow","Quick Restart","Relic Sorter","Relic Stats","Shop Mod","StSLib"],"gold_per_floor":[118,118,137,137,149,176,176,209,256,281,281,292,292,46,46,119,119,133,166,184,200,200,200,200],"floor_reached":23,"playtime":499,"items_purged":["Defend_P"],"score":518,"play_id":"9f02679b-29d4-403c-a266-4f102f1d54b9","local_time":"20201218032410","is_ascension_mode":true,"campfire_choices":[{"data":"Eruption","floor":7.0,"key":"SMITH"},{"floor":11.0,"key":"REST"},{"data":"Wallop","floor":15.0,"key":"SMITH"}],"circlet_count":0,"master_deck":["AscendersBane","Strike_P","Strike_P+1","Strike_P","Strike_P+1","Defend_P","Defend_P","Defend_P","Eruption+1","Vigilance","Wallop+1","FlurryOfBlows","Scrawl","Blasphemy","Indignation","Tantrum"],"relics":["PureWater","Gambling Chip","Strawberry","Shuriken","Art of War","Sundial","Regal Pillow","Whetstone","Frozen Egg 2","Bag of Preparation","Sozu","Red Mask"],"acts_visited":["Exordium","TheCity"],"potions_floor_usage":[],"damage_taken":[{"damage":4.0,"enemies":"Jaw Worm","floor":1.0,"turns":8.0},{"damage":1.0,"enemies":"2 Louse","floor":3.0,"turns":4.0},{"damage":0.0,"enemies":"Cultist","floor":5.0,"turns":4.0},{"damage":0.0,"enemies":"Gremlin Nob","floor":6.0,"turns":3.0},{"damage":10.0,"enemies":"Lagavulin","floor":8.0,"turns":6.0},{"damage":0.0,"enemies":"Gremlin Nob","floor":10.0,"turns":3.0},{"damage":16.0,"enemies":"Gremlin Gang","floor":12.0,"turns":3.0},{"damage":25.0,"enemies":"Slime Boss","floor":16.0,"turns":5.0},{"damage":0.0,"enemies":"Spheric Guardian","floor":18.0,"turns":1.0},{"damage":0.0,"enemies":"Masked Bandits","floor":19.0,"turns":1.0},{"damage":0.0,"enemies":"2 Thieves","floor":20.0,"turns":1.0},{"damage":0.0,"enemies":"Centurion and Healer","floor":21.0,"turns":2.0},{"damage":0,"enemies":"Slavers","floor":23,"turns":1}],"seed_played":"164906606785866843","potions_obtained":[{"floor":6.0,"key":"SkillPotion"},{"floor":8.0,"key":"Fire Potion"},{"floor":12.0,"key":"SteroidPotion"}],"is_trial":false,"path_per_floor":["M","?","M","T","M","E","R","E","T","E","R","M","T","$","R","B",null,"M","?","M","M","?","E"],"character_chosen":"WATCHER","items_purchased":["Bag of Preparation"],"campfire_rested":1,"item_purchase_floors":[14],"current_hp_per_floor":[39,28,27,27,27,27,27,17,17,17,54,38,38,38,38,13,60,60,60,60,60,60,60,60],"gold":200,"neow_bonus":"ONE_RARE_RELIC","is_daily":false,"chose_seed":false,"campfire_upgraded":2,"win_rate":0.0,"timestamp":1608233050,"path_taken":["M","?","M","?","M","E","R","E","T","E","R","M","?","$","R","BOSS","M","?","M","M","?","E"],"items_purchased_type":["Relic"],"build_version":"2020-12-13","purchased_purges":1,"victory":false,"max_hp_per_floor":[68,75,75,75,75,75,75,75,75,75,75,75,75,75,75,75,75,75,75,75,75,75,75,75],"relic_stats":{"Sozu":1,"Regal Pillow":15,"counters":[13,42],"Shuriken":[15],"Sundial":[4],"Gambling Chip":[31],"Art of War":[4],"Bag of Preparation":[12],"Whetstone":["Strike_P","Strike_P"],"obtain_stats":[{"Sozu":17,"Regal Pillow":9,"Shuriken":4,"Sundial":8,"Gambling Chip":0,"Strawberry":2,"Art of War":6,"Bag of Preparation":14,"Red Mask":19,"Whetstone":10,"PureWater":0,"Frozen Egg 2":13},{"Sozu":8,"Regal Pillow":5,"Shuriken":2,"Sundial":5,"Gambling Chip":0,"Strawberry":1,"Art of War":4,"Bag of Preparation":7,"Red Mask":10,"Whetstone":6,"PureWater":0,"Frozen Egg 2":7},{"Sozu":36,"Regal Pillow":25,"Shuriken":12,"Sundial":25,"Gambling Chip":0,"Strawberry":8,"Art of War":19,"Bag of Preparation":31,"Red Mask":38,"Whetstone":28,"PureWater":0,"Frozen Egg 2":31}]},"card_choices":[{"not_picked":["ClearTheMind","Prostrate","EmptyFist"],"picked":"SKIP","floor":1.0},{"not_picked":["EmptyMind","BowlingBash"],"picked":"Wallop","floor":3.0},{"not_picked":["Crescendo","ThirdEye"],"picked":"FlurryOfBlows","floor":5.0},{"not_picked":["InnerPeace","EmptyBody"],"picked":"Scrawl","floor":6.0},{"not_picked":["PathToVictory","FlyingSleeves","Crescendo"],"picked":"SKIP","floor":8.0},{"not_picked":["ClearTheMind","TalkToTheHand","EmptyMind"],"picked":"SKIP","floor":10.0},{"not_picked":["TalkToTheHand","WreathOfFlame","Consecrate"],"picked":"SKIP","floor":12.0},{"not_picked":["Establishment+1","Vault"],"picked":"Blasphemy","floor":16.0},{"not_picked":["Halt+1","Pray","Protect"],"picked":"SKIP","floor":18.0},{"not_picked":["Wireheading+1","FlyingSleeves"],"picked":"Indignation","floor":19.0},{"not_picked":["CarveReality","EmptyFist","CutThroughFate"],"picked":"SKIP","floor":20.0},{"not_picked":["Weave","WaveOfTheHand","Halt"],"picked":"SKIP","floor":21.0}],"player_experience":282023,"relics_obtained":[{"floor":4.0,"key":"Shuriken"},{"floor":6.0,"key":"Art of War"},{"floor":8.0,"key":"Sundial"},{"floor":9.0,"key":"Regal Pillow"},{"floor":10.0,"key":"Whetstone"},{"floor":13.0,"key":"Frozen Egg 2"},{"floor":19.0,"key":"Red Mask"}],"event_choices":[{"damage_healed":0.0,"max_hp_gain":0.0,"max_hp_loss":0.0,"gold_gain":0.0,"event_name":"Scrap Ooze","player_choice":"Success","floor":2.0,"gold_loss":0.0,"damage_taken":18.0,"relics_obtained":["Strawberry"]},{"damage_healed":0.0,"max_hp_gain":0.0,"max_hp_loss":0.0,"gold_gain":0.0,"event_name":"Masked Bandits","player_choice":"Fought Bandits","floor":19.0,"gold_loss":0.0,"damage_taken":0.0},{"damage_healed":0.0,"max_hp_gain":0.0,"max_hp_loss":0.0,"gold_gain":0.0,"event_name":"The Library","player_choice":"Read","floor":22.0,"gold_loss":0.0,"damage_taken":0.0,"cards_obtained":["Tantrum"]}],"is_beta":false,"boss_relics":[{"not_picked":["SlaversCollar","Busted Crown"],"picked":"Sozu"}],"items_purged_floors":[14],"is_endless":false,"potions_floor_spawned":[6,8,10,12,18],"killed_by":"Slavers","ascension_level":20}}