{"host":"in454gsrrg4x7o56","time":1608230134,"event":{"mods":["BaseMod","Colored Powertips","Curses Come First","Hermit","Minty Spire (QoL Compilation)","Quick Restart","StSLib","The Cursed"],"gold_per_floor":[15,32,32,107,107,107,139,179,205,251,216,246,271,47,47,188,188,219,240,315,338,41,41,51,51],"floor_reached":24,"playtime":2081,"items_purged":[],"score":231,"play_id":"7f961d31-b6e0-4900-a1ae-f64c98bd441d","local_time":"20201217133534","is_ascension_mode":false,"campfire_choices":[{"floor":6,"key":"RECALL"},{"floor":15,"key":"REST"},{"floor":23,"key":"REST"}],"circlet_count":0,"master_deck":["hermit:Strike_Hermit","hermit:Strike_Hermit","hermit:Strike_Hermit","hermit:Strike_Hermit","hermit:Defend_Hermit","hermit:Defend_Hermit","hermit:Defend_Hermit","hermit:Defend_Hermit","hermit:Snapshot","hermit:Covet","hermit:Scavenge+1","hermit:Horror","Injury","hermit:Roulette","hermit:ItchyTrigger","hermit:Deadeye","hermit:Gambit","hermit:Scavenge","hermit:Scavenge","hermit:BlackWind","hermit:Maintenance","hermit:CalledShot+1","hermit:Dive","hermit:HighCaliber"],"relics":["hermit:Momento","Unceasing Top","Golden Idol","Juzu Bracelet","PreservedInsect","Blood Vial","hermit:PetGhost","hermit:BartenderGlass","StrikeDummy"],"acts_visited":["Exordium","TheCity"],"potions_floor_usage":[8,8,12,18,18,18,19,19,19,21,21,21],"damage_taken":[{"damage":2,"enemies":"2 Louse","floor":1,"turns":3},{"damage":0,"enemies":"Small Slimes","floor":2,"turns":3},{"damage":0,"enemies":"Cultist","floor":7,"turns":3},{"damage":35,"enemies":"3 Sentries","floor":8,"turns":6},{"damage":0,"enemies":"Gremlin Nob","floor":10,"turns":3},{"damage":1,"enemies":"3 Louse","floor":12,"turns":3},{"damage":17,"enemies":"Exordium Wildlife","floor":13,"turns":4},{"damage":48,"enemies":"Hexaghost","floor":16,"turns":13},{"damage":0,"enemies":"Shell Parasite","floor":18,"turns":8},{"damage":25,"enemies":"Chosen","floor":19,"turns":6},{"damage":4,"enemies":"Snake Plant","floor":21,"turns":3},{"damage":100091,"enemies":"Gremlin Leader","floor":24,"turns":10}],"seed_played":"-6148830733840315821","potions_obtained":[{"floor":2,"key":"Strength Potion"},{"floor":7,"key":"FearPotion"},{"floor":10,"key":"AttackPotion"},{"floor":16,"key":"hermit:Tonic"},{"floor":18,"key":"SkillPotion"},{"floor":19,"key":"SkillPotion"}],"is_trial":false,"path_per_floor":["M","M","?","?","?","R","M","E","T","E","?","M","M","$","R","B",null,"M","M","?","M","$","R","E"],"character_chosen":"HERMIT","items_purchased":["hermit:PetGhost","hermit:Scavenge","hermit:HighCaliber","StrikeDummy"],"campfire_rested":2,"item_purchase_floors":[14,14,22,22],"current_hp_per_floor":[73,73,73,62,62,62,62,27,27,27,45,46,31,31,53,7,75,75,50,43,41,41,63,0,0],"gold":51,"neow_bonus":"ONE_RARE_RELIC","is_daily":false,"chose_seed":false,"campfire_upgraded":0,"win_rate":0.0,"timestamp":1608230134,"path_taken":["M","M","?","?","?","R","M","E","T","E","?","M","M","$","R","BOSS","M","M","?","M","$","R","E"],"items_purchased_type":["Relic","Card","Card","Relic"],"build_version":"2020-12-13","purchased_purges":0,"victory":false,"max_hp_per_floor":[75,75,75,75,75,75,75,75,75,75,75,75,75,75,75,75,75,75,75,75,75,75,75,75,75],"card_choices":[{"not_picked":["hermit:Vantage","hermit:Roulette"],"picked":"hermit:Scavenge","floor":1},{"not_picked":["hermit:BodyArmor","hermit:Brawl"],"picked":"hermit:Horror","floor":2},{"not_picked":["hermit:WideOpen","hermit:Coalescence"],"picked":"hermit:Roulette","floor":7},{"not_picked":["hermit:HoleUp","hermit:LowProfile"],"picked":"hermit:ItchyTrigger","floor":8},{"not_picked":["hermit:LoneWolf","hermit:Quickdraw"],"picked":"hermit:Deadeye","floor":10},{"not_picked":["hermit:TrackingShot","hermit:Showdown"],"picked":"hermit:Gambit","floor":12},{"not_picked":["hermit:Desperado","hermit:TrackingShot"],"picked":"hermit:Scavenge","floor":13},{"not_picked":["hermit:FatalDesire","hermit:OverwhelmingPower"],"picked":"hermit:BlackWind","floor":16},{"not_picked":["hermit:Desperado","hermit:Virtue"],"picked":"hermit:Maintenance","floor":18},{"not_picked":["hermit:Headshot+1","hermit:HoleUp+1"],"picked":"hermit:CalledShot+1","floor":19},{"not_picked":["hermit:Manifest","hermit:Ricochet"],"picked":"hermit:Dive","floor":21}],"player_experience":914884,"relics_obtained":[{"floor":8,"key":"Juzu Bracelet"},{"floor":9,"key":"PreservedInsect"},{"floor":10,"key":"Blood Vial"}],"event_choices":[{"damage_healed":0,"gold_gain":0,"player_choice":"Grow","damage_taken":0,"max_hp_gain":0,"max_hp_loss":0,"event_name":"Living Wall","floor":3,"gold_loss":0,"cards_upgraded":["hermit:Scavenge"]},{"damage_healed":0,"gold_gain":75,"player_choice":"Gather Gold","damage_taken":11,"max_hp_gain":0,"max_hp_loss":0,"event_name":"World of Goop","floor":4,"gold_loss":0},{"damage_healed":0,"gold_gain":0,"player_choice":"Take Wound","damage_taken":0,"relics_obtained":["Golden Idol"],"max_hp_gain":0,"max_hp_loss":0,"event_name":"Golden Idol","floor":5,"gold_loss":0,"cards_obtained":["Injury"]},{"damage_healed":18,"gold_gain":0,"player_choice":"Healed","damage_taken":0,"max_hp_gain":0,"max_hp_loss":0,"event_name":"The Cleric","floor":11,"gold_loss":35},{"damage_healed":0,"gold_gain":75,"player_choice":"Touch","damage_taken":7,"max_hp_gain":0,"max_hp_loss":0,"event_name":"FaceTrader","floor":20,"gold_loss":0}],"is_beta":false,"boss_relics":[{"not_picked":["Busted Crown","SlaversCollar"],"picked":"hermit:BartenderGlass"}],"items_purged_floors":[],"is_endless":false,"potions_floor_spawned":[2,7,10,16,18,19],"killed_by":"Gremlin Leader","ascension_level":0}}