{"host":"9ndbo4kgsfoemf7y","time":1608199622,"event":{"mods":["AchievementEnabler","BaseMod","Colored Map","DeckTracker","Keyboard Shortcuts","Minty Spire (QoL Compilation)","Permanent Neow","Quick Restart","Relic Stats","StSLib","SuperFastMode"],"gold_per_floor":[116,128,138,152,162,162,162],"floor_reached":6,"playtime":214,"items_purged":[],"score":74,"play_id":"60899da1-6edb-41c6-8375-cf11c36e7a50","local_time":"20201217190702","is_ascension_mode":true,"campfire_choices":[],"circlet_count":0,"master_deck":["AscendersBane","Strike_G","Strike_G","Strike_G","Strike_G","Strike_G","Defend_G","Defend_G","Defend_G","Defend_G","Defend_G","Survivor","Neutralize","Flechettes","Deadly Poison","Prepared","Deflect"],"relics":["Black Star"],"acts_visited":["Exordium"],"potions_floor_usage":[6],"damage_taken":[{"damage":12.0,"enemies":"Cultist","floor":1.0,"turns":5.0},{"damage":0.0,"enemies":"2 Louse","floor":2.0,"turns":3.0},{"damage":9.0,"enemies":"Jaw Worm","floor":3.0,"turns":4.0},{"damage":9.0,"enemies":"Exordium Wildlife","floor":4.0,"turns":5.0},{"damage":4.0,"enemies":"Looter","floor":5.0,"turns":4.0},{"damage":29,"enemies":"3 Sentries","floor":6,"turns":8}],"seed_played":"5960537720757672008","potions_obtained":[{"floor":5.0,"key":"AttackPotion"}],"is_trial":false,"path_per_floor":["M","M","M","M","M","E"],"character_chosen":"THE_SILENT","items_purchased":[],"campfire_rested":0,"item_purchase_floors":[],"current_hp_per_floor":[47,47,38,29,25,0,0],"gold":162,"neow_bonus":"BOSS_RELIC","is_daily":false,"chose_seed":false,"campfire_upgraded":0,"win_rate":0.0,"timestamp":1608199622,"path_taken":["M","?","M","M","M","E"],"items_purchased_type":[],"build_version":"2020-12-13","purchased_purges":0,"victory":false,"max_hp_per_floor":[66,66,66,66,66,66,66],"relic_stats":{"counters":[6,29],"Black Star":0,"obtain_stats":[{"Black Star":0,"Ring of the Snake":0},{"Black Star":0,"Ring of the Snake":0},{"Black Star":0,"Ring of the Snake":0}]},"card_choices":[{"not_picked":["Prepared","Quick Slash"],"picked":"Flechettes","floor":1.0},{"not_picked":["Acrobatics","Skewer"],"picked":"Deadly Poison","floor":2.0},{"not_picked":["Choke","Dash"],"picked":"Prepared","floor":3.0},{"not_picked":["PiercingWail","Expertise","Bane"],"picked":"SKIP","floor":4.0},{"not_picked":["Flying Knee","Setup"],"picked":"Deflect","floor":5.0}],"player_experience":688826,"relics_obtained":[],"event_choices":[],"is_beta":false,"boss_relics":[],"items_purged_floors":[],"is_endless":false,"potions_floor_spawned":[5],"killed_by":"3 Sentries","ascension_level":17}}