{"host":"qoai0zeca0j4yswu","time":1608239917,"event":{"mods":["BaseMod","Downfall","Minty Spire (QoL Compilation)","StSLib","The Animator"],"gold_per_floor":[128,128,128,203,378,423,423,449,449,449,476,476,492,503,503,600,600,618,630,62,89,107,107,107,118,118,142,152,163,180,5,5,5,5],"floor_reached":33,"playtime":7982,"items_purged":[],"score":309,"play_id":"06de81a2-4f76-4297-850a-2627e42f28a5","local_time":"20201217131837","is_ascension_mode":false,"campfire_choices":[{"data":"animator:Evileye","floor":7.0,"key":"SMITH"},{"data":"animator:DolaSchwi","floor":10.0,"key":"SMITH"},{"floor":12.0,"key":"REST"},{"data":"animator:Albedo","floor":15.0,"key":"SMITH"},{"floor":23,"key":"REST"},{"floor":32,"key":"REST"}],"circlet_count":0,"master_deck":["animator:Strike_Konosuba","animator:Defend_Konosuba","animator:Strike","animator:Strike","animator:Defend","animator:Defend","animator:Defend","animator:Kazuma","animator:Aqua","animator:Mitsurugi","animator:Albedo+1","Regret","Doubt","animator:Evileye+1","animator:DolaSchwi+1","animator:Demiurge","animator:Darkness","animator:Rimuru","animator:QuestionMark","animator:GazelDwargon","animator:PandorasActor","animator:Tatsumaki","animator:YunYun","animator:Darkness","animator:Kira"],"relics":["animator:LivingPicture","animator:TheMissingPiece","NeowsBlessing","Blue Candle","Red Skull","FossilizedHelix","Nunchaku","Odd Mushroom","SlaversCollar","Anchor","animator:Buoy","Chemical X"],"acts_visited":["Exordium","TheCity"],"potions_floor_usage":[33,33],"damage_taken":[{"damage":0.0,"enemies":"2 Louse","floor":1.0,"turns":1.0},{"damage":0.0,"enemies":"Lagavulin","floor":6.0,"turns":2.0},{"damage":0.0,"enemies":"3 Sentries","floor":8.0,"turns":2.0},{"damage":27.0,"enemies":"The Mushroom Lair","floor":11.0,"turns":5.0},{"damage":4.0,"enemies":"Small Slimes","floor":13.0,"turns":4.0},{"damage":4.0,"enemies":"Jaw Worm","floor":14.0,"turns":4.0},{"damage":24.0,"enemies":"The Guardian","floor":16.0,"turns":11.0},{"damage":10.0,"enemies":"Spheric Guardian","floor":18.0,"turns":5.0},{"damage":1.0,"enemies":"Chosen","floor":19.0,"turns":6.0},{"damage":8,"enemies":"Shelled Parasite and Fungi","floor":21,"turns":9},{"damage":26,"enemies":"Snake Plant","floor":22,"turns":8},{"damage":8,"enemies":"Centurion and Healer","floor":25,"turns":3},{"damage":10,"enemies":"Sentry and Sphere","floor":27,"turns":4},{"damage":20,"enemies":"Snake Plant","floor":28,"turns":3},{"damage":0,"enemies":"Cultist and Chosen","floor":29,"turns":6},{"damage":0,"enemies":"Shelled Parasite and Fungi","floor":30,"turns":6},{"damage":33,"enemies":"Automaton","floor":33,"turns":6}],"seed_played":"-1316358718978717711","potions_obtained":[{"floor":11.0,"key":"Strength Potion"},{"floor":13.0,"key":"SpeedPotion"},{"floor":22,"key":"hexamod:EctoCoolerPotion"}],"is_trial":false,"path_per_floor":["M","?","?","?","?","E","R","E","T","R","?","R","M","M","R","B",null,"M","M","$","M","M","R","?","M","T","M","M","M","M","$","R","B"],"character_chosen":"THE_ANIMATOR","items_purchased":["animator:QuestionMark","Anchor","animator:Buoy","Chemical X","animator:GazelDwargon","animator:Kira"],"campfire_rested":3,"item_purchase_floors":[20,20,20,20,20,31],"current_hp_per_floor":[66,66,66,55,55,55,55,57,57,57,33,53,50,48,48,26,68,58,59,59,53,29,49,37,31,31,23,5,7,9,9,30,0,0],"gold":5,"neow_bonus":"THREE_ENEMY_KILL","is_daily":false,"chose_seed":false,"campfire_upgraded":3,"win_rate":0.0,"timestamp":1608239917,"path_taken":["M","?","?","?","?","E","R","E","T","R","?","R","M","?","R","BOSS","M","M","$","M","M","R","?","M","T","M","M","M","M","$","R","BOSS"],"items_purchased_type":["Card","Relic","Relic","Relic","Card","Card"],"build_version":"2020-12-13","purchased_purges":0,"victory":false,"max_hp_per_floor":[66,66,66,66,66,66,66,66,66,66,67,67,68,68,68,68,68,68,68,68,68,68,68,73,73,73,73,73,73,73,73,73,73,73],"card_choices":[{"not_picked":["animator:Assassin","animator:Millim"],"picked":"animator:Mitsurugi","floor":1.0},{"not_picked":["animator:MumenRider","animator:Emonzaemon"],"picked":"animator:Evileye","floor":6.0},{"not_picked":["animator:DolaRiku","animator:Sora"],"picked":"animator:DolaSchwi","floor":8.0},{"not_picked":["animator:Alexander","animator:Genos"],"picked":"animator:Demiurge","floor":11.0},{"not_picked":["animator:Mitsurugi","animator:Verdia"],"picked":"animator:Darkness","floor":13.0},{"not_picked":["animator:GazelDwargon","animator:EmiyaShirou","animator:Shion"],"picked":"SKIP","floor":14.0},{"not_picked":["animator:Boros","animator:Eris"],"picked":"animator:Rimuru","floor":16.0},{"not_picked":["animator:Azekura","animator:Togame","animator:Shalltear"],"picked":"SKIP","floor":18.0},{"not_picked":["animator:Sonic+1","animator:Jibril+1","animator:Alexander+1"],"picked":"SKIP","floor":19.0},{"not_picked":["animator:Demiurge","animator:Shalltear"],"picked":"animator:PandorasActor","floor":21},{"not_picked":["animator:Biyorigo","animator:Alexander"],"picked":"animator:Tatsumaki","floor":22},{"not_picked":["animator:Rider","animator:Berserker","animator:Emonzaemon"],"picked":"SKIP","floor":25},{"not_picked":["animator:Hakurou","animator:Shichika"],"picked":"animator:YunYun","floor":27},{"not_picked":["animator:Kazuma","animator:Vanir"],"picked":"animator:Darkness","floor":28},{"not_picked":["animator:FielNirvalen","animator:Mitsurugi","animator:Berserker+1"],"picked":"SKIP","floor":29},{"not_picked":["animator:Albedo","animator:Archer","animator:Illya"],"picked":"SKIP","floor":30}],"player_experience":696126,"relics_obtained":[{"floor":6.0,"key":"Red Skull"},{"floor":8.0,"key":"FossilizedHelix"},{"floor":9.0,"key":"Nunchaku"},{"floor":11.0,"key":"Odd Mushroom"}],"event_choices":[{"damage_healed":0.0,"max_hp_gain":0.0,"max_hp_loss":0.0,"gold_gain":0.0,"cards_transformed":["animator:Strike"],"event_name":"Living Wall","player_choice":"Change","floor":2.0,"gold_loss":0.0,"damage_taken":0.0,"cards_obtained":["animator:Albedo"]},{"damage_healed":0.0,"max_hp_gain":0.0,"max_hp_loss":0.0,"gold_gain":0.0,"event_name":"Big Fish","player_choice":"Box","floor":3.0,"gold_loss":0.0,"damage_taken":0.0,"relics_obtained":["Blue Candle"],"cards_obtained":["Regret"]},{"damage_healed":0.0,"max_hp_gain":0.0,"max_hp_loss":0.0,"gold_gain":75.0,"event_name":"World of Goop","player_choice":"Gather Gold","floor":4.0,"gold_loss":0.0,"damage_taken":11.0},{"damage_healed":0.0,"max_hp_gain":0.0,"max_hp_loss":0.0,"gold_gain":175.0,"event_name":"Liars Game","player_choice":"AGREE","floor":5.0,"gold_loss":0.0,"damage_taken":0.0,"cards_obtained":["Doubt"]},{"damage_healed":0.0,"max_hp_gain":0.0,"max_hp_loss":0.0,"gold_gain":0.0,"event_name":"Mushrooms","player_choice":"Fought Mushrooms","floor":11.0,"gold_loss":0.0,"damage_taken":0.0},{"damage_healed":0,"gold_gain":0,"player_choice":"Shed Blood","damage_taken":17,"max_hp_gain":5,"max_hp_loss":0,"event_name":"Forgotten Altar","floor":24,"gold_loss":0}],"is_beta":false,"boss_relics":[{"not_picked":["Sozu","animator:VividPicture"],"picked":"SlaversCollar"}],"items_purged_floors":[],"is_endless":false,"potions_floor_spawned":[11,13,22,25,28],"killed_by":"Automaton","ascension_level":0}}