{"host":"egyxg9lnjq7g2hmw","time":1608172275,"event":{"mods":["AchievementEnabler","BaseMod","Block Reminder","Colored Map","Colored Powertips","Highlight Path","Minty Spire (QoL Compilation)","Rare Cards Sparkle","StSLib"],"gold_per_floor":[115,115,166,184,199,230,230,230,277,277,294,294,326,251,251,325,325,337,337,48,48,59,59,59],"floor_reached":23,"playtime":967,"items_purged":["Strike_G"],"score":374,"play_id":"7be0a2a1-7827-4147-882a-d370a64644f7","local_time":"20201216183115","is_ascension_mode":true,"campfire_choices":[{"data":"Neutralize","floor":7.0,"key":"SMITH"},{"floor":10.0,"key":"REST"},{"data":"Quick Slash","floor":12.0,"key":"SMITH"},{"floor":15.0,"key":"REST"}],"circlet_count":0,"master_deck":["AscendersBane","Strike_G+1","Defend_G","Defend_G","Defend_G","Defend_G","Defend_G","Survivor","Neutralize+1","Quick Slash+1","Masterful Stab","Dodge and Roll","Predator+1","Dagger Throw","Footwork","Bullet Time","Predator"],"relics":["Ring of the Snake","Bag of Marbles","The Courier","Whetstone","Pocketwatch","Black Star","Bottled Lightning"],"acts_visited":["Exordium","TheCity"],"potions_floor_usage":[18],"damage_taken":[{"damage":5.0,"enemies":"Small Slimes","floor":1.0,"turns":5.0},{"damage":0.0,"enemies":"Jaw Worm","floor":4.0,"turns":2.0},{"damage":0.0,"enemies":"2 Louse","floor":5.0,"turns":1.0},{"damage":50.0,"enemies":"Lagavulin","floor":6.0,"turns":7.0},{"damage":3.0,"enemies":"Looter","floor":11.0,"turns":3.0},{"damage":7.0,"enemies":"Gremlin Nob","floor":13.0,"turns":3.0},{"damage":5,"enemies":"The Guardian","floor":16,"turns":9},{"damage":11,"enemies":"Spheric Guardian","floor":18,"turns":5},{"damage":3,"enemies":"Shell Parasite","floor":22,"turns":5},{"damage":77,"enemies":"Book of Stabbing","floor":23,"turns":8}],"seed_played":"-8601849192825695158","potions_obtained":[{"floor":5.0,"key":"FairyPotion"},{"floor":13.0,"key":"ColorlessPotion"},{"floor":16,"key":"DuplicationPotion"},{"floor":22,"key":"PowerPotion"}],"is_trial":false,"path_per_floor":["M","?","T","M","M","E","R","?","T","R","M","R","E","?","R","B",null,"M","?","$","?","M","E"],"character_chosen":"THE_SILENT","items_purchased":["Bottled Lightning"],"campfire_rested":2,"item_purchase_floors":[20],"current_hp_per_floor":[60,60,60,60,60,10,10,3,3,24,21,21,14,14,35,30,62,51,51,51,51,48,0,0],"gold":59,"neow_bonus":"TEN_PERCENT_HP_BONUS","is_daily":false,"chose_seed":false,"campfire_upgraded":2,"win_rate":0.0,"timestamp":1608172275,"path_taken":["M","?","?","M","M","E","R","?","T","R","M","R","E","?","R","BOSS","M","?","$","?","M","E"],"items_purchased_type":["Relic"],"build_version":"2020-12-13","purchased_purges":1,"victory":false,"max_hp_per_floor":[72,72,72,72,72,72,72,72,72,72,72,72,72,72,72,72,72,72,72,72,72,72,72,72],"card_choices":[{"not_picked":["Escape Plan","Outmaneuver"],"picked":"Quick Slash","floor":1.0},{"not_picked":["Blade Dance","Poisoned Stab"],"picked":"Dodge and Roll","floor":4.0},{"not_picked":["Calculated Gamble","Blade Dance"],"picked":"Predator","floor":5.0},{"not_picked":["PiercingWail","Crippling Poison"],"picked":"Dagger Throw","floor":6.0},{"not_picked":["Prepared","Well Laid Plans"],"picked":"Footwork","floor":11.0},{"not_picked":["Footwork","Bane"],"picked":"Bullet Time","floor":13.0},{"not_picked":["Prepared","Poisoned Stab","Escape Plan"],"picked":"SKIP","floor":18},{"not_picked":["PiercingWail","Heel Hook+1","Cloak And Dagger"],"picked":"SKIP","floor":22}],"player_experience":488712,"relics_obtained":[{"floor":3.0,"key":"Bag of Marbles"},{"floor":6.0,"key":"The Courier"},{"floor":9.0,"key":"Whetstone"},{"floor":13.0,"key":"Pocketwatch"}],"event_choices":[{"damage_healed":0.0,"max_hp_gain":0.0,"max_hp_loss":0.0,"gold_gain":0.0,"cards_transformed":["Strike_G"],"event_name":"Living Wall","player_choice":"Change","floor":2.0,"gold_loss":0.0,"damage_taken":0.0,"cards_obtained":["Masterful Stab"]},{"cards_removed":["Strike_G"],"damage_healed":0.0,"max_hp_gain":0.0,"max_hp_loss":0.0,"gold_gain":0.0,"event_name":"Golden Wing","player_choice":"Card Removal","floor":8.0,"gold_loss":0.0,"damage_taken":7.0},{"cards_removed":["Strike_G"],"damage_healed":0.0,"max_hp_gain":0.0,"max_hp_loss":0.0,"gold_gain":0.0,"event_name":"The Cleric","player_choice":"Card Removal","floor":14.0,"gold_loss":75.0,"damage_taken":0.0},{"damage_healed":0,"gold_gain":0,"player_choice":"Read","damage_taken":0,"max_hp_gain":0,"max_hp_loss":0,"event_name":"The Library","floor":19,"gold_loss":0,"cards_obtained":["Predator"]},{"damage_healed":0,"gold_gain":0,"player_choice":"Ignored","damage_taken":0,"max_hp_gain":0,"max_hp_loss":0,"event_name":"Ghosts","floor":21,"gold_loss":0}],"is_beta":false,"boss_relics":[{"not_picked":["Philosopher\u0027s Stone","Fusion Hammer"],"picked":"Black Star"}],"items_purged_floors":[20],"is_endless":false,"potions_floor_spawned":[5,13,16,22],"killed_by":"Book of Stabbing","ascension_level":18}}