{"host":"kh6fvhxn285ncg0o","time":1608187773,"event":{"mods":["Act Like it!","BaseMod","Colored Map","Friendly Minions","Keyboard Shortcuts","Minty Spire (QoL Compilation)","Quick Restart","Relic Stats","StSLib","SuperFastMode"],"gold_per_floor":[118,43,43,60,60,60,73,73,73,87,130,130,168,182,182,182,182],"floor_reached":16,"playtime":222,"items_purged":["Strike_R"],"score":220,"play_id":"474e82ec-3237-4713-9fb5-56e46206a795","local_time":"20201217154933","is_ascension_mode":true,"campfire_choices":[{"data":"Whirlwind","floor":6.0,"key":"SMITH"},{"data":"Bash","floor":12,"key":"SMITH"},{"floor":15,"key":"REST"}],"circlet_count":0,"master_deck":["AscendersBane","Strike_R","Defend_R","Defend_R","Defend_R","Defend_R","Bash+1","Headbutt","Whirlwind+1","Shrug It Off","Offering","Feel No Pain","Burning Pact","Power Through"],"relics":["Burning Blood","Golden Idol","Paper Frog","Art of War"],"acts_visited":["Exordium"],"potions_floor_usage":[14],"damage_taken":[{"damage":8.0,"enemies":"Small Slimes","floor":1.0,"turns":4.0},{"damage":9.0,"enemies":"Cultist","floor":4.0,"turns":4.0},{"damage":0.0,"enemies":"2 Louse","floor":7.0,"turns":1.0},{"damage":6,"enemies":"2 Fungi Beasts","floor":10,"turns":2},{"damage":31,"enemies":"3 Sentries","floor":11,"turns":3},{"damage":24,"enemies":"Lagavulin","floor":13,"turns":5},{"damage":4,"enemies":"Red Slaver","floor":14,"turns":4},{"damage":0,"enemies":"The Guardian","floor":16,"turns":1}],"seed_played":"-8864016427886741523","potions_obtained":[{"floor":10,"key":"LiquidBronze"},{"floor":11,"key":"LiquidMemories"},{"floor":14,"key":"AttackPotion"}],"is_trial":false,"path_per_floor":["M","$","?","M","?","R","M","?","T","M","E","R","E","M","R","B"],"character_chosen":"IRONCLAD","items_purchased":[],"campfire_rested":1,"item_purchase_floors":[],"current_hp_per_floor":[48,48,48,45,45,45,51,51,51,51,26,26,8,10,30,30,30],"gold":182,"neow_bonus":"TRANSFORM_TWO_CARDS","is_daily":false,"chose_seed":false,"campfire_upgraded":2,"win_rate":0.0,"timestamp":1608187773,"path_taken":["M","$","?","?","?","R","M","?","T","M","E","R","E","M","R","BOSS"],"items_purchased_type":[],"build_version":"2020-12-13","purchased_purges":1,"victory":false,"max_hp_per_floor":[75,75,75,75,68,68,68,68,68,68,68,68,68,68,68,68,68],"relic_stats":{"counters":[8,24],"Golden Idol":26,"Art of War":[2],"obtain_stats":[{"Golden Idol":5,"Art of War":13,"Burning Blood":0,"Paper Frog":11},{"Golden Idol":2,"Art of War":6,"Burning Blood":0,"Paper Frog":5},{"Golden Idol":8,"Art of War":19,"Burning Blood":0,"Paper Frog":14}],"Burning Blood":42},"card_choices":[{"not_picked":["Iron Wave","Twin Strike"],"picked":"Shrug It Off","floor":1.0},{"not_picked":["Pummel","Impervious"],"picked":"Feel No Pain","floor":7.0},{"not_picked":["Pummel","Shrug It Off","Perfected Strike"],"picked":"SKIP","floor":13},{"not_picked":["Headbutt","Twin Strike"],"picked":"Power Through","floor":14}],"player_experience":3203232,"relics_obtained":[{"floor":11,"key":"Paper Frog"},{"floor":13,"key":"Art of War"}],"event_choices":[{"damage_healed":0.0,"max_hp_gain":0.0,"max_hp_loss":0.0,"gold_gain":0.0,"event_name":"Match and Keep!","player_choice":"1 cards matched","floor":3.0,"gold_loss":0.0,"damage_taken":0.0,"cards_obtained":["Offering"]},{"damage_healed":0.0,"max_hp_gain":0.0,"max_hp_loss":7.0,"gold_gain":0.0,"event_name":"Golden Idol","player_choice":"Lose Max HP","floor":5.0,"gold_loss":0.0,"damage_taken":0.0,"relics_obtained":["Golden Idol"]},{"damage_healed":0.0,"max_hp_gain":0.0,"max_hp_loss":0.0,"gold_gain":0.0,"cards_transformed":["Strike_R"],"event_name":"Transmorgrifier","player_choice":"Transformed","floor":8.0,"gold_loss":0.0,"damage_taken":0.0,"cards_obtained":["Burning Pact"]}],"is_beta":false,"boss_relics":[],"items_purged_floors":[2],"is_endless":false,"potions_floor_spawned":[10,11,13,14],"killed_by":"The Guardian","ascension_level":20}}