{"host":"cv6i479uilws7tk5","time":1608236968,"event":{"mods":["BaseMod","Better Altar","Better Match","Better Note","Better Sensory Stone","Better Skull","Better Third Choice","Energized Spire","Highlight Path","Minty Spire (QoL Compilation)","Rare Cards Sparkle","Relic Stats","StSLib"],"gold_per_floor":[115,290,301,301,301,301,335,335,335,362,362,421,450,70,70,170,170,180,180,180,95,20,45,45,45,45],"floor_reached":25,"playtime":599,"items_purged":["Strike_B+1"],"score":346,"play_id":"0a2f8cc6-87ff-44a1-a5ae-989463155d57","local_time":"20201217132928","is_ascension_mode":true,"campfire_choices":[{"data":"Static Discharge","floor":6,"key":"SMITH"},{"floor":11,"key":"REST"},{"data":"Self Repair","floor":15,"key":"SMITH"},{"floor":24,"key":"REST"}],"circlet_count":0,"master_deck":["Strike_B+1","Strike_B+1","Strike_B+1","Defend_B+1","Defend_B+1","Defend_B+1","Defend_B+1","Zap","Dualcast","Static Discharge+1","Cold Snap","Genetic Algorithm","Cold Snap","Doom and Gloom","Heatsinks","Self Repair+1","Echo Form","Cold Snap","Buffer","Loop+1"],"relics":["Cracked Core","NeowsBlessing","Du-Vu Doll","Ginger","InkBottle","Sundial","Orichalcum","Dead Branch","Calipers","Runic Pyramid","Letter Opener","Frozen Egg 2"],"acts_visited":["Exordium","TheCity"],"potions_floor_usage":[12,16,23],"damage_taken":[{"damage":0,"enemies":"2 Louse","floor":1,"turns":1},{"damage":0,"enemies":"Small Slimes","floor":3,"turns":1},{"damage":0,"enemies":"Gremlin Nob","floor":7,"turns":1},{"damage":24,"enemies":"3 Sentries","floor":10,"turns":7},{"damage":18,"enemies":"Lagavulin Event","floor":12,"turns":5},{"damage":2,"enemies":"Gremlin Nob","floor":13,"turns":3},{"damage":36,"enemies":"The Guardian","floor":16,"turns":9},{"damage":11,"enemies":"3 Byrds","floor":18,"turns":3},{"damage":40,"enemies":"Book of Stabbing","floor":23,"turns":7},{"damage":62,"enemies":"Gremlin Leader","floor":25,"turns":3}],"seed_played":"-472650050095909520","potions_obtained":[{"floor":1,"key":"Weak Potion"},{"floor":12,"key":"PotionOfCapacity"},{"floor":18,"key":"DuplicationPotion"}],"is_trial":false,"path_per_floor":["M","?","M","?","?","R","E","T","T","E","R","?","E","$","R","B",null,"M","?","?","?","$","E","R","E"],"character_chosen":"DEFECT","items_purchased":["Calipers","Self Repair"],"campfire_rested":2,"item_purchase_floors":[14,14],"current_hp_per_floor":[68,68,68,73,73,73,73,73,73,49,73,55,53,53,53,27,67,66,66,66,66,66,36,60,0,0],"gold":45,"neow_bonus":"THREE_ENEMY_KILL","is_daily":false,"chose_seed":false,"campfire_upgraded":2,"win_rate":0.0,"timestamp":1608236968,"path_taken":["M","?","M","?","?","R","E","?","T","E","R","?","E","?","R","BOSS","M","?","?","?","?","E","R","E"],"items_purchased_type":["Relic","Card"],"build_version":"2020-12-13","purchased_purges":1,"victory":false,"max_hp_per_floor":[75,75,75,80,80,80,80,80,80,80,80,80,80,80,80,80,80,80,80,80,80,80,80,80,80,80],"relic_stats":{"counters":[10,40],"Sundial":[4],"Dead Branch":[6],"Ginger":[0],"Letter Opener":[0],"Orichalcum":[72],"obtain_stats":[{"Du-Vu Doll":7,"Calipers":14,"NeowsBlessing":0,"Sundial":10,"Dead Branch":13,"Ginger":8,"Letter Opener":21,"Orichalcum":12,"Frozen Egg 2":23,"Cracked Core":0,"InkBottle":9,"Runic Pyramid":17},{"Du-Vu Doll":3,"Calipers":6,"NeowsBlessing":0,"Sundial":4,"Dead Branch":6,"Ginger":3,"Letter Opener":8,"Orichalcum":4,"Frozen Egg 2":9,"Cracked Core":0,"InkBottle":3,"Runic Pyramid":7},{"Du-Vu Doll":3,"Calipers":18,"NeowsBlessing":0,"Sundial":10,"Dead Branch":18,"Ginger":3,"Letter Opener":30,"Orichalcum":10,"Frozen Egg 2":37,"Cracked Core":0,"InkBottle":3,"Runic Pyramid":27}],"InkBottle":[10]},"card_choices":[{"not_picked":["Tempest","Stack"],"picked":"Static Discharge","floor":1},{"not_picked":["Sweeping Beam","Ball Lightning"],"picked":"Cold Snap","floor":3},{"not_picked":["Self Repair","Streamline"],"picked":"Genetic Algorithm","floor":7},{"not_picked":["Sweeping Beam","Hello World"],"picked":"Cold Snap","floor":10},{"not_picked":["Beam Cell","Hologram"],"picked":"Doom and Gloom","floor":12},{"not_picked":["All For One","Steam"],"picked":"Heatsinks","floor":13},{"not_picked":["All For One","Amplify"],"picked":"Echo Form","floor":16},{"not_picked":["Leap","Ball Lightning+1"],"picked":"Cold Snap","floor":18},{"not_picked":["Beam Cell","White Noise+1"],"picked":"Loop+1","floor":23}],"player_experience":324980,"relics_obtained":[{"floor":7,"key":"Du-Vu Doll"},{"floor":8,"key":"Ginger"},{"floor":9,"key":"InkBottle"},{"floor":10,"key":"Sundial"},{"floor":13,"key":"Dead Branch"},{"floor":23,"key":"Frozen Egg 2"}],"event_choices":[{"damage_healed":0,"gold_gain":175,"player_choice":"AGREE","damage_taken":115,"max_hp_gain":0,"max_hp_loss":0,"event_name":"betterThird:BetterSerpent","floor":2,"gold_loss":0},{"damage_healed":0,"gold_gain":0,"player_choice":"Donut","damage_taken":0,"max_hp_gain":5,"max_hp_loss":0,"event_name":"Big Fish","floor":4,"gold_loss":0},{"cards_removed":["Doubt"],"damage_healed":0,"gold_gain":0,"player_choice":"Forget","damage_taken":0,"max_hp_gain":0,"max_hp_loss":0,"event_name":"Living Wall","floor":5,"gold_loss":0},{"damage_healed":0,"gold_gain":0,"player_choice":"Searched \u00272\u0027 times","damage_taken":0,"relics_obtained":["Orichalcum"],"max_hp_gain":0,"max_hp_loss":0,"event_name":"Dead Adventurer","floor":12,"gold_loss":0},{"damage_healed":0,"gold_gain":0,"player_choice":"Simplicity","damage_taken":0,"max_hp_gain":0,"max_hp_loss":8,"event_name":"betterThird:BetterWriting","floor":19,"gold_loss":0},{"damage_healed":0,"gold_gain":0,"player_choice":"Read","damage_taken":0,"max_hp_gain":0,"max_hp_loss":0,"event_name":"The Library","floor":20,"gold_loss":0,"cards_obtained":["Buffer"]},{"damage_healed":0,"gold_gain":0,"player_choice":"Obtained Relic","damage_taken":0,"relics_obtained":["Letter Opener"],"max_hp_gain":0,"max_hp_loss":0,"event_name":"Addict","floor":21,"gold_loss":85}],"is_beta":false,"boss_relics":[{"not_picked":["Black Star","Fusion Hammer"],"picked":"Runic Pyramid"}],"items_purged_floors":[22],"is_endless":false,"potions_floor_spawned":[1,12,18],"killed_by":"Gremlin Leader","ascension_level":7}}