{"host":"szbnbddwah33j004","time":1608182141,"event":{"mods":["2.2 Compatiblity","AchievementEnabler","Act Like it!","BaseMod","BetterRewards","Colored Map","Energized Spire","Hubris","Minty Spire (QoL Compilation)","StSLib","Strawberry Spire"],"gold_per_floor":[113,113,129,142,159,188,188,263,263,281,298,298,317,331,331,430,430,441,441,441,461,27,27,27],"floor_reached":23,"playtime":1665,"items_purged":[],"score":245,"play_id":"6d0e631b-f87d-4eb8-8eaa-1bd96c8cb7f6","local_time":"20201216231541","is_ascension_mode":false,"campfire_choices":[{"data":"WindmillStrike","floor":7,"key":"SMITH"},{"floor":12,"key":"REST"},{"data":"Crescendo","floor":15,"key":"SMITH"}],"circlet_count":0,"master_deck":["Strike_P","Strike_P","Strike_P","Strike_P","Defend_P","Defend_P","Defend_P","Defend_P","Eruption","Vigilance","EmptyBody","Pain","FlurryOfBlows","CutThroughFate","WindmillStrike+1","Crescendo+1","FearNoEvil","Meditate","ReachHeaven","Collect","Judgement","ClearTheMind+1","Worship","EmptyFist+1","PathToVictory"],"relics":["PureWater","NeowsBlessing","WarpedTongs","Bag of Marbles","Oddly Smooth Stone","hubris:HollowSoul","Nilry\u0027s Codex","ClockworkSouvenir","hubris:TinFlute"],"acts_visited":["Exordium","TheCity"],"potions_floor_usage":[11,13,16,23],"damage_taken":[{"damage":0,"enemies":"2 Louse","floor":1,"turns":1},{"damage":0,"enemies":"Cultist","floor":3,"turns":1},{"damage":1,"enemies":"Jaw Worm","floor":4,"turns":1},{"damage":14,"enemies":"Exordium Thugs","floor":5,"turns":5},{"damage":12,"enemies":"Lagavulin","floor":6,"turns":5},{"damage":5,"enemies":"Blue Slaver","floor":10,"turns":4},{"damage":2,"enemies":"Exordium Wildlife","floor":11,"turns":3},{"damage":4,"enemies":"Large Slime","floor":13,"turns":3},{"damage":11,"enemies":"Looter","floor":14,"turns":3},{"damage":4,"enemies":"Slime Boss","floor":16,"turns":5},{"damage":26,"enemies":"Shell Parasite","floor":18,"turns":4},{"damage":4,"enemies":"2 Thieves","floor":21,"turns":3},{"damage":0,"enemies":"Slavers","floor":23,"turns":1}],"seed_played":"7346161734439190402","potions_obtained":[{"floor":4,"key":"Weak Potion"},{"floor":10,"key":"Weak Potion"},{"floor":11,"key":"Energy Potion"},{"floor":16,"key":"Fruit Juice"},{"floor":18,"key":"StancePotion"}],"is_trial":false,"path_per_floor":["M","?","M","M","M","E","R","?","T","M","M","R","M","M","R","B",null,"M","?","?","M","$","E"],"character_chosen":"WATCHER","items_purchased":["ClockworkSouvenir","hubris:TinFlute","PathToVictory"],"campfire_rested":1,"item_purchase_floors":[22,22,22],"current_hp_per_floor":[72,72,72,71,57,45,45,34,34,29,27,48,44,33,33,34,77,51,51,35,31,31,15,15],"gold":27,"neow_bonus":"THREE_ENEMY_KILL","is_daily":false,"chose_seed":false,"campfire_upgraded":2,"win_rate":0.0,"timestamp":1608182141,"path_taken":["M","?","?","M","M","E","R","?","T","M","M","R","M","M","R","BOSS","M","?","?","M","$","E"],"items_purchased_type":["Relic","Relic","Card"],"build_version":"2020-12-13","purchased_purges":0,"victory":false,"max_hp_per_floor":[72,72,72,72,72,72,72,72,72,72,72,72,72,72,72,77,77,77,77,77,77,77,15,15],"card_choices":[{"not_picked":["TalkToTheHand","FlyingSleeves"],"picked":"EmptyBody","floor":1},{"not_picked":["ThirdEye","Study"],"picked":"FlurryOfBlows","floor":3},{"not_picked":["Swivel","ThirdEye"],"picked":"CutThroughFate","floor":4},{"not_picked":["FearNoEvil","Fasting2"],"picked":"WindmillStrike","floor":5},{"not_picked":["Scrawl","CarveReality"],"picked":"Crescendo","floor":6},{"not_picked":["CarveReality","Protect"],"picked":"FearNoEvil","floor":10},{"not_picked":["CutThroughFate","FlyingSleeves"],"picked":"Meditate","floor":11},{"not_picked":["Meditate","EmptyMind"],"picked":"ReachHeaven","floor":13},{"not_picked":["EmptyFist","Evaluate"],"picked":"Collect","floor":14},{"not_picked":["DeusExMachina","ConjureBlade"],"picked":"Judgement","floor":16},{"not_picked":["ThirdEye+1","BowlingBash"],"picked":"ClearTheMind+1","floor":18},{"not_picked":["EmptyBody+1","ClearTheMind"],"picked":"EmptyFist+1","floor":21}],"player_experience":51256,"relics_obtained":[{"floor":6,"key":"Bag of Marbles"},{"floor":9,"key":"Oddly Smooth Stone"},{"floor":20,"key":"Nilry\u0027s Codex"}],"event_choices":[{"damage_healed":0,"gold_gain":0,"player_choice":"Rummage","damage_taken":0,"relics_obtained":["WarpedTongs"],"max_hp_gain":0,"max_hp_loss":0,"event_name":"Accursed Blacksmith","floor":2,"gold_loss":0,"cards_obtained":["Pain"]},{"damage_healed":0,"gold_gain":75,"player_choice":"Gather Gold","damage_taken":11,"max_hp_gain":0,"max_hp_loss":0,"event_name":"World of Goop","floor":8,"gold_loss":0},{"damage_healed":0,"gold_gain":0,"player_choice":"Read","damage_taken":0,"max_hp_gain":0,"max_hp_loss":0,"event_name":"The Library","floor":19,"gold_loss":0,"cards_obtained":["Worship"]},{"damage_healed":0,"gold_gain":0,"player_choice":"Obtained Book","damage_taken":16,"max_hp_gain":0,"max_hp_loss":0,"event_name":"Cursed Tome","floor":20,"gold_loss":0}],"is_beta":false,"boss_relics":[{"not_picked":["Snecko Eye","Fusion Hammer"],"picked":"hubris:HollowSoul"}],"items_purged_floors":[],"is_endless":false,"potions_floor_spawned":[4,10,11,16,18],"killed_by":"Slavers","ascension_level":0}}