{"host":"mvw7i28zi3kj0eu9","time":1608213470,"event":{"mods":["AchievementEnabler","BaseMod","Better Third Choice","BetterRewards","Block Reminder","Conspire","Custom Start","Downfall","Energized Spire","Halation","Hermit","Hubris","Infinite Spire","Jorbs\u0027s Wanderer Trilogy","Minty Spire (QoL Compilation)","Replay The Spire","Shop Mod","Small Relic Pack","Spikes Relics","StSLib","The Blue Laboratory","The Necromancer","The Servant 0.9.4","Virulent Crown"],"gold_per_floor":[110,60,60,60,74,74,86,37,37,48,76,93,93,105,105,202,202,217,64,81,97,97,97,109,109,109],"floor_reached":25,"playtime":639,"items_purged":["Strike_B"],"score":205,"play_id":"6d8ea5d3-29c6-4901-aa7d-c2d53108332a","local_time":"20201217145750","is_ascension_mode":false,"campfire_choices":[{"data":"Zap","floor":6,"key":"SMITH"},{"data":"FIFO Queue","floor":6,"key":"SMITH"},{"data":"Rainbow","floor":15,"key":"SMITH"},{"data":"Dualcast","floor":15,"key":"SMITH"},{"data":"hubris:PowerSurge","floor":23,"key":"SMITH"},{"data":"hubris:PowerSurge+1","floor":23,"key":"SMITH"}],"circlet_count":0,"master_deck":["Strike_B","Strike_B","Defend_B","Defend_B","Defend_B","Defend_B","Zap+1","Dualcast+1","FIFO Queue+1","Ball Lightning","Rainbow+1","hubris:PowerSurge+2"],"relics":["Cracked Core","conspire:InfiniteJournal","Replay:Arrowhead","DataDisk","Mercury Hourglass","sneckomod:BlankCard","ReplayFunnel","hubris:RunicObelisk"],"acts_visited":["Exordium","TheCity"],"potions_floor_usage":[14,16,18],"damage_taken":[{"damage":8,"enemies":"Small Slimes","floor":1,"turns":2},{"damage":0,"enemies":"2 Louse","floor":5,"turns":2},{"damage":0,"enemies":"Jaw Worm","floor":7,"turns":3},{"damage":2,"enemies":"Blue Slaver","floor":10,"turns":3},{"damage":13,"enemies":"3 Sentries","floor":11,"turns":4},{"damage":11,"enemies":"Large Slime","floor":12,"turns":4},{"damage":0,"enemies":"Lots of Slimes","floor":14,"turns":1},{"damage":17,"enemies":"Hexaghost","floor":16,"turns":8},{"damage":17,"enemies":"3 Byrds","floor":18,"turns":3},{"damage":8,"enemies":"Spheric Guardian","floor":20,"turns":4},{"damage":10,"enemies":"Cultist and Chosen","floor":21,"turns":5},{"damage":23,"enemies":"Sentry and Sphere","floor":24,"turns":4},{"damage":9,"enemies":"Slavers","floor":25,"turns":1}],"seed_played":"5615770157210411329","potions_obtained":[{"floor":11,"key":"Explosive Potion"},{"floor":12,"key":"blueLaboratory:BiasPotion"},{"floor":14,"key":"SkillPotion"}],"is_trial":true,"path_per_floor":["M","?","?","?","M","R","M","$","T","M","E","M","?","M","R","B",null,"M","$","M","M","?","R","M","E"],"character_chosen":"DEFECT","items_purchased":["Ball Lightning","hubris:PowerSurge"],"campfire_rested":0,"item_purchase_floors":[8,19],"current_hp_per_floor":[67,67,67,55,55,55,55,55,55,53,40,29,29,29,29,12,75,58,58,50,40,26,26,3,0,0],"gold":109,"neow_bonus":"","is_daily":false,"chose_seed":false,"campfire_upgraded":6,"win_rate":0.0,"timestamp":1608213470,"path_taken":["M","?","?","?","?","R","M","$","T","M","E","M","?","M","R","BOSS","M","$","M","M","?","R","M","E"],"items_purchased_type":["Card","Card"],"build_version":"2020-12-13","purchased_purges":1,"victory":false,"max_hp_per_floor":[75,75,75,75,75,75,75,75,75,75,75,75,75,75,75,75,75,75,75,75,75,80,80,80,80,80],"card_choices":[{"not_picked":["Aggregate","Go for the Eyes","Panic Button"],"picked":"SKIP","floor":1},{"not_picked":["Rip and Tear","Stack"],"picked":"FIFO Queue","floor":5},{"not_picked":["ReplayTheSpireMod:Reroute Power","Sunder","Conserve Battery"],"picked":"SKIP","floor":7},{"not_picked":["Reprogram","Sweeping Beam","Hologram"],"picked":"SKIP","floor":10},{"not_picked":["Go for the Eyes","Beam Cell"],"picked":"Rainbow","floor":11},{"not_picked":["Heatsinks","Recycle","Gash"],"picked":"SKIP","floor":12},{"not_picked":["Heatsinks","Turbo","Leap"],"picked":"SKIP","floor":14},{"not_picked":["Beam Cell","Steam","Leap"],"picked":"SKIP","floor":18},{"not_picked":["FTL","Sunder","Panic Button"],"picked":"SKIP","floor":20},{"not_picked":["Go for the Eyes+1","Streamline","Hologram+1"],"picked":"SKIP","floor":21},{"not_picked":["Compile Driver","Genetic Algorithm","Leap+1"],"picked":"SKIP","floor":24}],"player_experience":889545,"relics_obtained":[{"floor":9,"key":"sneckomod:BlankCard"},{"floor":11,"key":"ReplayFunnel"}],"event_choices":[{"cards_removed":["Strike_B"],"damage_healed":0,"gold_gain":0,"player_choice":"Card Removal","damage_taken":0,"max_hp_gain":0,"max_hp_loss":0,"event_name":"The Cleric","floor":2,"gold_loss":50},{"damage_healed":0,"gold_gain":0,"player_choice":"Leave","damage_taken":0,"max_hp_gain":0,"max_hp_loss":0,"event_name":"conspire:Investor","floor":3,"gold_loss":0},{"damage_healed":0,"gold_gain":0,"player_choice":"Relic ","damage_taken":12,"max_hp_gain":0,"max_hp_loss":0,"event_name":"betterThird:BetterScrap","floor":4,"gold_loss":0,"cards_obtained":["conspire:Purge"]},{"damage_healed":0,"gold_gain":0,"player_choice":"Shed Blood","damage_taken":19,"max_hp_gain":5,"max_hp_loss":0,"event_name":"Forgotten Altar","floor":22,"gold_loss":0}],"is_beta":false,"boss_relics":[{"not_picked":["Pandora\u0027s Box","SacredBark"],"picked":"hubris:RunicObelisk"}],"items_purged_floors":[19],"is_endless":false,"potions_floor_spawned":[11,12,14],"killed_by":"Slavers","ascension_level":0}}