{"host":"bq4pt811tk9yrmjl","time":1608238245,"event":{"mods":["AchievementEnabler","BaseMod","Colored Map","Colored Powertips","Defuse TimeMaze Blight","Minty Spire (QoL Compilation)","StSLib","SuperFastMode","UnlockEverythingMod"],"gold_per_floor":[118,118,78,92,105,105,119,152,152,183,210,273,273,291,291,419,419,433,433,206,206,106,106,140,159,159,159,159],"floor_reached":27,"playtime":517,"items_purged":["Strike_G","Injury"],"score":251,"play_id":"d93220eb-4671-473f-946f-33e7f2e517f4","local_time":"20201217185045","is_ascension_mode":true,"campfire_choices":[{"data":"Noxious Fumes","floor":6.0,"key":"SMITH"},{"floor":15.0,"key":"REST"},{"data":"Neutralize","floor":23,"key":"SMITH"}],"circlet_count":0,"master_deck":["Strike_G","Strike_G","Strike_G","Strike_G","Defend_G","Defend_G","Defend_G","Defend_G","Defend_G","Survivor","Neutralize+1","Bane","Noxious Fumes+1","Backstab","Dodge and Roll","Deflect","Dodge and Roll","Corpse Explosion","Slice+1","Deflect+1"],"relics":["Ring of the Snake","NeowsBlessing","Eternal Feather","Ornamental Fan","Odd Mushroom","Bottled Lightning","Bloody Idol","SacredBark","Chemical X","Sundial","Ice Cream"],"acts_visited":["Exordium","TheCity"],"potions_floor_usage":[25],"damage_taken":[{"damage":0.0,"enemies":"Small Slimes","floor":1.0,"turns":1.0},{"damage":0.0,"enemies":"Cultist","floor":4.0,"turns":1.0},{"damage":0.0,"enemies":"Jaw Worm","floor":5.0,"turns":1.0},{"damage":17.0,"enemies":"3 Louse","floor":7.0,"turns":4.0},{"damage":17.0,"enemies":"3 Sentries","floor":8.0,"turns":8.0},{"damage":4.0,"enemies":"Gremlin Nob","floor":10.0,"turns":3.0},{"damage":8.0,"enemies":"The Mushroom Lair","floor":11.0,"turns":5.0},{"damage":9.0,"enemies":"3 Sentries","floor":12.0,"turns":7.0},{"damage":3.0,"enemies":"Blue Slaver","floor":14.0,"turns":3.0},{"damage":27.0,"enemies":"The Guardian","floor":16.0,"turns":10.0},{"damage":13.0,"enemies":"2 Thieves","floor":18.0,"turns":2.0},{"damage":101,"enemies":"Book of Stabbing","floor":24,"turns":11},{"damage":0,"enemies":"Chosen","floor":25,"turns":5},{"damage":0,"enemies":"3 Cultists","floor":27,"turns":1}],"seed_played":"3129480883046096719","potions_obtained":[{"floor":7.0,"key":"ColorlessPotion"},{"floor":8.0,"key":"Poison Potion"},{"floor":12.0,"key":"PowerPotion"},{"floor":16.0,"key":"FairyPotion"},{"floor":24,"key":"Swift Potion"},{"floor":25,"key":"DistilledChaos"}],"is_trial":false,"path_per_floor":["M","?","$","M","M","R","M","E","T","E","?","?","?","M","R","B",null,"M","?","$","?","$","R","E","M","T","M"],"character_chosen":"THE_SILENT","items_purchased":["Noxious Fumes","Chemical X"],"campfire_rested":1,"item_purchase_floors":[3,20],"current_hp_per_floor":[70,70,70,70,70,70,53,36,36,32,24,15,15,12,42,15,70,57,57,57,57,57,66,17,22,22,22,22],"gold":159,"neow_bonus":"THREE_ENEMY_KILL","is_daily":false,"chose_seed":false,"campfire_upgraded":2,"win_rate":0.0,"timestamp":1608238245,"path_taken":["M","?","$","?","M","R","M","E","T","E","?","?","?","M","R","BOSS","M","?","$","?","?","R","E","M","T","?"],"items_purchased_type":["Card","Relic"],"build_version":"2020-12-13","purchased_purges":2,"victory":false,"max_hp_per_floor":[70,70,70,70,70,70,70,70,70,70,70,70,70,70,70,70,70,70,70,70,70,70,70,70,70,70,70,70],"card_choices":[{"not_picked":["Quick Slash","Prepared"],"picked":"Bane","floor":1.0},{"not_picked":["Bane","Acrobatics","Deadly Poison"],"picked":"SKIP","floor":4.0},{"not_picked":["Deflect","Flechettes","Quick Slash"],"picked":"SKIP","floor":5.0},{"not_picked":["Heel Hook","Backflip","Sucker Punch"],"picked":"SKIP","floor":7.0},{"not_picked":["Quick Slash","Well Laid Plans"],"picked":"Backstab","floor":8.0},{"not_picked":["Expertise","Well Laid Plans"],"picked":"Dodge and Roll","floor":10.0},{"not_picked":["Storm of Steel","Backflip"],"picked":"Deflect","floor":11.0},{"not_picked":["Backflip","Cloak And Dagger"],"picked":"Dodge and Roll","floor":12.0},{"not_picked":["Cloak And Dagger","Eviscerate","Poisoned Stab"],"picked":"SKIP","floor":14.0},{"not_picked":["Bullet Time","Phantasmal Killer"],"picked":"Corpse Explosion","floor":16.0},{"not_picked":["Quick Slash","Poisoned Stab+1"],"picked":"Slice+1","floor":18.0},{"not_picked":["Outmaneuver+1","Tactician"],"picked":"Deflect+1","floor":24},{"not_picked":["Caltrops","Cloak And Dagger","Distraction"],"picked":"SKIP","floor":25}],"player_experience":67184,"relics_obtained":[{"floor":8.0,"key":"Eternal Feather"},{"floor":10.0,"key":"Ornamental Fan"},{"floor":11.0,"key":"Odd Mushroom"},{"floor":12.0,"key":"Bottled Lightning"},{"floor":24,"key":"Sundial"},{"floor":26,"key":"Ice Cream"}],"event_choices":[{"damage_healed":0.0,"max_hp_gain":0.0,"max_hp_loss":0.0,"gold_gain":0.0,"event_name":"NoteForYourself","player_choice":"Ignored","floor":2.0,"gold_loss":0.0,"damage_taken":0.0},{"damage_healed":0.0,"max_hp_gain":0.0,"max_hp_loss":0.0,"gold_gain":0.0,"event_name":"Mushrooms","player_choice":"Fought Mushrooms","floor":11.0,"gold_loss":0.0,"damage_taken":0.0},{"damage_healed":0.0,"max_hp_gain":0.0,"max_hp_loss":0.0,"gold_gain":0.0,"event_name":"Dead Adventurer","player_choice":"Searched \u00272\u0027 times","floor":12.0,"gold_loss":0.0,"damage_taken":0.0},{"damage_healed":0.0,"max_hp_gain":0.0,"max_hp_loss":0.0,"gold_gain":0.0,"event_name":"Golden Idol","player_choice":"Take Wound","floor":13.0,"gold_loss":0.0,"damage_taken":0.0,"relics_obtained":["Golden Idol"],"cards_obtained":["Injury"]},{"damage_healed":0,"gold_gain":0,"player_choice":"Ignored","damage_taken":0,"max_hp_gain":0,"max_hp_loss":0,"event_name":"Cursed Tome","floor":19,"gold_loss":0},{"damage_healed":0,"gold_gain":0,"player_choice":"Gave Idol","damage_taken":0,"relics_obtained":["Bloody Idol"],"max_hp_gain":0,"max_hp_loss":0,"event_name":"Forgotten Altar","floor":21,"relics_lost":["Golden Idol"],"gold_loss":0}],"is_beta":false,"boss_relics":[{"not_picked":["HoveringKite","Velvet Choker"],"picked":"SacredBark"}],"items_purged_floors":[20,22],"is_endless":false,"potions_floor_spawned":[7,8,12,16,24,25],"killed_by":"3 Cultists","ascension_level":1}}