{"host":"j61pjxqytd94o6ng","time":1608235581,"event":{"mods":["BaseMod","Colored Map","Colored Powertips","Downfall","Minty Spire (QoL Compilation)","StSLib"],"gold_per_floor":[99,117,131,165,165,176,176,176,191,191,191,191,64,64,84,179,179,129,161,161,181,214,214,214,226,176,211,40,40,25,18,41,41,41],"floor_reached":33,"playtime":1500,"items_purged":["Slimebound:Strike_Slimebound","Slimebound:Strike_Slimebound"],"score":281,"play_id":"a9672b83-a952-4c43-83b1-3c3f0865fb50","local_time":"20201217130621","is_ascension_mode":false,"campfire_choices":[{"data":"Slimebound:CorrosiveSpit","floor":1,"key":"SMITH"},{"data":"Slimebound:Dissolve","floor":5,"key":"SMITH"},{"floor":10,"key":"REST"},{"data":"Slimebound:Nibble","floor":18,"key":"SMITH"},{"data":"Slimebound:Split","floor":26,"key":"SMITH"}],"circlet_count":0,"master_deck":["Slimebound:Strike_Slimebound","Slimebound:Tackle","Slimebound:Defend_Slimebound","Slimebound:Defend_Slimebound","Slimebound:Defend_Slimebound","Slimebound:Defend_Slimebound","Slimebound:Split+1","Slimebound:CorrosiveSpit+1","Slimebound:SlimeBarrage","Slimebound:Dissolve+1","Slimebound:ProtectTheBoss","Slimebound:FinishingTackle","Slimebound:FirmFortitude","Slimebound:RallyTheTroops","Slimebound:SlimeTap","Slimebound:Nibble+1","Slimebound:Overexert","Slimebound:Nibble+1","Slimebound:Schlurp","Slimebound:Repurpose","Slimebound:TongueLash","Writhe","Slimebound:Teamwork","Slimebound:GoopSpray","Slimebound:GoopTackle+1","Slimebound:Repurpose"],"relics":["Slimebound:AbsorbEndCombat","Lizard Tail","Blue Candle","Sundial","Letter Opener","Slimebound:GreedOozeRelic","downfall:BrokenWingStatue","Cursed Key","Red Mask","Nunchaku","Kunai","Molten Egg 2","Lantern","Smiling Mask","CeramicFish","Art of War"],"acts_visited":["Exordium","TheCity"],"potions_floor_usage":[16,33,33],"damage_taken":[{"damage":4,"enemies":"Small Slimes","floor":2,"turns":3},{"damage":0,"enemies":"2 Louse","floor":3,"turns":1},{"damage":37,"enemies":"3 Sentries","floor":4,"turns":8},{"damage":5,"enemies":"Jaw Worm","floor":6,"turns":4},{"damage":7,"enemies":"2 Fungi Beasts","floor":9,"turns":3},{"damage":8,"enemies":"downfall:FleeingMerchant","floor":13,"turns":4},{"damage":7,"enemies":"Exordium Wildlife","floor":15,"turns":3},{"damage":64,"enemies":"downfall:Defect","floor":16,"turns":7},{"damage":17,"enemies":"Masked Bandits","floor":19,"turns":2},{"damage":4,"enemies":"3 Byrds","floor":21,"turns":2},{"damage":6,"enemies":"Book of Stabbing","floor":22,"turns":4},{"damage":15,"enemies":"Shelled Parasite and Fungi","floor":25,"turns":4},{"damage":37,"enemies":"Slavers","floor":27,"turns":4},{"damage":18,"enemies":"downfall:FleeingMerchant","floor":28,"turns":4},{"damage":34,"enemies":"downfall:FleeingMerchant","floor":30,"turns":4},{"damage":0,"enemies":"downfall:FleeingMerchant","floor":31,"turns":1},{"damage":17,"enemies":"Snake Plant","floor":32,"turns":4},{"damage":9,"enemies":"downfall:Ironclad","floor":33,"turns":2}],"seed_played":"7073610354155534310","potions_obtained":[{"floor":2,"key":"Weak Potion"},{"floor":15,"key":"champ:CounterPotion"},{"floor":21,"key":"EssenceOfSteel"},{"floor":22,"key":"Fire Potion"},{"floor":25,"key":"Dexterity Potion"},{"floor":32,"key":"Block Potion"}],"is_trial":false,"path_per_floor":["R","M","M","E","R","M","T","?","M","R","?","?","$","?","M","B",null,"R","?","?","M","E","?","T","M","R","E","$","?","$","$","M","B"],"character_chosen":"SLIMEBOUND","items_purchased":["Slimebound:SlimeTap","Lantern","CeramicFish","Art of War"],"campfire_rested":1,"item_purchase_floors":[13,28,31,31],"current_hp_per_floor":[42,46,48,21,21,26,26,14,15,33,38,38,36,36,37,21,65,65,62,62,65,65,65,65,57,57,32,28,28,16,18,5,0,0],"gold":41,"neow_bonus":"ONE_RARE_RELIC","is_daily":false,"chose_seed":false,"campfire_upgraded":4,"win_rate":0.0,"timestamp":1608235581,"path_taken":["R","M","M","E","R","M","T","?","M","R","?","?","?","?","M","BOSS","R","?","?","M","E","?","T","?","R","E","$","?","$","$","M","BOSS"],"items_purchased_type":["Card","Relic","Relic","Relic"],"build_version":"2020-12-13","purchased_purges":2,"victory":false,"max_hp_per_floor":[60,60,60,60,60,60,60,60,60,60,65,65,65,65,65,65,65,65,65,65,65,65,65,65,65,65,65,65,65,65,65,65,65,65],"card_choices":[{"not_picked":["Slimebound:SlimeSpikes","Slimebound:LeechingTouch"],"picked":"Slimebound:SlimeBarrage","floor":2},{"not_picked":["Slimebound:PressTheAttack","Slimebound:ComboTackle"],"picked":"Slimebound:Dissolve","floor":3},{"not_picked":["Slimebound:PressTheAttack","Slimebound:BestDefense"],"picked":"Slimebound:ProtectTheBoss","floor":4},{"not_picked":["Slimebound:SplitMire","Slimebound:PressTheAttack"],"picked":"Slimebound:FinishingTackle","floor":6},{"not_picked":["Slimebound:RollThrough","Slimebound:LeechingTouch"],"picked":"Slimebound:FirmFortitude","floor":9},{"not_picked":["Slimebound:LivingWall","Slimebound:SamplingLick"],"picked":"Slimebound:RallyTheTroops","floor":13},{"not_picked":["Slimebound:GrowthPunch","Slimebound:SplitLeeching"],"picked":"Slimebound:Nibble","floor":15},{"not_picked":["Slimebound:SlimeSlap","Slimebound:Teamwork"],"picked":"Slimebound:Overexert","floor":16},{"not_picked":["Slimebound:SplitAcid","Slimebound:FinishingTackle"],"picked":"Slimebound:Nibble+1","floor":19},{"not_picked":["Slimebound:GrowthPunch+1","Slimebound:SplitLeeching+1"],"picked":"Slimebound:Schlurp","floor":21},{"not_picked":["Slimebound:FirmFortitude+1","Slimebound:DuplicatedForm"],"picked":"Slimebound:Repurpose","floor":22},{"not_picked":["Slimebound:GrowthPunch","Slimebound:LeechingTouch+1","Slimebound:FinishingTackle"],"picked":"SKIP","floor":25},{"not_picked":["Slimebound:ViciousTackle+1","Slimebound:LeechingTouch+1"],"picked":"Slimebound:Teamwork","floor":27},{"not_picked":["Slimebound:Replication","Slimebound:SplitAcid"],"picked":"Slimebound:GoopSpray","floor":28},{"not_picked":["Slimebound:PressTheAttack+1","Slimebound:SplitLeeching"],"picked":"Slimebound:GoopTackle+1","floor":30},{"not_picked":["Slimebound:ComboTackle+1","Slimebound:SplitMire","Slimebound:GrowthPunch+1"],"picked":"SKIP","floor":31},{"not_picked":["Slimebound:SplitBruiser+1","Slimebound:SlimeSpikes+1"],"picked":"Slimebound:Repurpose","floor":32}],"player_experience":462668,"relics_obtained":[{"floor":4,"key":"Blue Candle"},{"floor":7,"key":"Sundial"},{"floor":19,"key":"Red Mask"},{"floor":22,"key":"Nunchaku"},{"floor":24,"key":"Kunai"},{"floor":27,"key":"Molten Egg 2"}],"event_choices":[{"damage_healed":0,"gold_gain":0,"player_choice":"Success","damage_taken":12,"relics_obtained":["Letter Opener"],"max_hp_gain":0,"max_hp_loss":0,"event_name":"Scrap Ooze","floor":8,"gold_loss":0},{"damage_healed":0,"gold_gain":0,"player_choice":"Donut","damage_taken":0,"max_hp_gain":5,"max_hp_loss":0,"event_name":"Big Fish","floor":11,"gold_loss":0},{"damage_healed":0,"gold_gain":0,"player_choice":"Fought Bandits","damage_taken":0,"max_hp_gain":0,"max_hp_loss":0,"event_name":"Masked Bandits","floor":19,"gold_loss":0},{"damage_healed":0,"gold_gain":0,"player_choice":"Ignored","damage_taken":0,"max_hp_gain":0,"max_hp_loss":0,"event_name":"Vampires","floor":20,"gold_loss":0},{"damage_healed":0,"gold_gain":0,"player_choice":"Read","damage_taken":0,"max_hp_gain":0,"max_hp_loss":0,"event_name":"The Library","floor":23,"gold_loss":0,"cards_obtained":["Slimebound:TongueLash"]}],"is_beta":false,"boss_relics":[{"not_picked":["Ectoplasm","Velvet Choker"],"picked":"Cursed Key"}],"items_purged_floors":[13,31],"is_endless":false,"potions_floor_spawned":[2,15,21,22,25,27,32],"killed_by":"downfall:Ironclad","ascension_level":0}}