{"host":"22l09gq0pwxrzbq5","time":1608195272,"event":{"mods":["BaseMod","Downfall","Marisa????????","Minty Spire (QoL Compilation)","StSLib","The Servant 0.9.4"],"gold_per_floor":[114,130,130,130,43,73,88,153,153,153,30,43,74,74,74,74,74],"floor_reached":16,"playtime":1542,"items_purged":[],"score":133,"play_id":"e15fe5a8-9762-44ff-bc48-a669986186d2","local_time":"20201217005432","is_ascension_mode":false,"campfire_choices":[{"floor":10,"key":"REST"},{"floor":15,"key":"REST"}],"circlet_count":0,"master_deck":["Strike_MRS","Strike_MRS","Strike_MRS","Strike_MRS","Defend_MRS","Defend_MRS","Defend_MRS","Defend_MRS","MasterSpark","UpSweep","FairyDestructionRay","ShootingEcho","DeepEcoloBomb","GrandCross","AsteroidBelt","PropBag","EarthLightRay","DC","SuperPerseids","DarkSpark","EarthLightRay"],"relics":["MiniHakkero","Pear","Matryoshka","PreservedInsect","InkBottle","AmplifyWand","Mummified Hand"],"acts_visited":["Exordium"],"potions_floor_usage":[],"damage_taken":[{"damage":10,"enemies":"Small Slimes","floor":1,"turns":3},{"damage":1,"enemies":"Jaw Worm","floor":2,"turns":3},{"damage":35,"enemies":"3 Sentries","floor":6,"turns":7},{"damage":2,"enemies":"2 Louse","floor":7,"turns":2},{"damage":17,"enemies":"3 Sentries","floor":8,"turns":7},{"damage":6,"enemies":"Looter","floor":12,"turns":2},{"damage":19,"enemies":"Lagavulin","floor":13,"turns":4},{"damage":66,"enemies":"The Guardian","floor":16,"turns":10}],"seed_played":"-4152104151976598779","potions_obtained":[{"floor":2,"key":"BottledSpark"},{"floor":6,"key":"sneckomod:MuddlingPotion"},{"floor":12,"key":"SkillPotion"}],"is_trial":false,"path_per_floor":["M","M","?","?","$","E","M","?","T","R","$","M","E","$","R","B"],"character_chosen":"MARISA","items_purchased":["DeepEcoloBomb","GrandCross","DC","SuperPerseids"],"campfire_rested":2,"item_purchase_floors":[5,5,11,11],"current_hp_per_floor":[65,64,64,69,69,44,42,37,37,64,64,58,39,39,66,0,0],"gold":74,"neow_bonus":"","is_daily":false,"chose_seed":false,"campfire_upgraded":0,"win_rate":0.0,"timestamp":1608195272,"path_taken":["M","M","?","?","$","E","M","?","T","R","$","M","E","$","R","BOSS"],"items_purchased_type":["Card","Card","Card","Card"],"build_version":"2020-12-13","purchased_purges":0,"victory":false,"max_hp_per_floor":[75,75,75,80,80,90,90,90,90,90,90,90,90,90,90,90,90],"card_choices":[{"not_picked":["AsteroidBelt","GravityBeat"],"picked":"FairyDestructionRay","floor":1},{"not_picked":["MilkyWay","GalacticHalo"],"picked":"ShootingEcho","floor":2},{"not_picked":["DC","RefractionSpark"],"picked":"AsteroidBelt","floor":6},{"not_picked":["GravityBeat","DoubleSpark"],"picked":"PropBag","floor":7},{"not_picked":["SporeBomb","Singularity"],"picked":"EarthLightRay","floor":8},{"not_picked":["PowerUp","SporeBomb"],"picked":"DarkSpark","floor":12},{"not_picked":["ChargingUp","EventHorizon"],"picked":"EarthLightRay","floor":13}],"player_experience":0,"relics_obtained":[{"floor":6,"key":"Pear"},{"floor":8,"key":"Matryoshka"},{"floor":9,"key":"PreservedInsect"},{"floor":9,"key":"InkBottle"},{"floor":13,"key":"AmplifyWand"}],"event_choices":[{"damage_healed":0,"gold_gain":0,"player_choice":"Ignored","damage_taken":0,"max_hp_gain":0,"max_hp_loss":0,"event_name":"Liars Game","floor":3,"gold_loss":0},{"damage_healed":0,"gold_gain":0,"player_choice":"Donut","damage_taken":0,"max_hp_gain":5,"max_hp_loss":0,"event_name":"Big Fish","floor":4,"gold_loss":0},{"damage_healed":0,"gold_gain":0,"player_choice":"Searched \u00271\u0027 times","damage_taken":0,"max_hp_gain":0,"max_hp_loss":0,"event_name":"Dead Adventurer","floor":8,"gold_loss":0}],"is_beta":false,"boss_relics":[],"items_purged_floors":[],"is_endless":false,"potions_floor_spawned":[2,6,12,13],"killed_by":"The Guardian","ascension_level":0}}