{"host":"4par9lyhj7bf4dsa","time":1608238365,"event":{"mods":["AchievementEnabler","BaseMod","Colored Map","Minty Spire (QoL Compilation)","Relic Stats","StSLib"],"gold_per_floor":[116,127,141,316,16,16,34,64,64,79,79,97,97,132,132,233,233,250,250,260,12,44,77,77,91,140,169,8,26,26,26],"floor_reached":30,"playtime":1300,"items_purged":["Doubt","Strike_P","Defend_P"],"score":512,"play_id":"d7480a4e-97e5-4485-82b6-bf0398e3d61a","local_time":"20201218075245","is_ascension_mode":true,"campfire_choices":[{"data":"Conclude","floor":6,"key":"SMITH"},{"data":"Wallop","floor":13,"key":"SMITH"},{"data":"Wallop","floor":15,"key":"SMITH"},{"data":"Wallop","floor":24,"key":"SMITH"}],"circlet_count":0,"master_deck":["AscendersBane","Strike_P","Strike_P","Defend_P","Defend_P","Defend_P","Eruption","Vigilance","Conclude+1","FlyingSleeves","CrushJoints","WindmillStrike","Ragnarok","Wallop+1","Tantrum","Wallop+1","DeusExMachina","Wallop+1","WaveOfTheHand+1","Wireheading+1","EmptyBody","Meditate"],"relics":["SlaversCollar","Sling","Gremlin Horn","Darkstone Periapt","Dream Catcher","Philosopher\u0027s Stone","Lee\u0027s Waffle","Red Mask","Calipers","Vajra","Yang"],"acts_visited":["Exordium","TheCity"],"potions_floor_usage":[8,18,22,23],"damage_taken":[{"damage":8,"enemies":"Small Slimes","floor":1,"turns":3},{"damage":0,"enemies":"2 Louse","floor":2,"turns":2},{"damage":0,"enemies":"Cultist","floor":3,"turns":2},{"damage":3,"enemies":"Blue Slaver","floor":7,"turns":3},{"damage":0,"enemies":"Lagavulin","floor":8,"turns":3},{"damage":7,"enemies":"2 Fungi Beasts","floor":10,"turns":3},{"damage":15,"enemies":"Lots of Slimes","floor":12,"turns":3},{"damage":0,"enemies":"3 Sentries","floor":14,"turns":2},{"damage":4,"enemies":"The Guardian","floor":16,"turns":7},{"damage":0,"enemies":"2 Thieves","floor":18,"turns":2},{"damage":7,"enemies":"Spheric Guardian","floor":20,"turns":3},{"damage":0,"enemies":"Masked Bandits","floor":22,"turns":2},{"damage":5,"enemies":"Slavers","floor":23,"turns":2},{"damage":35,"enemies":"Cultist and Chosen","floor":25,"turns":7},{"damage":14,"enemies":"Book of Stabbing","floor":27,"turns":6},{"damage":12,"enemies":"Snake Plant","floor":29,"turns":4},{"damage":14,"enemies":"Snecko","floor":30,"turns":3}],"seed_played":"-2789322441158479722","potions_obtained":[{"floor":2,"key":"SteroidPotion"},{"floor":7,"key":"Energy Potion"},{"floor":12,"key":"Swift Potion"},{"floor":14,"key":"Block Potion"},{"floor":20,"key":"Block Potion"},{"floor":25,"key":"Dexterity Potion"},{"floor":29,"key":"Ancient Potion"}],"is_trial":false,"path_per_floor":["M","M","M","?","$","R","M","E","T","M","?","M","R","E","R","B",null,"M","?","M","$","?","E","R","M","T","E","$","M","M"],"character_chosen":"WATCHER","items_purchased":["Sling","WindmillStrike","Lee\u0027s Waffle","Meditate"],"campfire_rested":0,"item_purchase_floors":[5,5,21,28],"current_hp_per_floor":[57,57,57,57,57,57,54,54,54,47,47,32,32,32,32,28,61,61,61,54,79,79,74,74,39,39,25,25,13,0,0],"gold":26,"neow_bonus":"BOSS_RELIC","is_daily":false,"chose_seed":false,"campfire_upgraded":4,"win_rate":0.0,"timestamp":1608238365,"path_taken":["M","M","M","?","$","R","M","E","T","M","?","?","R","E","R","BOSS","M","?","M","$","?","E","R","M","T","E","?","M","M"],"items_purchased_type":["Relic","Card","Relic","Card"],"build_version":"2020-12-13","purchased_purges":3,"victory":false,"max_hp_per_floor":[72,72,72,72,72,72,72,72,72,72,72,72,72,72,72,72,72,72,72,72,79,79,79,79,79,79,79,79,79,79,79],"relic_stats":{"Darkstone Periapt":0,"Dream Catcher":0,"Lee\u0027s Waffle":25,"Gremlin Horn":[6,6],"counters":[17,57],"Yang":[11],"obtain_stats":[{"Darkstone Periapt":9,"SlaversCollar":0,"Dream Catcher":14,"Lee\u0027s Waffle":21,"Calipers":23,"Gremlin Horn":8,"Vajra":26,"Philosopher\u0027s Stone":17,"Yang":27,"Red Mask":22,"PureWater":0,"Sling":5},{"Darkstone Periapt":5,"SlaversCollar":0,"Dream Catcher":8,"Lee\u0027s Waffle":11,"Calipers":13,"Gremlin Horn":5,"Vajra":14,"Philosopher\u0027s Stone":9,"Yang":15,"Red Mask":12,"PureWater":0,"Sling":3},{"Darkstone Periapt":13,"SlaversCollar":0,"Dream Catcher":21,"Lee\u0027s Waffle":33,"Calipers":37,"Gremlin Horn":13,"Vajra":44,"Philosopher\u0027s Stone":28,"Yang":50,"Red Mask":35,"PureWater":0,"Sling":7}]},"card_choices":[{"not_picked":["PathToVictory","BowlingBash"],"picked":"Conclude","floor":1},{"not_picked":["Weave","SandsOfTime"],"picked":"FlyingSleeves","floor":2},{"not_picked":["PathToVictory","Evaluate"],"picked":"CrushJoints","floor":3},{"not_picked":["Crescendo","Prostrate","DeceiveReality"],"picked":"SKIP","floor":7},{"not_picked":["CutThroughFate","PathToVictory"],"picked":"Ragnarok","floor":8},{"not_picked":["BowlingBash","JustLucky"],"picked":"Wallop","floor":10},{"not_picked":["WheelKick","Worship"],"picked":"Tantrum","floor":12},{"not_picked":["EmptyBody","FlurryOfBlows"],"picked":"Wallop","floor":14},{"not_picked":["Brilliance","Devotion"],"picked":"DeusExMachina","floor":16},{"not_picked":["Worship","Protect","Prostrate+1"],"picked":"SKIP","floor":18},{"not_picked":["Adaptation","WaveOfTheHand","FlurryOfBlows"],"picked":"SKIP","floor":20},{"not_picked":["SashWhip","CutThroughFate"],"picked":"Wallop","floor":22},{"not_picked":["Indignation","Brilliance"],"picked":"WaveOfTheHand+1","floor":23},{"not_picked":["Swivel","Sanctity"],"picked":"Wireheading+1","floor":25},{"not_picked":["Prostrate","Crescendo"],"picked":"EmptyBody","floor":27},{"not_picked":["InnerPeace","BowlingBash","Halt"],"picked":"SKIP","floor":29}],"player_experience":880450,"relics_obtained":[{"floor":8,"key":"Gremlin Horn"},{"floor":9,"key":"Darkstone Periapt"},{"floor":14,"key":"Dream Catcher"},{"floor":22,"key":"Red Mask"},{"floor":23,"key":"Calipers"},{"floor":26,"key":"Vajra"},{"floor":27,"key":"Yang"}],"event_choices":[{"damage_healed":0,"gold_gain":175,"player_choice":"AGREE","damage_taken":0,"max_hp_gain":0,"max_hp_loss":0,"event_name":"Liars Game","floor":4,"gold_loss":0,"cards_obtained":["Doubt"]},{"cards_removed":["Strike_P"],"damage_healed":0,"gold_gain":0,"player_choice":"Purged","damage_taken":0,"max_hp_gain":0,"max_hp_loss":0,"event_name":"Purifier","floor":11,"gold_loss":0},{"damage_healed":0,"gold_gain":0,"player_choice":"Ignored","damage_taken":0,"max_hp_gain":0,"max_hp_loss":0,"event_name":"Vampires","floor":19,"gold_loss":0},{"damage_healed":0,"gold_gain":0,"player_choice":"Fought Bandits","damage_taken":0,"max_hp_gain":0,"max_hp_loss":0,"event_name":"Masked Bandits","floor":22,"gold_loss":0}],"is_beta":false,"boss_relics":[{"not_picked":["Fusion Hammer","Coffee Dripper"],"picked":"Philosopher\u0027s Stone"}],"items_purged_floors":[5,21,28],"is_endless":false,"potions_floor_spawned":[2,7,12,14,20,25,29],"killed_by":"Snecko","ascension_level":11}}