{"host":"dw8189mw8rzr4e13","time":1608199533,"event":{"mods":["Act Like it!","BaseMod","Better Vampires","Colored Powertips","Downfall","Minty Spire (QoL Compilation)","Rare Cards Sparkle","StSLib"],"gold_per_floor":[99,111,111,111,144,144,144,61,61,94,112,132,132,132,142,142,142],"floor_reached":16,"playtime":886,"items_purged":[],"score":108,"play_id":"3fbda9cc-d640-4fa6-9ec5-3ce96cca96e2","local_time":"20201217180533","is_ascension_mode":false,"campfire_choices":[{"data":"hexamod:Sear","floor":1.0,"key":"SMITH"},{"data":"hexamod:ExtraCrispy","floor":9.0,"key":"SMITH"}],"circlet_count":0,"master_deck":["hexamod:Strike","hexamod:Strike","hexamod:Strike","hexamod:Defend","hexamod:Defend","hexamod:Defend","hexamod:Defend","hexamod:Sear+1","hexamod:Float","hexamod:FastForward","hexamod:ChargedBarrage","hexamod:EmpoweredFlame","hexamod:ExtraCrispy+1","hexamod:VolcanoVisage","hexamod:HauntingEcho","hexamod:RainOfEmbers","hexamod:BurningTouch"],"relics":["hexamod:SpiritBrand","hexamod:SoulConsumer","Bronze Scales","downfall:BrokenWingStatue","Turnip","Art of War","Letter Opener"],"acts_visited":["Exordium"],"potions_floor_usage":[16,16],"damage_taken":[{"damage":0.0,"enemies":"Cultist","floor":2.0,"turns":3.0},{"damage":34.0,"enemies":"3 Sentries","floor":5.0,"turns":11.0},{"damage":4.0,"enemies":"downfall:FleeingMerchant","floor":8.0,"turns":4.0},{"damage":7.0,"enemies":"Gremlin Nob","floor":10.0,"turns":3.0},{"damage":11.0,"enemies":"2 Louse","floor":11.0,"turns":4.0},{"damage":9.0,"enemies":"Jaw Worm","floor":12.0,"turns":4.0},{"damage":9.0,"enemies":"Exordium Thugs","floor":15.0,"turns":5.0},{"damage":29,"enemies":"downfall:Ironclad","floor":16,"turns":5}],"seed_played":"4618782247055534380","potions_obtained":[{"floor":10.0,"key":"SteroidPotion"},{"floor":12.0,"key":"AttackPotion"},{"floor":15.0,"key":"Strength Potion"}],"is_trial":false,"path_per_floor":["R","M","?","?","E","?","T","$","R","E","M","M","?","T","M","B"],"character_chosen":"THE_SPIRIT","items_purchased":["hexamod:ExtraCrispy"],"campfire_rested":0,"item_purchase_floors":[8],"current_hp_per_floor":[77,77,77,77,43,43,43,39,39,32,21,12,37,37,28,0,0],"gold":142,"neow_bonus":"TEN_PERCENT_HP_BONUS","is_daily":false,"chose_seed":false,"campfire_upgraded":2,"win_rate":0.0,"timestamp":1608199533,"path_taken":["R","M","?","?","E","?","T","?","R","E","M","?","?","?","M","BOSS"],"items_purchased_type":["Card"],"build_version":"2020-12-13","purchased_purges":0,"victory":false,"max_hp_per_floor":[77,77,77,77,77,77,77,77,77,77,77,77,77,77,77,77,77],"card_choices":[{"not_picked":["hexamod:BacktrackSmack","hexamod:GhostShield"],"picked":"hexamod:FastForward","floor":2.0},{"not_picked":["hexamod:ShieldOfDarkness","hexamod:BacktrackSmack"],"picked":"hexamod:ChargedBarrage","floor":5.0},{"not_picked":["hexamod:GhostLash","hexamod:ChargedBarrage"],"picked":"hexamod:EmpoweredFlame","floor":8.0},{"not_picked":["hexamod:HauntingEcho","hexamod:ThermalTransfer"],"picked":"hexamod:VolcanoVisage","floor":10.0},{"not_picked":["hexamod:SpectersWail","hexamod:Haunt"],"picked":"hexamod:HauntingEcho","floor":11.0},{"not_picked":["hexamod:RetreatToShadows","hexamod:GhostflameBarrier"],"picked":"hexamod:RainOfEmbers","floor":12.0},{"not_picked":["hexamod:NightmareStrike","hexamod:GhostShield"],"picked":"hexamod:BurningTouch","floor":15.0}],"player_experience":637869,"relics_obtained":[{"floor":5.0,"key":"Bronze Scales"},{"floor":7.0,"key":"Turnip"},{"floor":10.0,"key":"Art of War"},{"floor":14.0,"key":"Letter Opener"}],"event_choices":[{"damage_healed":25.0,"max_hp_gain":0.0,"max_hp_loss":0.0,"gold_gain":0.0,"event_name":"Big Fish","player_choice":"Banana","floor":13.0,"gold_loss":0.0,"damage_taken":0.0}],"is_beta":false,"boss_relics":[],"items_purged_floors":[],"is_endless":false,"potions_floor_spawned":[10,12,15],"killed_by":"downfall:Ironclad","ascension_level":0}}