{"host":"k5dhp0bkccqfauyu","time":1608200467,"event":{"mods":["BaseMod","Better Note","Better Skull","Better Vampires","Colored Map","Colored Powertips","DeckTracker","Minty Spire (QoL Compilation)","Permanent Neow","StSLib","SuperFastMode"],"gold_per_floor":[115,130,143,218,228,261,261,288,288,14,14,14,27,59,59,133,133,112,131,131,131,142,142,142],"floor_reached":23,"playtime":1170,"items_purged":[],"score":522,"play_id":"72e959c6-479e-4dae-b4ac-3b335d4e8690","local_time":"20201217212107","is_ascension_mode":true,"campfire_choices":[{"floor":7,"key":"REST"},{"data":"Deadly Poison","floor":11,"key":"SMITH"},{"data":"Poisoned Stab","floor":12,"key":"SMITH"},{"data":"Footwork","floor":15,"key":"SMITH"}],"circlet_count":0,"master_deck":["AscendersBane","Strike_G","Strike_G","Strike_G","Strike_G","Strike_G","Defend_G","Defend_G","Defend_G","Defend_G","Defend_G","Survivor","Neutralize","Masterful Stab","Quick Slash","Deadly Poison+1","Poisoned Stab+1","Blur","Footwork+1","Blade Dance","Die Die Die","Quick Slash+1","Dagger Spray","Writhe","RitualDagger","Setup"],"relics":["Black Star","Pear","WingedGreaves","Question Card","Eternal Feather","Turnip","Kunai","Gremlin Horn","Oddly Smooth Stone","Runic Pyramid","InkBottle"],"acts_visited":["Exordium","TheCity"],"potions_floor_usage":[8,14,22,23],"damage_taken":[{"damage":0,"enemies":"2 Louse","floor":1,"turns":3},{"damage":2,"enemies":"Jaw Worm","floor":2,"turns":5},{"damage":4,"enemies":"Small Slimes","floor":3,"turns":3},{"damage":12,"enemies":"3 Louse","floor":5,"turns":4},{"damage":47,"enemies":"3 Sentries","floor":6,"turns":13},{"damage":19,"enemies":"Gremlin Nob","floor":8,"turns":4},{"damage":1,"enemies":"Looter","floor":13,"turns":4},{"damage":32,"enemies":"3 Sentries","floor":14,"turns":10},{"damage":0,"enemies":"The Guardian","floor":16,"turns":12},{"damage":22,"enemies":"2 Thieves","floor":18,"turns":4},{"damage":0,"enemies":"Spheric Guardian","floor":19,"turns":6},{"damage":19,"enemies":"Shelled Parasite and Fungi","floor":22,"turns":9},{"damage":18,"enemies":"Book of Stabbing","floor":23,"turns":1}],"seed_played":"-5851416950985069962","potions_obtained":[{"floor":1,"key":"FairyPotion"},{"floor":6,"key":"EssenceOfSteel"},{"floor":13,"key":"ColorlessPotion"},{"floor":16,"key":"CultistPotion"},{"floor":19,"key":"Ancient Potion"}],"is_trial":false,"path_per_floor":["M","M","M","?","M","E","R","E","T","$","R","R","M","E","R","B",null,"M","M","?","?","M","E"],"character_chosen":"THE_SILENT","items_purchased":["Kunai"],"campfire_rested":1,"item_purchase_floors":[10],"current_hp_per_floor":[59,57,53,42,30,19,41,22,22,22,31,40,39,7,19,19,62,40,40,40,34,15,0,0],"gold":142,"neow_bonus":"BOSS_RELIC","is_daily":false,"chose_seed":false,"campfire_upgraded":3,"win_rate":0.0,"timestamp":1608200467,"path_taken":["M","M","M","?","M","E","R","E","T","$","R","R","M","E","R","BOSS","M","M","?","?","M","E"],"items_purchased_type":["Relic"],"build_version":"2020-12-13","purchased_purges":0,"victory":false,"max_hp_per_floor":[66,66,66,66,66,76,76,76,76,76,76,76,76,76,76,76,76,76,76,76,76,76,76,76],"card_choices":[{"not_picked":["Slice","Escape Plan"],"picked":"Masterful Stab","floor":1},{"not_picked":["Underhanded Strike","Flying Knee"],"picked":"Quick Slash","floor":2},{"not_picked":["Quick Slash","Expertise"],"picked":"Deadly Poison","floor":3},{"not_picked":["Acrobatics","Concentrate"],"picked":"Poisoned Stab","floor":5},{"not_picked":["Acrobatics","Quick Slash"],"picked":"Blur","floor":6},{"not_picked":["Deflect","Blade Dance"],"picked":"Footwork","floor":8},{"not_picked":["Deadly Poison","Grand Finale","Underhanded Strike"],"picked":"Blade Dance","floor":13},{"not_picked":["Prepared","Setup","Dagger Throw","A Thousand Cuts"],"picked":"SKIP","floor":14},{"not_picked":["Grand Finale","Wraith Form v2","Malaise"],"picked":"Die Die Die","floor":16},{"not_picked":["Skewer","Distraction","Underhanded Strike"],"picked":"Quick Slash+1","floor":18},{"not_picked":["Expertise","Outmaneuver","Deadly Poison"],"picked":"Dagger Spray","floor":19},{"not_picked":["All Out Attack","Finisher","Unload"],"picked":"Setup","floor":22}],"player_experience":1767995,"relics_obtained":[{"floor":6,"key":"Pear"},{"floor":6,"key":"WingedGreaves"},{"floor":8,"key":"Question Card"},{"floor":8,"key":"Eternal Feather"},{"floor":9,"key":"Turnip"},{"floor":14,"key":"Gremlin Horn"},{"floor":14,"key":"Oddly Smooth Stone"}],"event_choices":[{"damage_healed":0,"gold_gain":75,"player_choice":"Gather Gold","damage_taken":11,"max_hp_gain":0,"max_hp_loss":0,"event_name":"World of Goop","floor":4,"gold_loss":0},{"damage_healed":0,"gold_gain":0,"player_choice":"Opened","damage_taken":0,"relics_obtained":["InkBottle"],"max_hp_gain":0,"max_hp_loss":0,"event_name":"The Mausoleum","floor":20,"gold_loss":0,"cards_obtained":["Writhe"]},{"damage_healed":0,"gold_gain":0,"player_choice":"Joined the Cult","damage_taken":6,"max_hp_gain":0,"max_hp_loss":0,"event_name":"Nest","floor":21,"gold_loss":0,"cards_obtained":["RitualDagger"]}],"is_beta":false,"boss_relics":[{"not_picked":["Snecko Eye","Velvet Choker"],"picked":"Runic Pyramid"}],"items_purged_floors":[],"is_endless":false,"potions_floor_spawned":[1,6,13,16,19],"killed_by":"Book of Stabbing","ascension_level":20}}