{"host":"4a6fro0of1ie0h2w","time":1608233032,"event":{"mods":["Aspiration","BaseMod","CCEM","Colored Map","Conspire","Downfall","GifTheSpireLib","Halation","Highlight Path","Hubris","Infinite Spire","Marisa????????","Minty Spire (QoL Compilation)","Permanent Neow","Replay The Spire","StSLib","Stuff the Spire","The Servant 0.9.4"],"gold_per_floor":[349,374,374,388,408,408,460,489,10,38,51,63,82,74,89,89,89],"floor_reached":16,"playtime":804,"items_purged":[],"score":122,"play_id":"e8a6f4b2-f785-4558-9c78-f45d44704b0e","local_time":"20201217212352","is_ascension_mode":false,"campfire_choices":[{"data":"hexamod:Float","floor":1,"key":"SMITH"},{"floor":6,"key":"RECALL"}],"circlet_count":0,"master_deck":["hexamod:Strike","hexamod:Strike+1","hexamod:Strike","hexamod:Strike+1","hexamod:Defend","hexamod:Defend","hexamod:Defend","hexamod:Defend","hexamod:Sear+1","hexamod:Float+1","hexamod:PhantomCloak","hexamod:Hexaguard","hexamod:StepThrough","hexamod:PhantomFireball","hexamod:GhostOfSpireFuture","hexamod:RadiantFlame","hexamod:GhostflameBarrier","hexamod:BurningTouch","hexamod:FastForward","hexamod:FirstSeal","hexamod:SecondSeal"],"relics":["hexamod:SpiritBrand","Whetstone","halation:AfternoonTea","Ancient Tea Set","Chemical X","infinitespire:WardingShard","hubris:OldNail"],"acts_visited":["Exordium"],"potions_floor_usage":[10,10,16,16,16],"damage_taken":[{"damage":19,"enemies":"Gremlin Nob","floor":2,"turns":4},{"damage":5,"enemies":"Jaw Worm","floor":4,"turns":3},{"damage":0,"enemies":"2 Louse","floor":5,"turns":3},{"damage":14,"enemies":"Lagavulin","floor":8,"turns":5},{"damage":0,"enemies":"downfall:FleeingMerchant","floor":9,"turns":4},{"damage":3,"enemies":"Gremlin Nob","floor":10,"turns":3},{"damage":3,"enemies":"Small Slimes","floor":11,"turns":4},{"damage":0,"enemies":"conspire:2 RoseBushes","floor":12,"turns":8},{"damage":5,"enemies":"3 Louse","floor":13,"turns":3},{"damage":2,"enemies":"Large Slime","floor":15,"turns":7},{"damage":21,"enemies":"downfall:Ironclad","floor":16,"turns":7}],"seed_played":"2646084477134796161","potions_obtained":[{"floor":2,"key":"Energy Potion"},{"floor":4,"key":"SkillPotion"},{"floor":5,"key":"AttackPotion"},{"floor":10,"key":"Elixir"},{"floor":11,"key":"ColorlessPotion"},{"floor":15,"key":"DistilledChaos"}],"is_trial":false,"path_per_floor":["R","E","?","M","M","R","T","E","$","E","M","M","M","?","M","B"],"character_chosen":"THE_SPIRIT","items_purchased":["Chemical X","hexamod:RadiantFlame","infinitespire:WardingShard"],"campfire_rested":0,"item_purchase_floors":[9,9,9],"current_hp_per_floor":[63,44,44,39,39,39,39,25,25,22,19,19,14,14,19,0,0],"gold":89,"neow_bonus":"TWO_FIFTY_GOLD","is_daily":false,"chose_seed":false,"campfire_upgraded":1,"win_rate":0.0,"timestamp":1608233032,"path_taken":["R","E","?","M","M","R","T","E","$","E","M","M","M","?","M","BOSS"],"items_purchased_type":["Relic","Card","Relic"],"build_version":"2020-12-13","purchased_purges":0,"victory":false,"max_hp_per_floor":[63,63,63,63,63,63,63,63,63,63,63,63,63,63,63,63,63],"card_choices":[{"not_picked":["hexamod:Hexaguard","hexamod:InspiringFlames"],"picked":"hexamod:PhantomCloak","floor":2},{"not_picked":["hexamod:RainOfEmbers","hexamod:SwordOfDarkness"],"picked":"hexamod:Hexaguard","floor":4},{"not_picked":["hexamod:PhantomFireball","hexamod:Again"],"picked":"hexamod:StepThrough","floor":5},{"not_picked":["hexamod:ShieldOfDarkness","hexamod:Hexaguard"],"picked":"hexamod:PhantomFireball","floor":8},{"not_picked":["hexamod:RetreatToShadows","hexamod:NightmareGuise"],"picked":"hexamod:GhostOfSpireFuture","floor":9},{"not_picked":["hexamod:ApocalypseNow","hexamod:GhostOfSpirePresent"],"picked":"hexamod:GhostflameBarrier","floor":10},{"not_picked":["hexamod:Firestarter","hexamod:Hexaguard"],"picked":"hexamod:BurningTouch","floor":11},{"not_picked":["hexamod:NightmareGuise","hexamod:Incineration"],"picked":"hexamod:FastForward","floor":12},{"not_picked":["hexamod:ShieldOfDarkness","hexamod:HeatMetal"],"picked":"hexamod:FirstSeal","floor":13},{"not_picked":["hexamod:GhostShield","hexamod:Incineration","hexamod:SpectersWail"],"picked":"SKIP","floor":15}],"player_experience":172263,"relics_obtained":[{"floor":2,"key":"Whetstone"},{"floor":7,"key":"halation:AfternoonTea"},{"floor":8,"key":"Ancient Tea Set"},{"floor":10,"key":"hubris:OldNail"}],"event_choices":[],"is_beta":false,"boss_relics":[],"items_purged_floors":[],"is_endless":false,"potions_floor_spawned":[2,4,5,10,11,15],"killed_by":"downfall:Ironclad","ascension_level":0}}