{"host":"nn0usk9aafse27ii","time":1608243437,"event":{"mods":["BaseMod","Colored Map","Highlight Path","Minty Spire (QoL Compilation)","Replay The Spire","Shop Mod","StSLib"],"gold_per_floor":[114,129,144,159,174,174,174,189,189,204,234,234,234,40,40,140,140,140,140],"floor_reached":18,"playtime":1592,"items_purged":[],"score":189,"play_id":"5f44442c-ecc8-416c-956c-5359570fb7ad","local_time":"20201217141717","daily_mods":["Specialized","Flight","Lethality"],"is_ascension_mode":false,"campfire_choices":[{"floor":6.0,"key":"REST"},{"floor":7.0,"key":"REST"},{"floor":12.0,"key":"REST"}],"circlet_count":0,"master_deck":["Strike_B","Strike_B","Strike_B","Strike_B","Defend_B","Defend_B","Defend_B","Defend_B","Zap","Dualcast","Aggregate","Aggregate","Aggregate","Aggregate","Aggregate","Panic Button","Hello World","Glacier","Go for the Eyes","Reboot","Hologram","Beam Cell","ReplayGash","Jack Of All Trades","ReplayRNGCard"],"relics":["Cracked Core","The Courier","Omamori","Bag of Preparation","Inserter"],"acts_visited":["Exordium","TheCity"],"potions_floor_usage":[],"damage_taken":[{"damage":9.0,"enemies":"Cultist","floor":1.0,"turns":3.0},{"damage":5.0,"enemies":"2 Louse","floor":2.0,"turns":3.0},{"damage":9.0,"enemies":"Jaw Worm","floor":3.0,"turns":2.0},{"damage":15.0,"enemies":"2 Fungi Beasts","floor":4.0,"turns":3.0},{"damage":24.0,"enemies":"3 Louse","floor":5.0,"turns":4.0},{"damage":9.0,"enemies":"Large Slime","floor":8.0,"turns":3.0},{"damage":2.0,"enemies":"Red Slaver","floor":10.0,"turns":4.0},{"damage":28.0,"enemies":"3 Sentries","floor":11.0,"turns":7.0},{"damage":28.0,"enemies":"Fading Forest","floor":16.0,"turns":11.0},{"damage":102,"enemies":"3 Byrds","floor":18,"turns":5}],"seed_played":"-4230686447748436371","potions_obtained":[{"floor":3.0,"key":"BlessingOfTheForge"},{"floor":4.0,"key":"Languid Potion"},{"floor":8.0,"key":"Swift Potion"},{"floor":10.0,"key":"ColorlessPotion"},{"floor":15.0,"key":"FairyPotion"},{"floor":15.0,"key":"DuplicationPotion"}],"is_trial":false,"path_per_floor":["M","M","M","M","M","R","R","M","T","M","E","R","?","$","R_BF","B",null,"M"],"character_chosen":"DEFECT","items_purchased":["Bag of Preparation","Jack Of All Trades"],"campfire_rested":3,"item_purchase_floors":[14,14],"current_hp_per_floor":[66,61,52,37,13,35,57,48,48,46,18,40,40,40,40,20,75,0,0],"gold":140,"neow_bonus":"","is_daily":true,"chose_seed":false,"campfire_upgraded":0,"win_rate":0.0,"timestamp":1608243437,"path_taken":["M","M","M","M","M","R","R","M","T","M","E","R","?","$","R_BF","BOSS","M"],"items_purchased_type":["Relic","Card"],"build_version":"2020-12-13","purchased_purges":0,"victory":false,"max_hp_per_floor":[75,75,75,75,75,75,75,75,75,75,75,75,75,75,75,75,75,75,75],"card_choices":[{"not_picked":["BasicCrystalCard","Chaos"],"picked":"Panic Button","floor":1.0},{"not_picked":["Stack","White Noise"],"picked":"Hello World","floor":2.0},{"not_picked":["Beam Cell","Compile Driver"],"picked":"Glacier","floor":3.0},{"not_picked":["Steam","Stack"],"picked":"Go for the Eyes","floor":4.0},{"not_picked":["Steam","Redo"],"picked":"Reboot","floor":5.0},{"not_picked":["Steam","Beam Cell"],"picked":"Hologram","floor":8.0},{"not_picked":["Cold Snap","Barrage"],"picked":"Beam Cell","floor":10.0},{"not_picked":["Chill","Steam Power"],"picked":"ReplayGash","floor":11.0},{"not_picked":["Rainbow","ReplayTheSpireMod:Omega Cannon"],"picked":"ReplayRNGCard","floor":16.0}],"player_experience":313944,"relics_obtained":[{"floor":9.0,"key":"The Courier"},{"floor":11.0,"key":"Omamori"}],"event_choices":[{"damage_healed":0.0,"max_hp_gain":0.0,"max_hp_loss":0.0,"gold_gain":0.0,"event_name":"Scrap Ooze","player_choice":"Fled","floor":13.0,"gold_loss":0.0,"damage_taken":0.0}],"is_beta":false,"boss_relics":[{"not_picked":["Velvet Choker","Replay:Ancient Bell"],"picked":"Inserter"}],"items_purged_floors":[],"is_endless":false,"potions_floor_spawned":[3,4,8,10],"killed_by":"3 Byrds","ascension_level":0}}