{"host":"jm9833yuloeli2yd","time":1608169991,"event":{"mods":["AchievementEnabler","BaseMod","Better Altar","Better Match","Better Note","Better Sensory Stone","Better Skull","Better Vampires","Colored Map","Colored Powertips","DeckTracker","Minty Spire (QoL Compilation)","Permanent Neow","Quick Restart","Replay The Spire","StSLib","SuperFastMode"],"gold_per_floor":[363,363,378,0,0,0,19,52,76,76,76],"floor_reached":10,"playtime":193,"items_purged":[],"score":132,"play_id":"430c4b47-ff3d-4dc2-8287-ea6f08fae672","local_time":"20201216205311","is_ascension_mode":true,"campfire_choices":[{"data":"Streamline","floor":6,"key":"SMITH"}],"circlet_count":0,"master_deck":["AscendersBane","Strike_B","Strike_B","Strike_B","Defend_B","Defend_B","Defend_B","Zap","Dualcast","ReplayTheSpireMod:Calculation Training","Stack","Streamline+1","BasicCrystalCard+1","Static Discharge","Conserve Battery"],"relics":["Cracked Core","Golden Egg","Smiling Mask","Replay:Mystery Machine"],"acts_visited":["Exordium"],"potions_floor_usage":[8,10],"damage_taken":[{"damage":4,"enemies":"Small Slimes","floor":1,"turns":3},{"damage":0,"enemies":"Cultist","floor":3,"turns":3},{"damage":7,"enemies":"Jaw Worm","floor":7,"turns":2},{"damage":25,"enemies":"Lagavulin","floor":8,"turns":6},{"damage":42,"enemies":"Gremlin Nob","floor":10,"turns":3}],"seed_played":"-7729363935946520832","potions_obtained":[{"floor":3,"key":"PowerPotion"}],"is_trial":false,"path_per_floor":["M","?","M","$","?","R","M","E","T","E"],"character_chosen":"DEFECT","items_purchased":["BasicCrystalCard+1","Golden Egg","FocusPotion"],"campfire_rested":0,"item_purchase_floors":[4,4,4],"current_hp_per_floor":[42,42,42,42,42,42,35,10,10,0,0],"gold":76,"neow_bonus":"TWO_FIFTY_GOLD","is_daily":false,"chose_seed":false,"campfire_upgraded":1,"win_rate":0.0,"timestamp":1608169991,"path_taken":["M","?","?","$","?","R","M","E","T","E"],"items_purchased_type":["Card","Relic","Potion"],"build_version":"2020-12-13","purchased_purges":0,"victory":false,"max_hp_per_floor":[71,71,71,71,71,71,71,71,71,71,71],"card_choices":[{"not_picked":["Sweeping Beam","BasicCrystalCard"],"picked":"ReplayTheSpireMod:Calculation Training","floor":1},{"not_picked":["Hologram","Stack"],"picked":"Streamline","floor":3},{"not_picked":["BootSequence","Leap"],"picked":"Static Discharge","floor":7},{"not_picked":["Turbo","Tempest"],"picked":"Conserve Battery","floor":8}],"player_experience":1112843,"relics_obtained":[{"floor":8,"key":"Smiling Mask"},{"floor":9,"key":"Replay:Mystery Machine"}],"event_choices":[{"damage_healed":0,"gold_gain":0,"cards_transformed":["Strike_B"],"player_choice":"Transformed","damage_taken":0,"max_hp_gain":0,"max_hp_loss":0,"event_name":"Transmorgrifier","floor":2,"gold_loss":0,"cards_obtained":["Stack"]},{"cards_removed":["Defend_B"],"damage_healed":0,"gold_gain":0,"player_choice":"Offered Basic","damage_taken":0,"max_hp_gain":0,"max_hp_loss":0,"event_name":"Bonfire Elementals","floor":5,"gold_loss":0}],"is_beta":false,"boss_relics":[],"items_purged_floors":[],"is_endless":false,"potions_floor_spawned":[3],"killed_by":"Gremlin Nob","ascension_level":20}}