{"host":"sav7uxregyirlf69","time":1608173706,"event":{"mods":["AchievementEnabler","BaseMod","Colored Map","DeckTracker","Keyboard Shortcuts","Minty Spire (QoL Compilation)","READ ME - Guardian Mod","StSLib","SuperFastMode"],"gold_per_floor":[115,115,115,60,70,70,99,116,139,139,157,157,82,82,82,82,82],"floor_reached":16,"playtime":205,"items_purged":["Strike_G"],"score":246,"play_id":"c81bb5e5-7e72-4cb5-9b8a-d175a0e2ebbb","local_time":"20201217115506","is_ascension_mode":true,"campfire_choices":[{"data":"Neutralize","floor":6,"key":"SMITH"},{"data":"Prepared","floor":10,"key":"SMITH"},{"data":"Malaise","floor":15,"key":"SMITH"}],"circlet_count":0,"master_deck":["AscendersBane","Strike_G","Strike_G","Strike_G","Strike_G","Defend_G","Defend_G","Defend_G","Defend_G","Defend_G","Survivor","Neutralize+1","Heel Hook","Reflex","Prepared+1","Dagger Spray","Malaise+1"],"relics":["Ring of the Snake","NeowsBlessing","Potion Belt","Bronze Scales"],"acts_visited":["Exordium"],"potions_floor_usage":[16,16],"damage_taken":[{"damage":0,"enemies":"Cultist","floor":1,"turns":1},{"damage":0,"enemies":"Jaw Worm","floor":5,"turns":1},{"damage":0,"enemies":"Gremlin Nob","floor":7,"turns":1},{"damage":0,"enemies":"2 Louse","floor":8,"turns":2},{"damage":0,"enemies":"Lots of Slimes","floor":11,"turns":2},{"damage":61,"enemies":"Hexaghost","floor":16,"turns":15}],"seed_played":"-6956745039347887024","potions_obtained":[{"floor":1,"key":"ColorlessPotion"},{"floor":11,"key":"Poison Potion"},{"floor":14,"key":"DistilledChaos"},{"floor":14,"key":"Fruit Juice"}],"is_trial":false,"path_per_floor":["M","$","?","$","M","R","E","M","T","R","M","?","$","?","R","B"],"character_chosen":"THE_SILENT","items_purchased":["Prepared"],"campfire_rested":0,"item_purchase_floors":[4],"current_hp_per_floor":[59,59,59,59,59,59,59,59,59,59,59,59,59,59,59,0,0],"gold":82,"neow_bonus":"THREE_ENEMY_KILL","is_daily":false,"chose_seed":false,"campfire_upgraded":3,"win_rate":0.0,"timestamp":1608173706,"path_taken":["M","?","?","$","?","R","E","M","T","R","M","?","?","?","R","BOSS"],"items_purchased_type":["Card"],"build_version":"2020-12-13","purchased_purges":1,"victory":false,"max_hp_per_floor":[66,66,66,66,66,66,66,66,66,66,66,66,66,66,66,66,66],"card_choices":[{"not_picked":["Skewer","Slice"],"picked":"Heel Hook","floor":1},{"not_picked":["Expertise","Flying Knee"],"picked":"Dagger Spray","floor":5},{"not_picked":["Distraction","PiercingWail","Flying Knee"],"picked":"SKIP","floor":7},{"not_picked":["Dodge and Roll","PiercingWail","Sucker Punch"],"picked":"SKIP","floor":8},{"not_picked":["Backflip","Prepared"],"picked":"Malaise","floor":11}],"player_experience":933280,"relics_obtained":[{"floor":7,"key":"Potion Belt"},{"floor":9,"key":"Bronze Scales"}],"event_choices":[{"damage_healed":0,"gold_gain":0,"player_choice":"1 cards matched","damage_taken":0,"max_hp_gain":0,"max_hp_loss":0,"event_name":"Match and Keep!","floor":3,"gold_loss":0,"cards_obtained":["Reflex"]},{"damage_healed":0,"gold_gain":0,"player_choice":"Ignored","damage_taken":0,"max_hp_gain":0,"max_hp_loss":0,"event_name":"Liars Game","floor":12,"gold_loss":0},{"damage_healed":0,"gold_gain":0,"player_choice":"Got Potions","damage_taken":0,"max_hp_gain":0,"max_hp_loss":0,"event_name":"Lab","floor":14,"gold_loss":0}],"is_beta":false,"boss_relics":[],"items_purged_floors":[13],"is_endless":false,"potions_floor_spawned":[1,11],"killed_by":"Hexaghost","ascension_level":20}}