{"host":"usewcu4ohw2wtmxk","time":1608199604,"event":{"mods":["AchievementEnabler","BaseMod","BetterRewards","Colored Powertips","Minty Spire (QoL Compilation)","Permanent Neow","Quick Restart","Relic Sorter","Relic Stats","Shop Mod","StSLib"],"gold_per_floor":[119,44,55,55,65,65,79,79,79],"floor_reached":8,"playtime":140,"items_purged":["Defend_P"],"score":96,"play_id":"5cbc4648-79e1-43e2-98c4-9be97429b49f","local_time":"20201217180644","is_ascension_mode":true,"campfire_choices":[{"data":"Eruption","floor":6.0,"key":"SMITH"}],"circlet_count":0,"master_deck":["AscendersBane","Strike_P","Strike_P","Strike_P","Strike_P","Defend_P","Defend_P","Defend_P","Eruption+1","Vigilance","DevaForm","FlurryOfBlows"],"relics":["PureWater"],"acts_visited":["Exordium"],"potions_floor_usage":[8,8],"damage_taken":[{"damage":1.0,"enemies":"Cultist","floor":1.0,"turns":3.0},{"damage":2.0,"enemies":"Jaw Worm","floor":3.0,"turns":3.0},{"damage":1.0,"enemies":"Small Slimes","floor":5.0,"turns":3.0},{"damage":13.0,"enemies":"Looter","floor":7.0,"turns":4.0},{"damage":80,"enemies":"Lagavulin","floor":8,"turns":3}],"seed_played":"2569108027554743512","potions_obtained":[{"floor":3.0,"key":"Fire Potion"},{"floor":7.0,"key":"DuplicationPotion"}],"is_trial":false,"path_per_floor":["M","$","M","$","M","R","M","E"],"character_chosen":"WATCHER","items_purchased":[],"campfire_rested":0,"item_purchase_floors":[],"current_hp_per_floor":[60,60,58,58,57,57,44,0,0],"gold":79,"neow_bonus":"THREE_RARE_CARDS","is_daily":false,"chose_seed":false,"campfire_upgraded":1,"win_rate":0.0,"timestamp":1608199604,"path_taken":["M","$","M","?","M","R","M","E"],"items_purchased_type":[],"build_version":"2020-12-13","purchased_purges":1,"victory":false,"max_hp_per_floor":[62,62,62,62,62,62,62,62,62],"relic_stats":{"counters":[5,16],"obtain_stats":[{"PureWater":0},{"PureWater":0},{"PureWater":0}]},"card_choices":[{"not_picked":["Judgement","SpiritShield"],"picked":"DevaForm","floor":0.0},{"not_picked":["ReachHeaven","Evaluate"],"picked":"FlurryOfBlows","floor":1.0},{"not_picked":["FlurryOfBlows","PathToVictory","Collect"],"picked":"SKIP","floor":3.0},{"not_picked":["Protect","Wish","Evaluate"],"picked":"SKIP","floor":5.0},{"not_picked":["Collect","ThirdEye","Consecrate"],"picked":"SKIP","floor":7.0}],"player_experience":281257,"relics_obtained":[],"event_choices":[],"is_beta":false,"boss_relics":[],"items_purged_floors":[2],"is_endless":false,"potions_floor_spawned":[3,7],"killed_by":"Lagavulin","ascension_level":20}}