{"host":"4t0jwv2xqla89y5e","time":1608195687,"event":{"mods":["AchievementEnabler","Act Like it!","Aspiration","BaseMod","Better Skull","BetterRewards","Colored Map","Colored Powertips","Downfall","Friendly Minions","Hallownest","Hermit","Highlight Path","Hubris","Infinite Spire","Minty Spire (QoL Compilation)","Quick Restart","Rare Cards Sparkle","Relic Stats","Replay The Spire","Shop Mod","Spicy Shops","StSLib","The Construct","The Disciple","The Hierophant","The Runesmith"],"gold_per_floor":[99,99,24,9,9,24,24,49,64,64,64,64,64,64,79,169,169,169,169,169,184,199,229,279,327,73,73,176,176,176,207,234,338,338,338,338,369,380,380,407,407,416,74,171,262,344,150,175,275,247,247],"floor_reached":50,"playtime":6197,"items_purged":[],"score":671,"play_id":"5eadfad8-649f-4018-9c9e-26dd7b00a492","local_time":"20201217100127","daily_mods":["downfall:Improvised","Vintage","Night Terrors"],"is_ascension_mode":false,"campfire_choices":[{"data":"sneckomod:UnknownUncommonPower","floor":1,"key":"SMITH"},{"data":"sneckomod:UnknownUncommonSkill","floor":10,"key":"SMITH"},{"data":"Writhe","floor":18,"key":"PURGE"},{"floor":27,"key":"REST"},{"floor":35,"key":"DIG"},{"data":"sneckomod:UnknownUncommonAttack","floor":39,"key":"SMITH"}],"circlet_count":0,"master_deck":["hierophant:Strike_Hierophant+1","hierophant:Strike_Hierophant+1","hierophant:Strike_Hierophant+1","hierophant:Strike_Hierophant+1","hierophant:Punish","hierophant:Defend_Hierophant+1","hierophant:Defend_Hierophant+1","hierophant:Defend_Hierophant+1","hierophant:Defend_Hierophant+1","sneckomod:UnknownCommonAttack","sneckomod:UnknownCommonAttack","sneckomod:UnknownCommonAttack","sneckomod:UnknownCommonSkill","sneckomod:UnknownCommonSkill","sneckomod:UnknownCommonSkill","sneckomod:UnknownUncommonAttack+1","sneckomod:UnknownUncommonSkill+1","sneckomod:UnknownUncommonPower+1","sneckomod:Unknown","Hallownest:skillGreenpathMap+1","hierophant:LocustPlague+1","hierophant:Doubloon","hierophant:CursedGold","hierophant:Doomsaying+1","hierophant:CursedGold","hierophant:Doubloon","hierophant:SecretStash","hierophant:RustyCrate+1","hierophant:Doubloon","hierophant:Doubloon","hierophant:Doubloon","hierophant:RustyCrate+1","hierophant:Doubloon","hierophant:Doubloon","hermit:Scavenge","hierophant:Glossolalia","hierophant:HolyVerse","hierophant:FlamingChariot"],"relics":["hierophant:PropheticMaskRelic","ReplayTheSpireMod:TigerMarble","hubris:MobiusCoin","Blue Doll","aspiration:FrozenJewel","Hallownest:DreamNailRelic","hubris:Reverence","ChewingGum","Quantum Egg","Darkstone Periapt","Smiling Mask","aspiration:ChemicalBlood","CeramicFish","Omamori","Strange Spoon","Gambling Chip","Ring of Fangs","Ring of Misfortune","aspiration:RitualStick","Unceasing Top","Mummified Hand","construct:WeddingRing","PreservedInsect","Orichalcum","infinitespire:Beetle Shell","infinitespire:BottledMercury","hubris:DisguiseKit","infinitespire:Golems Mask","hubris:MysteriousPyramids","MealTicket","aspiration:StickyExplosives_weak","Thread and Needle","infinitespire:Lucky Rock","Lee\u0027s Waffle","Snack Pack","ReplayFunnel","hubris:TenFootPole"],"acts_visited":["Hallownest:Greenpath","TheCity","TheBeyond"],"potions_floor_usage":[16,16,28,31,33,33,37,40,40,44,45,45,50,50,50,50,50,50,50],"damage_taken":[{"damage":0,"enemies":"downfall:FleeingMerchant","floor":4,"turns":4},{"damage":6,"enemies":"Hallownest:2_MossCreeps","floor":6,"turns":4},{"damage":3,"enemies":"Hallownest:monsterHuskWarrior","floor":9,"turns":2},{"damage":8,"enemies":"Hallownest:2_Tiktiks_and_1_Crawlid","floor":15,"turns":5},{"damage":50,"enemies":"downfall:Ironclad","floor":16,"turns":8},{"damage":0,"enemies":"3 Byrds","floor":21,"turns":3},{"damage":27,"enemies":"Shelled Parasite and Fungi","floor":22,"turns":6},{"damage":13,"enemies":"Book of Stabbing","floor":23,"turns":4},{"damage":26,"enemies":"Slavers","floor":25,"turns":4},{"damage":3,"enemies":"downfall:FleeingMerchant","floor":26,"turns":4},{"damage":16,"enemies":"Centurion and Healer","floor":28,"turns":8},{"damage":0,"enemies":"Chosen and Byrds","floor":31,"turns":5},{"damage":4,"enemies":"Snecko","floor":32,"turns":4},{"damage":23,"enemies":"downfall:Defect","floor":33,"turns":8},{"damage":5,"enemies":"3 Darklings","floor":37,"turns":4},{"damage":4,"enemies":"3 Shapes","floor":38,"turns":4},{"damage":27,"enemies":"Jaw Worm Horde","floor":40,"turns":4},{"damage":0,"enemies":"downfall:FleeingMerchant","floor":43,"turns":4},{"damage":36,"enemies":"Nemesis","floor":44,"turns":7},{"damage":27,"enemies":"Spire Growth","floor":45,"turns":5},{"damage":0,"enemies":"Mind Bloom Boss Battle","floor":46,"turns":14},{"damage":0,"enemies":"downfall:FleeingMerchant","floor":47,"turns":4},{"damage":0,"enemies":"Sphere and 2 Shapes","floor":49,"turns":3},{"damage":124,"enemies":"downfall:Silent","floor":50,"turns":6}],"seed_played":"-4230686447748436371","potions_obtained":[{"floor":9,"key":"Strength Potion"},{"floor":15,"key":"PowerPotion"},{"floor":21,"key":"Languid Potion"},{"floor":28,"key":"Adrenaline Potion"},{"floor":32,"key":"Elixir"},{"floor":33,"key":"ColorlessPotion"},{"floor":37,"key":"sneckomod:MuddlingPotion"},{"floor":40,"key":"FearPotion"},{"floor":45,"key":"Weak Potion"},{"floor":45,"key":"BlessingOfTheForge"},{"floor":49,"key":"LiquidBronze"}],"is_trial":false,"path_per_floor":["R","?","?","$","?","M","T","T","M","R","?","?","?","?","M","B",null,"R_BF","?","?","M","M","E","T","E","$","R","M","?","?","M","M","B",null,"R_BF","?","M","M","R","M","T","?","$","E","M","?","$","T","M","B"],"character_chosen":"HIEROPHANT","items_purchased":["Omamori","hierophant:CursedGold","Strange Spoon","infinitespire:Golems Mask","hubris:MysteriousPyramids","hierophant:Doubloon","infinitespire:Lucky Rock","hierophant:Glossolalia","hierophant:HolyVerse","Lee\u0027s Waffle","hierophant:FlamingChariot","Snack Pack"],"campfire_rested":1,"item_purchase_floors":[26,26,26,43,43,43,47,47,47,47,47,47],"current_hp_per_floor":[75,66,66,66,66,60,60,60,57,57,57,57,66,66,65,15,84,84,84,84,84,60,47,47,21,18,79,63,63,47,47,47,28,79,79,79,74,74,74,67,67,67,79,43,22,22,86,86,86,0,0],"gold":247,"neow_bonus":"","is_daily":true,"chose_seed":false,"campfire_upgraded":3,"win_rate":0.0,"timestamp":1608195687,"path_taken":["R","?","?","?","?","M","T","?","?","R","?","?","?","?","M","BOSS","R_BF","?","?","?","M","E","T","E","$","R","M","?","?","M","M","BOSS","R_BF","?","M","M","R","?","T","?","?","E","M","?","?","?","M","BOSS"],"items_purchased_type":["Relic","Card","Relic","Relic","Relic","Card","Relic","Card","Card","Relic","Card","Relic"],"build_version":"2020-12-13","purchased_purges":0,"victory":false,"max_hp_per_floor":[75,75,75,75,75,75,75,75,75,75,75,75,84,84,84,84,84,84,84,84,84,84,84,84,84,84,79,79,79,79,79,79,79,79,79,79,79,79,79,79,79,79,79,79,79,79,86,86,86,86,86],"relic_stats":{"Darkstone Periapt":0,"Lee\u0027s Waffle":49,"counters":[24,122],"CeramicFish":153,"PreservedInsect":47,"Orichalcum":[12],"Smiling Mask":0,"aspiration:RitualStick":[0],"Strange Spoon":[67],"Mummified Hand":[40],"Gambling Chip":[28],"MealTicket":15,"obtain_stats":[{"Darkstone Periapt":22,"ReplayFunnel":48,"infinitespire:BottledMercury":40,"hierophant:PropheticMaskRelic":0,"CeramicFish":25,"Blue Doll":8,"Hallownest:DreamNailRelic":14,"hubris:MysteriousPyramids":43,"Smiling Mask":23,"aspiration:RitualStick":30,"aspiration:StickyExplosives_weak":45,"Ring of Fangs":29,"Mummified Hand":32,"Gambling Chip":28,"infinitespire:Golems Mask":43,"MealTicket":44,"aspiration:ChemicalBlood":24,"hubris:MobiusCoin":7,"hubris:DisguiseKit":41,"Lee\u0027s Waffle":47,"construct:WeddingRing":34,"Quantum Egg":21,"Thread and Needle":46,"PreservedInsect":35,"infinitespire:Beetle Shell":38,"Omamori":26,"infinitespire:Lucky Rock":47,"Orichalcum":37,"aspiration:FrozenJewel":9,"Strange Spoon":26,"Ring of Misfortune":29,"ChewingGum":17,"ReplayTheSpireMod:TigerMarble":6,"Snack Pack":47,"hubris:TenFootPole":49,"Unceasing Top":31,"hubris:Reverence":15},{"Darkstone Periapt":7,"ReplayFunnel":22,"infinitespire:BottledMercury":17,"hierophant:PropheticMaskRelic":0,"CeramicFish":9,"Blue Doll":2,"Hallownest:DreamNailRelic":3,"hubris:MysteriousPyramids":18,"Smiling Mask":8,"aspiration:RitualStick":11,"aspiration:StickyExplosives_weak":20,"Ring of Fangs":11,"Mummified Hand":13,"Gambling Chip":11,"infinitespire:Golems Mask":18,"MealTicket":19,"aspiration:ChemicalBlood":8,"hubris:MobiusCoin":2,"hubris:DisguiseKit":17,"Lee\u0027s Waffle":22,"construct:WeddingRing":14,"Quantum Egg":6,"Thread and Needle":21,"PreservedInsect":14,"infinitespire:Beetle Shell":16,"Omamori":10,"infinitespire:Lucky Rock":22,"Orichalcum":15,"aspiration:FrozenJewel":3,"Strange Spoon":10,"Ring of Misfortune":11,"ChewingGum":5,"ReplayTheSpireMod:TigerMarble":2,"Snack Pack":22,"hubris:TenFootPole":23,"Unceasing Top":12,"hubris:Reverence":4},{"Darkstone Periapt":32,"ReplayFunnel":114,"infinitespire:BottledMercury":81,"hierophant:PropheticMaskRelic":0,"CeramicFish":40,"Blue Doll":8,"Hallownest:DreamNailRelic":10,"hubris:MysteriousPyramids":85,"Smiling Mask":36,"aspiration:RitualStick":52,"aspiration:StickyExplosives_weak":97,"Ring of Fangs":52,"Mummified Hand":61,"Gambling Chip":52,"infinitespire:Golems Mask":85,"MealTicket":92,"aspiration:ChemicalBlood":36,"hubris:MobiusCoin":8,"hubris:DisguiseKit":81,"Lee\u0027s Waffle":114,"construct:WeddingRing":69,"Quantum Egg":26,"Thread and Needle":111,"PreservedInsect":69,"infinitespire:Beetle Shell":77,"Omamori":44,"infinitespire:Lucky Rock":114,"Orichalcum":73,"aspiration:FrozenJewel":10,"Strange Spoon":44,"Ring of Misfortune":52,"ChewingGum":23,"ReplayTheSpireMod:TigerMarble":8,"Snack Pack":114,"hubris:TenFootPole":117,"Unceasing Top":57,"hubris:Reverence":15}],"Unceasing Top":[33]},"card_choices":[{"not_picked":["hierophant:MirrorShield","hierophant:RustyCrate","hierophant:Doubloon"],"picked":"SKIP","floor":4},{"not_picked":["hierophant:Charity+1","hierophant:Flagellation","hierophant:Shelter"],"picked":"SKIP","floor":23},{"not_picked":["hierophant:RepressedViolence","hierophant:DisplayOfPower"],"picked":"hierophant:CursedGold","floor":25},{"not_picked":["hierophant:MorningPrayer+1","hierophant:Encroach+1"],"picked":"hierophant:Doomsaying+1","floor":26},{"not_picked":["hierophant:DivineIntervention","hierophant:Doomsaying","hermit:Dive"],"picked":"hierophant:RustyCrate+1","floor":43},{"not_picked":["hierophant:Refuge","hierophant:Remorse","hermit:DeadMansHand"],"picked":"hierophant:RustyCrate+1","floor":44},{"not_picked":["hierophant:Cornucopia","hierophant:OrnateBuckler","hierophant:RepressedViolence+1"],"picked":"hermit:Scavenge","floor":47}],"player_experience":260087,"relics_obtained":[{"floor":6,"key":"ReplayTheSpireMod:TigerMarble"},{"floor":7,"key":"hubris:MobiusCoin"},{"floor":8,"key":"Blue Doll"},{"floor":9,"key":"aspiration:FrozenJewel"},{"floor":15,"key":"hubris:Reverence"},{"floor":21,"key":"Quantum Egg"},{"floor":22,"key":"Darkstone Periapt"},{"floor":23,"key":"Smiling Mask"},{"floor":24,"key":"aspiration:ChemicalBlood"},{"floor":25,"key":"CeramicFish"},{"floor":28,"key":"Gambling Chip"},{"floor":29,"key":"Ring of Fangs"},{"floor":29,"key":"Ring of Misfortune"},{"floor":31,"key":"Unceasing Top"},{"floor":32,"key":"Mummified Hand"},{"floor":35,"key":"PreservedInsect"},{"floor":37,"key":"Orichalcum"},{"floor":38,"key":"infinitespire:Beetle Shell"},{"floor":40,"key":"infinitespire:BottledMercury"},{"floor":41,"key":"hubris:DisguiseKit"},{"floor":44,"key":"MealTicket"},{"floor":45,"key":"aspiration:StickyExplosives_weak"},{"floor":46,"key":"Thread and Needle"},{"floor":48,"key":"ReplayFunnel"},{"floor":49,"key":"hubris:TenFootPole"}],"event_choices":[{"damage_healed":0,"gold_gain":0,"player_choice":"Simplicity","damage_taken":0,"max_hp_gain":0,"max_hp_loss":0,"event_name":"Back to Basics","floor":19,"gold_loss":0,"cards_upgraded":["hierophant:Strike_Hierophant","hierophant:Strike_Hierophant","hierophant:Strike_Hierophant","hierophant:Strike_Hierophant","hierophant:Defend_Hierophant","hierophant:Defend_Hierophant","hierophant:Defend_Hierophant","hierophant:Defend_Hierophant"]},{"damage_healed":0,"gold_gain":0,"cards_transformed":["hierophant:ChurchCoffers"],"player_choice":"Transformed","damage_taken":0,"max_hp_gain":0,"max_hp_loss":0,"event_name":"Transmorgrifier","floor":20,"gold_loss":0,"cards_obtained":["hierophant:LocustPlague"]},{"damage_healed":0,"gold_gain":0,"player_choice":"Upgraded","damage_taken":0,"max_hp_gain":0,"max_hp_loss":0,"event_name":"Upgrade Shrine","floor":36,"gold_loss":0,"cards_upgraded":["hierophant:LocustPlague"]},{"damage_healed":0,"gold_gain":0,"cards_transformed":["Allargando"],"player_choice":"Transformed","damage_taken":0,"max_hp_gain":0,"max_hp_loss":0,"event_name":"Transmorgrifier","floor":42,"gold_loss":0,"cards_obtained":["hierophant:SecretStash"]}],"is_beta":false,"boss_relics":[{"not_picked":["Cursed Key","aspiration:SecretTechniqueScroll"],"picked":"ChewingGum"},{"not_picked":["Honey Jar","Black Star"],"picked":"construct:WeddingRing"}],"items_purged_floors":[],"is_endless":false,"potions_floor_spawned":[9,15,21,28,32,33,37,40,45,49],"killed_by":"downfall:Silent","ascension_level":0}}