{"host":"w7o06k3e8uel8euj","time":1608193204,"event":{"mods":["AchievementEnabler","BaseMod","Colored Powertips","Custom Start","DeckTracker","Keyboard Shortcuts","Minty Spire (QoL Compilation)","Quick Restart","Relic Stats","StSLib","SuperFastMode","everything is the same but u backflip on backflip"],"gold_per_floor":[118,118,118,135,149,181,181,213,213,245,259,273,304,315,315,394,394,411,421,168,168,203,203,203,203],"floor_reached":24,"playtime":568,"items_purged":["Thunderclap"],"score":456,"play_id":"37857ddd-78e7-49ec-896a-c59dc317aa43","local_time":"20201217172004","is_ascension_mode":true,"campfire_choices":[{"data":"Dual Wield","floor":15.0,"key":"SMITH"},{"data":"Body Slam","floor":23,"key":"SMITH"}],"circlet_count":0,"master_deck":["AscendersBane","Bash","Immolate","Shrug It Off","Barricade+1","Metallicize+1","Bludgeon","Pommel Strike","Inflame+1","Dual Wield+1","Impervious","Battle Trance+1","HandOfGreed","Body Slam+1"],"relics":["Burning Blood","Paper Frog","Question Card","Frozen Egg 2","Turnip","Omamori","Mark of Pain"],"acts_visited":["Exordium","TheCity"],"potions_floor_usage":[24],"damage_taken":[{"damage":19.0,"enemies":"Jaw Worm","floor":1.0,"turns":3.0},{"damage":0.0,"enemies":"2 Louse","floor":4.0,"turns":1.0},{"damage":0.0,"enemies":"Cultist","floor":5.0,"turns":2.0},{"damage":10.0,"enemies":"3 Sentries","floor":6.0,"turns":2.0},{"damage":10.0,"enemies":"Gremlin Nob","floor":8.0,"turns":3.0},{"damage":32.0,"enemies":"Lagavulin","floor":10.0,"turns":7.0},{"damage":12.0,"enemies":"Exordium Wildlife","floor":11.0,"turns":3.0},{"damage":0.0,"enemies":"Gremlin Gang","floor":12.0,"turns":1.0},{"damage":18.0,"enemies":"3 Sentries","floor":13.0,"turns":5.0},{"damage":19.0,"enemies":"Blue Slaver","floor":14.0,"turns":5.0},{"damage":28.0,"enemies":"The Guardian","floor":16.0,"turns":19.0},{"damage":1.0,"enemies":"Spheric Guardian","floor":18.0,"turns":8.0},{"damage":10.0,"enemies":"Chosen","floor":19.0,"turns":5.0},{"damage":0,"enemies":"Snecko","floor":22,"turns":2},{"damage":74,"enemies":"Slavers","floor":24,"turns":4}],"seed_played":"2199971167130198111","potions_obtained":[{"floor":1.0,"key":"SneckoOil"},{"floor":5.0,"key":"HeartOfIron"},{"floor":10.0,"key":"Regen Potion"},{"floor":14.0,"key":"BloodPotion"},{"floor":19.0,"key":"AttackPotion"},{"floor":22,"key":"ColorlessPotion"}],"is_trial":false,"path_per_floor":["M","$","?","M","M","E","?","E","T","E","M","M","E","M","R","B",null,"M","M","$","?","M","R","E"],"character_chosen":"IRONCLAD","items_purchased":["HandOfGreed"],"campfire_rested":0,"item_purchase_floors":[20],"current_hp_per_floor":[37,37,62,68,74,70,66,62,62,36,30,36,24,25,40,18,61,66,62,62,62,68,68,0,0],"gold":203,"neow_bonus":"THREE_RARE_CARDS","is_daily":false,"chose_seed":false,"campfire_upgraded":2,"win_rate":0.0,"timestamp":1608193204,"path_taken":["M","$","?","M","M","E","?","E","T","E","?","M","E","M","R","BOSS","M","M","$","?","M","R","E"],"items_purchased_type":["Card"],"build_version":"2020-12-13","purchased_purges":1,"victory":false,"max_hp_per_floor":[75,75,75,75,75,75,75,75,75,75,75,75,75,75,75,75,75,75,75,75,75,75,75,75,75],"relic_stats":{"counters":[15,70],"Turnip":[5],"Question Card":10,"obtain_stats":[{"Turnip":10,"Mark of Pain":17,"Omamori":13,"Frozen Egg 2":9,"Question Card":8,"Burning Blood":0,"Paper Frog":6},{"Turnip":6,"Mark of Pain":11,"Omamori":9,"Frozen Egg 2":5,"Question Card":5,"Burning Blood":0,"Paper Frog":4},{"Turnip":18,"Mark of Pain":51,"Omamori":27,"Frozen Egg 2":11,"Question Card":11,"Burning Blood":0,"Paper Frog":8}],"Burning Blood":84},"card_choices":[{"not_picked":["Corruption","Brutality"],"picked":"Immolate","floor":0.0},{"not_picked":["Carnage","Entrench"],"picked":"Thunderclap","floor":1.0},{"not_picked":["Clothesline","Twin Strike","Flame Barrier"],"picked":"SKIP","floor":4.0},{"not_picked":["Seeing Red","Headbutt"],"picked":"Shrug It Off","floor":5.0},{"not_picked":["Armaments","Flame Barrier"],"picked":"Barricade","floor":6.0},{"not_picked":["Headbutt","Dual Wield","Sword Boomerang"],"picked":"SKIP","floor":8.0},{"not_picked":["Dual Wield","Sword Boomerang","Anger"],"picked":"Metallicize+1","floor":10.0},{"not_picked":["Clothesline","Anger","Armaments"],"picked":"Bludgeon","floor":11.0},{"not_picked":["Feel No Pain+1","Iron Wave","Flex"],"picked":"Pommel Strike","floor":12.0},{"not_picked":["Heavy Blade","Infernal Blade","Clash"],"picked":"Inflame+1","floor":13.0},{"not_picked":["Dark Embrace+1","Burning Pact","Sever Soul"],"picked":"Dual Wield","floor":14.0},{"not_picked":["Corruption+1","Juggernaut+1","Demon Form+1"],"picked":"Impervious","floor":16.0},{"not_picked":["Clash","Thunderclap","Intimidate"],"picked":"Battle Trance+1","floor":18.0},{"not_picked":["Sword Boomerang","Clothesline","Seeing Red","Dark Embrace+1"],"picked":"SKIP","floor":19.0},{"not_picked":["Intimidate","Iron Wave","Perfected Strike"],"picked":"Body Slam","floor":22}],"player_experience":555139,"relics_obtained":[{"floor":6.0,"key":"Paper Frog"},{"floor":8.0,"key":"Question Card"},{"floor":9.0,"key":"Frozen Egg 2"},{"floor":10.0,"key":"Turnip"},{"floor":13.0,"key":"Omamori"}],"event_choices":[{"damage_healed":25.0,"max_hp_gain":0.0,"max_hp_loss":0.0,"gold_gain":0.0,"event_name":"Big Fish","player_choice":"Banana","floor":3.0,"gold_loss":0.0,"damage_taken":0.0},{"damage_healed":0.0,"max_hp_gain":0.0,"max_hp_loss":0.0,"gold_gain":0.0,"event_name":"The Woman in Blue","player_choice":"Bought 0 Potions","floor":7.0,"gold_loss":0.0,"damage_taken":0.0},{"damage_healed":0.0,"max_hp_gain":0.0,"max_hp_loss":0.0,"gold_gain":0.0,"event_name":"Upgrade Shrine","player_choice":"Upgraded","floor":21.0,"gold_loss":0.0,"damage_taken":0.0,"cards_upgraded":["Barricade"]}],"is_beta":false,"boss_relics":[{"not_picked":["Runic Dome","Sozu"],"picked":"Mark of Pain"}],"items_purged_floors":[20],"is_endless":false,"potions_floor_spawned":[1,5,6,10,12,14,19,22],"killed_by":"Slavers","ascension_level":20}}