{"host":"ssbj2e5691x5ub3h","time":1608171856,"event":{"mods":["BaseMod","Duelist Mod","Minty Spire (QoL Compilation)","StSLib"],"gold_per_floor":[119,119,130,142,161,196,196,208,208,208,109,109,121,133,133,235,235,245,263,263,283,298,298,332,280,280,291,291,291,291],"floor_reached":29,"playtime":1175,"items_purged":[],"score":249,"play_id":"d9f3d0e5-58dd-4a08-829c-5fd9661639bc","local_time":"20201217002416","is_ascension_mode":false,"campfire_choices":[{"data":"Go for the Eyes","floor":7,"key":"SMITH"},{"data":"Defragment","floor":12,"key":"SMITH"},{"data":"Defragment","floor":15,"key":"SMITH"},{"floor":23,"key":"REST"}],"circlet_count":0,"master_deck":["Strike_B","Strike_B","Strike_B","Defend_B","Defend_B","Defend_B","Defend_B","Zap","Dualcast","Streamline","Go for the Eyes+1","Sweeping Beam","Redo","Electrodynamics","Coolheaded+1","Defragment+1","Defragment+1","Core Surge","Redo","Ball Lightning","Leap+1","Auto Shields","Coolheaded"],"relics":["Cracked Core","PreservedInsect","Pen Nib","Philosopher\u0027s Stone","Art of War","Molten Egg 2"],"acts_visited":["Exordium","TheCity"],"potions_floor_usage":[6,13,16,18,29],"damage_taken":[{"damage":0,"enemies":"Small Slimes","floor":1,"turns":3},{"damage":1,"enemies":"Cultist","floor":3,"turns":3},{"damage":1,"enemies":"Jaw Worm","floor":4,"turns":4},{"damage":2,"enemies":"Looter","floor":5,"turns":2},{"damage":4,"enemies":"Lagavulin","floor":6,"turns":6},{"damage":4,"enemies":"Blue Slaver","floor":8,"turns":3},{"damage":14,"enemies":"Lots of Slimes","floor":13,"turns":3},{"damage":7,"enemies":"Looter","floor":14,"turns":4},{"damage":17,"enemies":"Hexaghost","floor":16,"turns":10},{"damage":33,"enemies":"3 Byrds","floor":18,"turns":3},{"damage":16,"enemies":"2 Thieves","floor":19,"turns":4},{"damage":12,"enemies":"Sentry and Sphere","floor":21,"turns":5},{"damage":0,"enemies":"Snecko","floor":22,"turns":4},{"damage":8,"enemies":"theDuelist:KaibaA2","floor":24,"turns":3},{"damage":17,"enemies":"Chosen and Byrds","floor":27,"turns":4},{"damage":13,"enemies":"Snake Plant","floor":29,"turns":2}],"seed_played":"-854898825321778927","potions_obtained":[{"floor":0,"key":"LiquidBronze"},{"floor":0,"key":"PotionOfCapacity"},{"floor":0,"key":"SkillPotion"},{"floor":8,"key":"PotionOfCapacity"},{"floor":16,"key":"Dexterity Potion"},{"floor":19,"key":"Swift Potion"},{"floor":24,"key":"LiquidMemories"}],"is_trial":false,"path_per_floor":["M","?","M","M","M","E","R","M","T","$","$","R","M","M","R","B",null,"M","M","?","M","M","R","E","$","T","M","?","M"],"character_chosen":"DEFECT","items_purchased":["Coolheaded","Defragment","Coolheaded"],"campfire_rested":1,"item_purchase_floors":[11,11,25],"current_hp_per_floor":[75,75,74,73,71,67,67,63,63,63,63,63,49,42,42,25,75,42,26,26,14,14,36,28,28,28,11,11,0,0],"gold":291,"neow_bonus":"THREE_SMALL_POTIONS","is_daily":false,"chose_seed":false,"campfire_upgraded":3,"win_rate":0.0,"timestamp":1608171856,"path_taken":["M","?","M","?","M","E","R","M","T","?","$","R","M","M","R","BOSS","M","M","?","M","M","R","E","$","T","?","?","M"],"items_purchased_type":["Card","Card","Card"],"build_version":"2020-12-13","purchased_purges":0,"victory":false,"max_hp_per_floor":[75,75,75,75,75,75,75,75,75,75,75,75,75,75,75,75,75,75,75,75,75,75,75,75,75,75,75,75,75,75],"card_choices":[{"not_picked":["Double Energy","Hello World"],"picked":"Streamline","floor":1},{"not_picked":["Aggregate","Force Field"],"picked":"Go for the Eyes","floor":3},{"not_picked":["Hologram","Go for the Eyes"],"picked":"Sweeping Beam","floor":4},{"not_picked":["Turbo","Undo"],"picked":"Redo","floor":5},{"not_picked":["Leap","Doom and Gloom"],"picked":"Electrodynamics","floor":6},{"not_picked":["Double Energy","Stack","Rebound"],"picked":"SKIP","floor":8},{"not_picked":["Sweeping Beam","Cold Snap","Stack"],"picked":"SKIP","floor":13},{"not_picked":["Coolheaded","Streamline"],"picked":"Defragment","floor":14},{"not_picked":["Electrodynamics","Multi-Cast"],"picked":"Core Surge","floor":16},{"not_picked":["Streamline","Stack","Skim"],"picked":"SKIP","floor":18},{"not_picked":["Turbo","Aggregate+1"],"picked":"Redo","floor":19},{"not_picked":["Skim+1","Barrage+1"],"picked":"Ball Lightning","floor":21},{"not_picked":["Sweeping Beam","Scrape"],"picked":"Leap+1","floor":22},{"not_picked":["Sweeping Beam+1","Redo"],"picked":"Auto Shields","floor":24},{"not_picked":["Compile Driver+1","Storm","Stack"],"picked":"SKIP","floor":27}],"player_experience":96906,"relics_obtained":[{"floor":6,"key":"PreservedInsect"},{"floor":9,"key":"Pen Nib"},{"floor":24,"key":"Art of War"},{"floor":26,"key":"Molten Egg 2"}],"event_choices":[{"cards_removed":["Strike_B"],"damage_healed":0,"gold_gain":0,"player_choice":"Purged","damage_taken":0,"max_hp_gain":0,"max_hp_loss":0,"event_name":"Purifier","floor":2,"gold_loss":0},{"damage_healed":0,"gold_gain":0,"player_choice":"Forge","damage_taken":0,"max_hp_gain":0,"max_hp_loss":0,"event_name":"Accursed Blacksmith","floor":20,"gold_loss":0,"cards_upgraded":["Coolheaded"]},{"damage_healed":0,"gold_gain":0,"player_choice":"Bought 0 Potions","damage_taken":0,"max_hp_gain":0,"max_hp_loss":0,"event_name":"The Woman in Blue","floor":28,"gold_loss":0}],"is_beta":false,"boss_relics":[{"not_picked":["Black Star","FrozenCore"],"picked":"Philosopher\u0027s Stone"}],"items_purged_floors":[],"is_endless":false,"potions_floor_spawned":[1,4,8,16,19,24],"killed_by":"Snake Plant","ascension_level":0}}