{"host":"u3jctbsl7uavviuy","time":1608172070,"event":{"mods":["BaseMod","BetterRewards","GungeonMod","HololiveMod","Luminous","Marisa（F雨　魔理沙）","Minty Spire (QoL Compilation)","Relic Stats","Replay The Spire","Shop Mod","Spicy Shops","StSLib","TestMod","The Animator","The Cursed","The Gatherer","The Servant 0.9.4","WarShipGirlsR/战舰少女R mod","vexMod","篝火指南"],"gold_per_floor":[116,116,133,151,151,184,184,213,237,250,270,298,298,268,268,346,346,357,370,38,53,66,66,105,126,152,192,214,246,20,20,20,100,100,118,118,140,27,27,59,78,97,145,166,202,217,249,270,270,283,283,283,15,52,66],"floor_reached":56,"playtime":3572,"items_purged":["Strike_R","Defend_R"],"score":3141,"play_id":"6a0e07d0-3eae-4f92-b73a-fd2fab3daa37","local_time":"20201217112750","is_ascension_mode":true,"campfire_choices":[{"data":"True Grit","floor":7.0,"key":"SMITH"},{"data":"Inflame","floor":13.0,"key":"SMITH"},{"data":"Inflame","floor":15.0,"key":"SMITH"},{"data":"Barricade","floor":23.0,"key":"SMITH"},{"floor":32.0,"key":"REST"},{"floor":49.0,"key":"RECALL"},{"data":"Limit Break","floor":52.0,"key":"SMITH"}],"circlet_count":0,"master_deck":["AscendersBane","Strike_R","Strike_R","Defend_R","Defend_R","Defend_R","Bash","Inflame+1","Pummel+1","Impervious","testmod-DisillusionmentEcho","Inflame","Inflame+1","True Grit+1","ReplayReversal","Heavy Blade+1","Thunderclap+1","Body Slam+1","Limit Break+1","Barricade+1","Flex","Sentinel","Impervious","Entrench","True Grit","Warcry","Warcry","Second Wind","Intimidate","Headbutt+1","Replay:Undeath\u0027s Touch+1","Massacre+1","Rage","Body Slam+1","Offering","Offering","Impervious","Metallicize","Body Slam+1","Power Through","Power Through","Battle Trance+1","Immolate+1"],"relics":["Burning Blood","testmod-TestBox","testmod-ConstraintPeriapt","Molten Egg 2","Anchor","Blue Doll","vexMod:BarristanHead","testmod-Acrobat","Bag of Marbles","Honey Jar","Chemical X","Orrery","Replay:WaspNest","Vajra","Toy Ornithopter","Lantern","Garlic","vexMod:EndlessSickness","Happy Flower","Replay:Baseball","Pear","testmod-AssaultLearning","DemoMod:MeatBun","Oddly Smooth Stone"],"acts_visited":["Exordium","TheCity","TheBeyond","TheEnding"],"potions_floor_usage":[54,55,55,55],"damage_taken":[{"damage":0.0,"enemies":"2 Louse","floor":1.0,"turns":2.0},{"damage":0.0,"enemies":"Small Slimes","floor":3.0,"turns":3.0},{"damage":0.0,"enemies":"Cultist","floor":4.0,"turns":2.0},{"damage":5.0,"enemies":"3 Sentries","floor":6.0,"turns":4.0},{"damage":2.0,"enemies":"Gremlin Nob","floor":8.0,"turns":4.0},{"damage":0.0,"enemies":"Blue Slaver","floor":10.0,"turns":2.0},{"damage":8.0,"enemies":"2 Fungi Beasts","floor":11.0,"turns":4.0},{"damage":16.0,"enemies":"Lagavulin","floor":12.0,"turns":6.0},{"damage":0.0,"enemies":"Slime Boss","floor":16.0,"turns":7.0},{"damage":27.0,"enemies":"3 Byrds","floor":18.0,"turns":3.0},{"damage":1.0,"enemies":"Shell Parasite","floor":19.0,"turns":4.0},{"damage":5.0,"enemies":"3 Cultists","floor":21.0,"turns":4.0},{"damage":8.0,"enemies":"Cultist and Chosen","floor":22.0,"turns":3.0},{"damage":37.0,"enemies":"Slavers","floor":24.0,"turns":5.0},{"damage":11.0,"enemies":"Shelled Parasite and Fungi","floor":25.0,"turns":7.0},{"damage":12.0,"enemies":"Gremlin Leader","floor":27.0,"turns":6.0},{"damage":10.0,"enemies":"Snake Plant","floor":28.0,"turns":5.0},{"damage":21.0,"enemies":"Slavers","floor":29.0,"turns":4.0},{"damage":26.0,"enemies":"Pondfish","floor":33.0,"turns":7.0},{"damage":0.0,"enemies":"3 Shapes","floor":35.0,"turns":4.0},{"damage":0.0,"enemies":"Orb Walker","floor":37.0,"turns":2.0},{"damage":6.0,"enemies":"R_Hoarder","floor":40.0,"turns":4.0},{"damage":6.0,"enemies":"Spire Growth","floor":41.0,"turns":2.0},{"damage":6.0,"enemies":"Transient","floor":42.0,"turns":5.0},{"damage":6.0,"enemies":"Maw","floor":44.0,"turns":5.0},{"damage":11.0,"enemies":"Nemesis","floor":45.0,"turns":5.0},{"damage":0.0,"enemies":"Jaw Worm Horde","floor":46.0,"turns":3.0},{"damage":33.0,"enemies":"Reptomancer","floor":47.0,"turns":4.0},{"damage":6.0,"enemies":"Writhing Mass","floor":48.0,"turns":4.0},{"damage":29.0,"enemies":"Donu and Deca","floor":50.0,"turns":4.0},{"damage":0,"enemies":"Shield and Spear","floor":54,"turns":3},{"damage":15,"enemies":"The Heart","floor":55,"turns":7}],"seed_played":"-5301684160266204930","potions_obtained":[{"floor":1.0,"key":"Weak Potion"},{"floor":3.0,"key":"EssenceOfSteel"},{"floor":11.0,"key":"Fruit Juice"},{"floor":16.0,"key":"LifebloodPotion"},{"floor":21.0,"key":"Energy Potion"},{"floor":24.0,"key":"Energy Potion"},{"floor":27.0,"key":"Fire Potion"},{"floor":33.0,"key":"DemoMod:LeadSkinPotion"},{"floor":36.0,"key":"Dexterity Potion"},{"floor":36.0,"key":"AttackPotion"},{"floor":48.0,"key":"FearPotion"},{"floor":54,"key":"Elixir"}],"is_trial":false,"path_per_floor":["M","$","M","M","?","E","R","E","T","M","M","E","R","?","R","B",null,"M","M","$","M","M","R","E","M","T","E","M","E","$","?","R","B",null,"M","?","M","$","$","E","M","M","T","M","E","M","E","M","R","B",null,"R","$","E","B",null],"character_chosen":"IRONCLAD","items_purchased":["Molten Egg 2","Anchor","Blue Doll","Inflame","Pummel+1","Impervious","testmod-DisillusionmentEcho","Inflame","True Grit","ReplayReversal","Strength Potion","Sentinel","Chemical X","Orrery","Offering","Garlic","Power Through","Reflective Coating","DemoMod:MeatBun","Oddly Smooth Stone","Swift Potion"],"campfire_rested":1,"item_purchase_floors":[0,0,0,0,0,0,0,0,0,0,0,20,20,20,30,30,38,38,53,53,53],"current_hp_per_floor":[27,27,34,41,48,51,51,56,56,62,66,58,58,58,58,67,77,57,63,63,65,64,64,35,32,32,28,25,17,17,17,41,24,66,75,75,80,80,80,80,80,80,80,80,88,90,65,71,71,55,81,81,90,90,81],"gold":66,"neow_bonus":"","is_daily":false,"chose_seed":false,"campfire_upgraded":5,"win_rate":0.0,"timestamp":1608172070,"path_taken":["M","$","M","M","?","E","R","E","T","M","M","E","R","?","R","BOSS","M","M","?","M","M","R","E","M","T","E","M","E","$","?","R","BOSS","M","?","M","?","$","E","?","M","T","M","E","M","E","M","R","BOSS","R","$","E","BOSS"],"items_purchased_type":["Relic","Relic","Relic","Card","Card","Card","Card","Card","Card","Card","Potion","Card","Relic","Relic","Card","Relic","Card","Potion","Relic","Relic","Potion"],"build_version":"2020-12-13","purchased_purges":2,"victory":true,"max_hp_per_floor":[75,75,75,75,75,75,75,75,75,75,80,80,80,80,80,80,80,80,80,80,80,80,80,80,80,80,80,80,80,80,80,80,80,80,80,80,80,80,80,80,80,80,80,80,90,90,90,90,90,90,90,90,90,90,90],"relic_stats":{"Happy Flower":[14],"counters":[56,232],"Chemical X":[11],"obtain_stats":[{"vexMod:MemoryStick":12,"Lantern":29,"Tiny House":34,"Vajra":23,"Blue Doll":31,"testmod-IWantAll":0,"DemoMod:GlassGuonStoneRelic":8,"Whetstone":49,"Empty Cage":31,"Burning Blood":0,"testmod-CasingShield":32,"testmod-Charity":39,"Replay:Rubber Ducky":19,"ClockworkSouvenir":39,"vexMod:EndlessSickness":34,"Honey Jar":17,"Chemical X":0,"testmod-TestBox":0,"ReplayTheSpireMod:Ninjato":42,"Pear":45,"Happy Flower":40,"Oddly Smooth Stone":53,"Pen Nib":25,"Charon\u0027s Ashes":26,"Replay:WaspNest":24,"Frozen Egg 2":0,"testmod-ConstraintPeriapt":6,"MawBank":40,"White Beast Statue":49,"testmod-RealStoneCalender":47,"Replay:Baseball":32,"Anchor":0,"vexMod:BarristanHead":6,"DemoMod:MeatBun":53,"testmod-Acrobat":8,"testmod-AssaultLearning":47,"testmod-Hope":43,"Orrery":20,"Onion Ring":6,"Molten Egg 2":0,"Another Sword":0,"Bag of Marbles":12,"Garlic":30,"Bottled Lightning":8,"Membership Card":32,"Toy Ornithopter":27},{"vexMod:MemoryStick":6,"Lantern":42,"Tiny House":17,"Vajra":12,"Blue Doll":16,"testmod-IWantAll":0,"DemoMod:GlassGuonStoneRelic":5,"Whetstone":23,"Empty Cage":42,"Burning Blood":0,"testmod-CasingShield":16,"testmod-Charity":18,"Replay:Rubber Ducky":10,"ClockworkSouvenir":18,"vexMod:EndlessSickness":43,"Honey Jar":33,"Chemical X":0,"testmod-TestBox":0,"ReplayTheSpireMod:Ninjato":20,"Pear":50,"Happy Flower":46,"Oddly Smooth Stone":54,"Pen Nib":13,"Charon\u0027s Ashes":13,"Replay:WaspNest":38,"Frozen Egg 2":0,"testmod-ConstraintPeriapt":28,"MawBank":19,"White Beast Statue":23,"testmod-RealStoneCalender":22,"Replay:Baseball":16,"Anchor":24,"vexMod:BarristanHead":28,"DemoMod:MeatBun":54,"testmod-Acrobat":29,"testmod-AssaultLearning":52,"testmod-Hope":20,"Orrery":35,"Onion Ring":4,"Molten Egg 2":24,"Another Sword":0,"Bag of Marbles":32,"Garlic":42,"Bottled Lightning":5,"Membership Card":16,"Toy Ornithopter":40},{"vexMod:MemoryStick":25,"Lantern":173,"Tiny House":71,"Vajra":51,"Blue Doll":65,"testmod-IWantAll":0,"DemoMod:GlassGuonStoneRelic":22,"Whetstone":96,"Empty Cage":173,"Burning Blood":0,"testmod-CasingShield":65,"testmod-Charity":78,"Replay:Rubber Ducky":40,"ClockworkSouvenir":78,"vexMod:EndlessSickness":180,"Honey Jar":132,"Chemical X":0,"testmod-TestBox":0,"ReplayTheSpireMod:Ninjato":86,"Pear":207,"Happy Flower":190,"Oddly Smooth Stone":222,"Pen Nib":56,"Charon\u0027s Ashes":56,"Replay:WaspNest":151,"Frozen Egg 2":0,"testmod-ConstraintPeriapt":107,"MawBank":82,"White Beast Statue":96,"testmod-RealStoneCalender":91,"Replay:Baseball":65,"Anchor":98,"vexMod:BarristanHead":109,"DemoMod:MeatBun":222,"testmod-Acrobat":113,"testmod-AssaultLearning":214,"testmod-Hope":86,"Orrery":139,"Onion Ring":17,"Molten Egg 2":98,"Another Sword":0,"Bag of Marbles":125,"Garlic":173,"Bottled Lightning":22,"Membership Card":65,"Toy Ornithopter":164}],"Burning Blood":314,"Toy Ornithopter":15},"card_choices":[{"not_picked":["Pommel Strike+1","True Grit","Combust"],"picked":"SKIP","floor":1.0},{"not_picked":["Warcry","DemoMod:WhiteBlade+1"],"picked":"Heavy Blade+1","floor":3.0},{"not_picked":["Wild Strike+1","Anger+1"],"picked":"Thunderclap+1","floor":4.0},{"not_picked":["Headbutt+1","Anger+1","Heavy Blade+1"],"picked":"SKIP","floor":6.0},{"not_picked":["ReplayTheSpireMod:Stacked","Massacre+1","Flame Barrier"],"picked":"SKIP","floor":8.0},{"not_picked":["Searing Blow+1","Dark Embrace","Shockwave"],"picked":"SKIP","floor":10.0},{"not_picked":["Metallicize","ReplayTheSpireMod:Strike From Hell+1"],"picked":"Body Slam+1","floor":11.0},{"not_picked":["Anger+1","Twin Strike+1","Pommel Strike+1"],"picked":"SKIP","floor":12.0},{"not_picked":["Feed+1","Demonic Infusion"],"picked":"Limit Break","floor":16.0},{"not_picked":["Wild Strike+1","ReplayTheSpireMod:Strike From Hell+1","Heavy Blade+1"],"picked":"Barricade","floor":18.0},{"not_picked":["Carnage+1","Infernal Blade","True Grit"],"picked":"Flex","floor":19.0},{"not_picked":["Perfected Strike+1","Double Tap","Twin Strike+1"],"picked":"Impervious","floor":20.0},{"not_picked":["Headbutt+1","Run Through+1","Clash+1"],"picked":"Entrench","floor":20.0},{"not_picked":["ReplayTheSpireMod:Muscle Training","Carnage+1","Demon Form"],"picked":"True Grit","floor":20.0},{"not_picked":["Anger+1","Havoc","Armaments"],"picked":"Warcry","floor":20.0},{"not_picked":["Combust","Iron Wave+1","Searing Blow+1"],"picked":"Warcry","floor":20.0},{"not_picked":["Combust","Clash+1","Flex+1"],"picked":"Second Wind","floor":21.0},{"not_picked":["Second Wind","Thunderclap+1","Run Through+1"],"picked":"Intimidate","floor":22.0},{"not_picked":["Run Through+1","Fire Breathing","Clash+1"],"picked":"Headbutt+1","floor":24.0},{"not_picked":["DemoMod:WhiteBlade+1","Anger+1","Clash+1"],"picked":"Replay:Undeath\u0027s Touch+1","floor":25.0},{"not_picked":["True Grit","Eclipse","Replay:Undeath\u0027s Touch+1"],"picked":"Massacre+1","floor":27.0},{"not_picked":["Thunderclap+1","Replay:Undeath\u0027s Touch+1","Cleave+1"],"picked":"Rage","floor":28.0},{"not_picked":["Iron Wave+1","Shrug It Off+1","Abandon"],"picked":"Body Slam+1","floor":29.0},{"not_picked":["Corruption","Demonic Infusion","Demon Form"],"picked":"Impervious","floor":33.0},{"not_picked":["ReplayTheSpireMod:Muscle Training","Massacre+1","Armaments+1"],"picked":"Metallicize","floor":35.0},{"not_picked":["ReplayTheSpireMod:Strike From Hell+1","Dual Wield","Abandon"],"picked":"Body Slam+1","floor":37.0},{"not_picked":["Pommel Strike+1","Headbutt+1","Perfected Strike+1","Thunderclap+1"],"picked":"SKIP","floor":40.0},{"not_picked":["Fire Breathing","Spot Weakness","True Grit","Heavy Blade+1"],"picked":"SKIP","floor":41.0},{"not_picked":["True Grit","Warcry+1","Abandon+1"],"picked":"Battle Trance+1","floor":42.0},{"not_picked":["Whirlwind+1","Life Link","Abandon","Power Through+1"],"picked":"SKIP","floor":44.0},{"not_picked":["Massacre+1","Dark Embrace","Battle Trance","Life Link"],"picked":"SKIP","floor":45.0},{"not_picked":["Fire Breathing","True Grit+1","Massacre+1"],"picked":"Immolate+1","floor":46.0},{"not_picked":["Cleave+1","Second Wind","Heavy Blade+1","Battle Trance"],"picked":"SKIP","floor":47.0},{"not_picked":["ReplayTheSpireMod:Corrosion Curse","Replay:Undeath\u0027s Touch+1","ReplayTheSpireMod:LeadingStrike+1","Warcry+1"],"picked":"SKIP","floor":48.0},{"not_picked":["Replay:Undeath\u0027s Touch+1","Sword Boomerang+1","Cleave+1","Anger+1"],"picked":"SKIP","floor":54}],"player_experience":377044,"relics_obtained":[{"floor":6.0,"key":"vexMod:BarristanHead"},{"floor":8.0,"key":"testmod-Acrobat"},{"floor":12.0,"key":"Bag of Marbles"},{"floor":24.0,"key":"Replay:WaspNest"},{"floor":26.0,"key":"Vajra"},{"floor":27.0,"key":"Toy Ornithopter"},{"floor":29.0,"key":"Lantern"},{"floor":40.0,"key":"Happy Flower"},{"floor":43.0,"key":"Replay:Baseball"},{"floor":45.0,"key":"Pear"},{"floor":47.0,"key":"testmod-AssaultLearning"}],"event_choices":[{"damage_healed":0.0,"max_hp_gain":0.0,"max_hp_loss":0.0,"gold_gain":0.0,"event_name":"给自己的盒子","player_choice":"Swap Relic","floor":31.0,"relics_lost":["Empty Cage"],"gold_loss":0.0,"damage_taken":0.0,"relics_obtained":["Empty Cage"]},{"damage_healed":0.0,"max_hp_gain":0.0,"max_hp_loss":0.0,"gold_gain":0.0,"event_name":"Lab","player_choice":"Got Potions","floor":36.0,"gold_loss":0.0,"damage_taken":0.0}],"is_beta":false,"boss_relics":[{"not_picked":["Coffee Dripper","testmod-BatchProcessingSystem"],"picked":"Honey Jar"},{"not_picked":["Hololive_TopUpMoneyS","Replay:Grab Bag"],"picked":"vexMod:EndlessSickness"}],"items_purged_floors":[0,0],"is_endless":false,"potions_floor_spawned":[1,3,11,16,21,24,27,33,37,40,44,48,54],"ascension_level":14}}