{"host":"uxq2rly8rxtwffuf","time":1608192336,"event":{"mods":["BaseMod","Koishi","Minty Spire (QoL Compilation)","StSLib","The Judge","The Servant 0.9.4"],"gold_per_floor":[110,122,122,136,136,170,183,10,10,10,28,49,85,101,101,200,200,216,240,265,279,36,36,36,36],"floor_reached":24,"playtime":1157,"items_purged":["Strike_S"],"score":413,"play_id":"67cc1d68-a5fa-4e97-9ecb-21c6262c6f24","local_time":"20201217110536","is_ascension_mode":true,"campfire_choices":[{"floor":10,"key":"REST"},{"floor":15,"key":"RECALL"},{"floor":23,"key":"REST"}],"circlet_count":0,"master_deck":["AscendersBane","Strike_S","Strike_S","Strike_S","Defend_S","Defend_S","Defend_S","KidneyShot","Exchange","Starlight","SilverBlades","FastForward","Barrier","Starlight","Dilation","SilverMatrix","Moondial","Ricochet","StarChef+1"],"relics":["Uniform","Golden Idol","Akabeko","Nunchaku","Happy Flower","Sundial","Busted Crown","TheAbacus"],"acts_visited":["Exordium","TheCity"],"potions_floor_usage":[6,6,12,13,18,20],"damage_taken":[{"damage":4,"enemies":"Jaw Worm","floor":1,"turns":4},{"damage":0,"enemies":"Cultist","floor":2,"turns":3},{"damage":7,"enemies":"2 Louse","floor":4,"turns":3},{"damage":6,"enemies":"Lagavulin","floor":6,"turns":6},{"damage":0,"enemies":"Large Slime","floor":7,"turns":7},{"damage":0,"enemies":"Red Slaver","floor":11,"turns":4},{"damage":0,"enemies":"2 Fungi Beasts","floor":12,"turns":5},{"damage":8,"enemies":"Gremlin Nob","floor":13,"turns":3},{"damage":0,"enemies":"Blue Slaver","floor":14,"turns":3},{"damage":3,"enemies":"The Guardian","floor":16,"turns":12},{"damage":7,"enemies":"Shell Parasite","floor":18,"turns":4},{"damage":0,"enemies":"Chosen","floor":19,"turns":5},{"damage":11,"enemies":"Snecko","floor":20,"turns":6},{"damage":9,"enemies":"Snake Plant","floor":21,"turns":4},{"damage":48,"enemies":"Book of Stabbing","floor":24,"turns":6}],"seed_played":"-1101419855823903326","potions_obtained":[{"floor":2,"key":"SpeedPotion"},{"floor":4,"key":"SteroidPotion"},{"floor":7,"key":"SkillPotion"},{"floor":11,"key":"Regen Potion"},{"floor":16,"key":"Dexterity Potion"},{"floor":18,"key":"SkillPotion"},{"floor":20,"key":"Ancient Potion"}],"is_trial":false,"path_per_floor":["M","M","?","M","?","E","M","$","T","R","M","M","E","M","R","B",null,"M","M","M","M","$","R","E"],"character_chosen":"THE_SERVANT","items_purchased":["Nunchaku","TheAbacus"],"campfire_rested":2,"item_purchase_floors":[8,22],"current_hp_per_floor":[50,50,29,22,19,13,13,13,13,31,31,45,37,37,37,34,54,47,47,36,27,27,45,0,0],"gold":36,"neow_bonus":"REMOVE_CARD","is_daily":false,"chose_seed":false,"campfire_upgraded":0,"win_rate":0.0,"timestamp":1608192336,"path_taken":["M","M","?","M","?","E","M","$","T","R","M","M","E","M","R","BOSS","M","M","M","?","$","R","E"],"items_purchased_type":["Relic","Relic"],"build_version":"2020-12-13","purchased_purges":1,"victory":false,"max_hp_per_floor":[60,60,60,60,60,60,60,60,60,60,60,60,60,60,60,60,60,60,60,60,60,60,60,60,60],"card_choices":[{"not_picked":["BottledTime","Rearm"],"picked":"Starlight","floor":1},{"not_picked":["Foresight","Revamp"],"picked":"SilverBlades","floor":2},{"not_picked":["StarChef","DoubleEdge"],"picked":"FastForward","floor":4},{"not_picked":["Unruled","ShiftingGears"],"picked":"Barrier","floor":6},{"not_picked":["Read","Deadline","MoonPhase"],"picked":"SKIP","floor":7},{"not_picked":["ShatteredReality","Revamp","Unruled"],"picked":"SKIP","floor":11},{"not_picked":["Replace","Ricochet"],"picked":"Starlight","floor":12},{"not_picked":["RealityMarble","Rewind"],"picked":"Dilation","floor":13},{"not_picked":["FastForward","MoonPhase","Alleviate"],"picked":"SKIP","floor":14},{"not_picked":["TrueSight","Deny"],"picked":"SilverMatrix","floor":16},{"not_picked":[],"picked":"Moondial","floor":18},{"not_picked":[],"picked":"Ricochet","floor":19},{"not_picked":["Rewind"],"picked":"SKIP","floor":20},{"not_picked":[],"picked":"StarChef+1","floor":21}],"player_experience":1343251,"relics_obtained":[{"floor":6,"key":"Akabeko"},{"floor":9,"key":"Happy Flower"},{"floor":13,"key":"Sundial"}],"event_choices":[{"damage_healed":0,"gold_gain":0,"player_choice":"Take Damage","damage_taken":21,"relics_obtained":["Golden Idol"],"max_hp_gain":0,"max_hp_loss":0,"event_name":"Golden Idol","floor":3,"gold_loss":0},{"damage_healed":0,"gold_gain":0,"player_choice":"Bought 0 Potions","damage_taken":0,"max_hp_gain":0,"max_hp_loss":0,"event_name":"The Woman in Blue","floor":5,"gold_loss":0}],"is_beta":false,"boss_relics":[{"not_picked":["MysterySword","Runic Pyramid"],"picked":"Busted Crown"}],"items_purged_floors":[22],"is_endless":false,"potions_floor_spawned":[2,4,7,11,16,18,20],"killed_by":"Book of Stabbing","ascension_level":19}}