{"host":"h792lphzw6wlba86","time":1608216704,"event":{"mods":["AchievementEnabler","Aspiration","BaseMod","Better Altar","Better Match","Better Note","Better Sensory Stone","Better Skull","Better Third Choice","BetterRewards","CCEM","Colored Map","Conspire","Downfall","GifTheSpireLib","Googly Eyes","Halation","Highlight Path","Hubris","Hunter ??","Jedi Mod","Mimic Mod","Minty Spire (QoL Compilation)","Permanent Neow","Replay The Spire","Shop Mod","Spicy Shops","StSLib","Stuff the Spire","The Jungle","Unceasing Turn Reminder","everything is the same but u backflip on backflip","slay the spire mod where everything is the same but ironclad has a cowboy hat"],"gold_per_floor":[199,213,230,245,278,203,203,203,203,228,240,240,255,10,30,133,133,58,77,89,117,117,157,192,117,142,142,14,29,46,46,60,158,158,158],"floor_reached":34,"playtime":2545,"items_purged":["Slimebound:Strike_Slimebound"],"score":402,"play_id":"64a2aed3-b96f-4472-b32a-1fb75f882cc9","local_time":"20201217085144","is_ascension_mode":false,"campfire_choices":[{"floor":1.0,"key":"RECALL"},{"data":"Slimebound:LeechEnergy","floor":6.0,"key":"SMITH"},{"data":"Slimebound:LeechEnergy","floor":9.0,"key":"SMITH"},{"data":"Slimebound:LivingWall","floor":18.0,"key":"SMITH"},{"data":"Slimebound:LevelUp","floor":22.0,"key":"SMITH"},{"floor":25.0,"key":"REST"},{"data":"Slimebound:DouseInSlime","floor":27.0,"key":"SMITH"}],"circlet_count":0,"master_deck":["Slimebound:Strike_Slimebound+1","Slimebound:Tackle","Slimebound:Defend_Slimebound","Slimebound:Defend_Slimebound","Slimebound:Defend_Slimebound","Slimebound:Defend_Slimebound","Slimebound:Split","Slimebound:CorrosiveSpit","Slimebound:LeechEnergy+1","Slimebound:SplitBruiser","Slimebound:LeechEnergy+1","Slimebound:LevelUp+1","Slimebound:ForwardTackle+1","Slimebound:LevelUp","Slimebound:Schlurp","Slimebound:SplitMire","Slimebound:LivingWall+1","Slimebound:SlimeSpikes","Slimebound:DouseInSlime+1","Slimebound:LeechEnergy+1","Slimebound:LevelUp+1","Slimebound:RollThrough","Slimebound:SplitSpecialist","Slimebound:LivingWall+1","Slimebound:SamplingLick+1","Slimebound:SplitSpecialist","Slimebound:SlimeSpikes","Slimebound:MinionMaster","Slimebound:CheckThePlaybook"],"relics":["Slimebound:AbsorbEndCombat","hubris:TenFootPole","downfall:HeartBlessingRed","Bronze Scales","halation:Trompette","Membership Card","aspiration:PoetsPen_weak","downfall:HeartBlessingGreen","MealTicket","CCEMRelics:TinyMinotavrHorn","downfall:HeartBlessingBlue","aspiration:SeaSaltIceCream","aspiration:Nostalgia","sneckomod:SneckoSoul","Whetstone"],"acts_visited":["Exordium","TheCity"],"potions_floor_usage":[],"damage_taken":[{"damage":5.0,"enemies":"2 Louse","floor":2.0,"turns":3.0},{"damage":4.0,"enemies":"Small Slimes","floor":3.0,"turns":3.0},{"damage":14.0,"enemies":"Jaw Worm","floor":4.0,"turns":4.0},{"damage":31.0,"enemies":"3 Sentries","floor":5.0,"turns":7.0},{"damage":28.0,"enemies":"Lagavulin","floor":10.0,"turns":6.0},{"damage":15.0,"enemies":"Red Slaver","floor":11.0,"turns":2.0},{"damage":14.0,"enemies":"2 Fungi Beasts","floor":13.0,"turns":3.0},{"damage":20.0,"enemies":"downfall:FleeingMerchant","floor":14.0,"turns":4.0},{"damage":24.0,"enemies":"Lots of Slimes","floor":15.0,"turns":4.0},{"damage":39.0,"enemies":"downfall:Ironclad","floor":16.0,"turns":7.0},{"damage":22.0,"enemies":"Chosen","floor":19.0,"turns":4.0},{"damage":24.0,"enemies":"Centurion and Healer","floor":20.0,"turns":7.0},{"damage":62.0,"enemies":"Slavers","floor":21.0,"turns":4.0},{"damage":8.0,"enemies":"Shelled Parasite and Fungi","floor":23.0,"turns":3.0},{"damage":16.0,"enemies":"Shelled Parasite and Fungi","floor":24.0,"turns":4.0},{"damage":33.0,"enemies":"Book of Stabbing","floor":26.0,"turns":6.0},{"damage":12.0,"enemies":"downfall:FleeingMerchant","floor":28.0,"turns":4.0},{"damage":15.0,"enemies":"Shelled Parasite and Fungi","floor":29.0,"turns":3.0},{"damage":11.0,"enemies":"Snecko","floor":30.0,"turns":4.0},{"damage":27.0,"enemies":"Chosen and Byrds","floor":32.0,"turns":3.0},{"damage":68.0,"enemies":"downfall:Watcher","floor":33.0,"turns":6.0}],"seed_played":"5013814395486836380","potions_obtained":[{"floor":4.0,"key":"PowerPotion"},{"floor":5.0,"key":"Slimebound:SlimyTonguePotion"},{"floor":10.0,"key":"PowerPotion"},{"floor":16.0,"key":"Weak Potion"},{"floor":21.0,"key":"BlessingOfTheForge"},{"floor":29.0,"key":"GamblersBrew"},{"floor":30.0,"key":"Energy Potion"},{"floor":33.0,"key":"jedi:hoardpotion"}],"is_trial":false,"path_per_floor":["R","M","M","M","E","R","T","?","R","E","M","?","M","$","M","B",null,"R","M","M","E","R","MIM","MIM","R","E","R","$","M","M","?","M","B",null],"character_chosen":"SLIMEBOUND","items_purchased":["Membership Card","Slimebound:LivingWall","Whetstone","Slimebound:SplitSpecialist"],"campfire_rested":1,"item_purchase_floors":[14,14,28,28],"current_hp_per_floor":[60,60,60,58,47,47,47,47,47,43,40,40,42,46,46,43,60,60,50,60,26,26,30,34,65,56,56,70,70,70,70,67,37,37,37],"gold":158,"neow_bonus":"HUNDRED_GOLD","is_daily":false,"chose_seed":false,"campfire_upgraded":5,"win_rate":0.0,"timestamp":1608216704,"path_taken":["R","M","M","M","E","R","T","?","R","E","M","?","?","$","M","BOSS","R","M","M","E","R","?","MIM","R","E","R","?","M","?","?","M","BOSS"],"items_purchased_type":["Relic","Card","Relic","Card"],"build_version":"2020-12-13","purchased_purges":1,"victory":false,"max_hp_per_floor":[60,60,60,60,60,60,60,60,60,60,60,60,60,60,60,60,60,60,60,60,60,60,60,60,70,70,70,70,70,70,70,70,70,70,70],"card_choices":[{"not_picked":["Slimebound:GoopSpray","Slimebound:SlimeTap"],"picked":"Slimebound:LeechEnergy","floor":2.0},{"not_picked":["Slimebound:SamplingLick","Slimebound:Repurpose"],"picked":"Slimebound:SplitBruiser","floor":3.0},{"not_picked":["Slimebound:GoopSpray","Slimebound:Teamwork"],"picked":"Slimebound:LeechEnergy","floor":4.0},{"not_picked":["Slimebound:SplitAcid","Slimebound:LeechingTouch"],"picked":"Slimebound:LevelUp","floor":5.0},{"not_picked":["Slimebound:SplitAcid","Slimebound:Dissolve"],"picked":"Slimebound:LevelUp","floor":10.0},{"not_picked":["Slimebound:BestDefense","Slimebound:HauntingLick"],"picked":"Slimebound:Schlurp","floor":11.0},{"not_picked":["Slimebound:GoopTackle","Slimebound:ItLooksTasty"],"picked":"Slimebound:SplitMire","floor":13.0},{"not_picked":["Slimebound:Schlurp","Slimebound:SlimeTap","Slimebound:LeechingTouch"],"picked":"SKIP","floor":14.0},{"not_picked":["Slimebound:GrowthPunch","Slimebound:DivideAndConquer"],"picked":"Slimebound:SlimeSpikes","floor":15.0},{"not_picked":["Slimebound:WasteNot","Slimebound:RallyTheTroops"],"picked":"Slimebound:DouseInSlime","floor":16.0},{"not_picked":["Slimebound:SplitLeeching","Slimebound:SlimeBrawl"],"picked":"Slimebound:LeechEnergy+1","floor":19.0},{"not_picked":["Slimebound:SlimeBrawl+1","Slimebound:GrowthPunch"],"picked":"Slimebound:LevelUp+1","floor":20.0},{"not_picked":["Slimebound:Gluttony+1","Slimebound:Schlurp"],"picked":"Slimebound:RollThrough","floor":21.0},{"not_picked":["Slimebound:SplitAcid","Slimebound:FinishingTackle"],"picked":"Slimebound:SplitSpecialist","floor":23.0},{"not_picked":["Slimebound:LeechEnergy+1","Slimebound:ForwardTackle"],"picked":"Slimebound:LivingWall+1","floor":24.0},{"not_picked":["Slimebound:PrepareCrush","Slimebound:Schlurp"],"picked":"Slimebound:SamplingLick+1","floor":26.0},{"not_picked":["Slimebound:PressTheAttack+1","Slimebound:ServeAndProtect","Slimebound:SamplingLick"],"picked":"SKIP","floor":28.0},{"not_picked":["Slimebound:RollThrough","Slimebound:SplitAcid"],"picked":"Slimebound:SlimeSpikes","floor":29.0},{"not_picked":["Slimebound:ItLooksTasty","Slimebound:LeechEnergy"],"picked":"Slimebound:MinionMaster","floor":30.0},{"not_picked":["Slimebound:RollThrough","Slimebound:GoopSpray","Slimebound:BestDefense"],"picked":"SKIP","floor":32.0},{"not_picked":["Slimebound:MassFeed","Slimebound:MassRepurpose"],"picked":"Slimebound:CheckThePlaybook","floor":33.0}],"player_experience":623555,"relics_obtained":[{"floor":5.0,"key":"hubris:TenFootPole"},{"floor":7.0,"key":"Bronze Scales"},{"floor":10.0,"key":"halation:Trompette"},{"floor":21.0,"key":"MealTicket"},{"floor":24.0,"key":"CCEMRelics:TinyMinotavrHorn"},{"floor":26.0,"key":"aspiration:SeaSaltIceCream"}],"event_choices":[{"damage_healed":0.0,"max_hp_gain":0.0,"max_hp_loss":0.0,"gold_gain":0.0,"cards_transformed":["Slimebound:Strike_Slimebound"],"event_name":"Living Wall","player_choice":"Change","floor":8.0,"gold_loss":0.0,"damage_taken":0.0,"cards_obtained":["Slimebound:ForwardTackle"]},{"damage_healed":0.0,"max_hp_gain":0.0,"max_hp_loss":0.0,"gold_gain":0.0,"event_name":"betterNote:BetterNote","player_choice":"Ignored","floor":31.0,"gold_loss":0.0,"damage_taken":0.0,"cards_obtained":["Bludgeon"]}],"is_beta":false,"boss_relics":[{"not_picked":["StuffTheSpire:RunicConfusion","halation:PinkAlligatorPlush"],"picked":"aspiration:PoetsPen_weak"}],"items_purged_floors":[14],"is_endless":false,"potions_floor_spawned":[4,5,10,16,21,29,30,32,33],"ascension_level":0}}