{"host":"2cg6xoexl1he7zus","time":1608228508,"event":{"mods":["AchievementEnabler","BaseMod","Colored Map","Minty Spire (QoL Compilation)","Quick Restart","StSLib","SuperFastMode","everything is the same but u backflip on backflip"],"gold_per_floor":[10,10,10,30,43,43,59,77,156,183,183,198,213,248,248,347,347,362,362,362,379,390,390,408,408,435,453,147,160,160,171,171,276,276,294,304,319,97,147,178,178,178,205,205,17,17,35,54,54,54],"floor_reached":51,"playtime":2809,"items_purged":["Strike_P","Pain"],"score":893,"play_id":"f1c22c85-2d46-4677-9200-f63a65f689aa","local_time":"20201218030828","is_ascension_mode":true,"campfire_choices":[{"data":"Eruption","floor":6.0,"key":"SMITH"},{"data":"ConjureBlade","floor":11.0,"key":"SMITH"},{"floor":15.0,"key":"REST"},{"floor":23.0,"key":"REST"},{"floor":25.0,"key":"REST"},{"data":"Scrawl","floor":30.0,"key":"SMITH"},{"floor":32.0,"key":"REST"},{"data":"ClearTheMind","floor":41.0,"key":"SMITH"},{"data":"Crescendo","floor":44.0,"key":"SMITH"},{"data":"TalkToTheHand","floor":46.0,"key":"SMITH"},{"floor":49.0,"key":"REST"}],"circlet_count":0,"master_deck":["Strike_P","Strike_P","Strike_P","Defend_P","Defend_P","Defend_P+1","Eruption+1","Vigilance+1","ConjureBlade+1","Consecrate","FearNoEvil","TalkToTheHand+1","DeceiveReality","ClearTheMind+1","Scrawl+1","EmptyFist","EmptyMind","BattleHymn+1","Indignation","WreathOfFlame+1","Crescendo+1","DeusExMachina","Halt+1","Scrawl+1","Finesse+1","CutThroughFate+1"],"relics":["HolyWater","Pantograph","Ginger","Potion Belt","Nilry\u0027s Codex","Anchor","Chemical X","Cursed Key","Prayer Wheel","Toxic Egg 2","War Paint"],"acts_visited":["Exordium","TheCity","TheBeyond"],"potions_floor_usage":[50,50,50,50,50],"damage_taken":[{"damage":7.0,"enemies":"Jaw Worm","floor":1.0,"turns":3.0},{"damage":0.0,"enemies":"Cultist","floor":4.0,"turns":4.0},{"damage":2.0,"enemies":"2 Louse","floor":5.0,"turns":2.0},{"damage":4.0,"enemies":"Looter","floor":7.0,"turns":2.0},{"damage":12.0,"enemies":"2 Fungi Beasts","floor":8.0,"turns":4.0},{"damage":8.0,"enemies":"3 Sentries","floor":10.0,"turns":5.0},{"damage":8.0,"enemies":"Lots of Slimes","floor":12.0,"turns":3.0},{"damage":10.0,"enemies":"3 Louse","floor":13.0,"turns":4.0},{"damage":0.0,"enemies":"Lagavulin","floor":14.0,"turns":4.0},{"damage":49.0,"enemies":"Hexaghost","floor":16.0,"turns":8.0},{"damage":0.0,"enemies":"Chosen","floor":18.0,"turns":3.0},{"damage":4.0,"enemies":"Shell Parasite","floor":21.0,"turns":3.0},{"damage":17.0,"enemies":"Snake Plant","floor":22.0,"turns":4.0},{"damage":0.0,"enemies":"Cultist and Chosen","floor":24.0,"turns":6.0},{"damage":4.0,"enemies":"Centurion and Healer","floor":27.0,"turns":5.0},{"damage":11.0,"enemies":"Shelled Parasite and Fungi","floor":29.0,"turns":4.0},{"damage":6.0,"enemies":"Snecko","floor":31.0,"turns":3.0},{"damage":42.0,"enemies":"Collector","floor":33.0,"turns":5.0},{"damage":5.0,"enemies":"3 Darklings","floor":35.0,"turns":5.0},{"damage":31.0,"enemies":"3 Shapes","floor":36.0,"turns":11.0},{"damage":12.0,"enemies":"Transient","floor":37.0,"turns":5.0},{"damage":0.0,"enemies":"Mind Bloom Boss Battle","floor":39.0,"turns":4.0},{"damage":8.0,"enemies":"Nemesis","floor":40.0,"turns":3.0},{"damage":15.0,"enemies":"Maw","floor":47.0,"turns":4.0},{"damage":24.0,"enemies":"Sphere and 2 Shapes","floor":48.0,"turns":5.0},{"damage":20,"enemies":"Donu and Deca","floor":50,"turns":5}],"seed_played":"-1954918047547200922","potions_obtained":[{"floor":4.0,"key":"Energy Potion"},{"floor":7.0,"key":"Strength Potion"},{"floor":10.0,"key":"PowerPotion"},{"floor":12.0,"key":"StancePotion"},{"floor":18.0,"key":"Block Potion"},{"floor":21.0,"key":"Explosive Potion"},{"floor":24.0,"key":"BottledMiracle"},{"floor":27.0,"key":"Explosive Potion"},{"floor":33.0,"key":"Weak Potion"},{"floor":37.0,"key":"FearPotion"},{"floor":40.0,"key":"EntropicBrew"}],"is_trial":false,"path_per_floor":["M","$","?","M","M","R","M","M","T","E","R","M","M","E","R","B",null,"M","?","?","M","M","R","M","R","T","M","$","M","R","M","R","B",null,"M","M","M","$","?","E","R","?","T","R","$","R","M","M","R","B",null],"character_chosen":"WATCHER","items_purchased":["Chemical X","DuplicationPotion","Fruit Juice","DistilledChaos","Energy Potion","Finesse+1"],"campfire_rested":5,"item_purchase_floors":[28,28,38,38,38,45],"current_hp_per_floor":[58,58,58,58,56,56,52,40,40,32,32,24,14,14,35,11,57,57,41,28,24,7,30,30,53,53,49,49,38,38,32,55,35,67,62,31,19,24,49,41,41,41,41,41,41,41,26,2,26,31],"gold":54,"neow_bonus":"THREE_RARE_CARDS","is_daily":false,"chose_seed":false,"campfire_upgraded":6,"win_rate":0.0,"timestamp":1608228508,"path_taken":["M","$","?","?","M","R","M","M","T","E","R","M","M","E","R","BOSS","M","?","?","M","M","R","M","R","T","M","$","M","R","M","R","BOSS","M","M","M","$","?","E","R","?","T","R","$","R","M","?","R","BOSS"],"items_purchased_type":["Relic","Potion","Potion","Potion","Potion","Card"],"build_version":"2020-12-13","purchased_purges":2,"victory":true,"max_hp_per_floor":[72,72,72,72,72,72,72,72,72,72,72,72,72,72,72,72,72,72,72,77,77,77,77,77,77,77,77,77,77,77,77,77,77,77,77,77,77,82,82,82,82,82,82,82,82,82,82,82,82,82],"card_choices":[{"not_picked":["LessonLearned","DeusExMachina"],"picked":"ConjureBlade","floor":0.0},{"not_picked":["PathToVictory","Wireheading"],"picked":"Consecrate","floor":1.0},{"not_picked":["CrushJoints","Crescendo"],"picked":"FearNoEvil","floor":4.0},{"not_picked":["CrushJoints","FlyingSleeves"],"picked":"TalkToTheHand","floor":5.0},{"not_picked":["FollowUp","Consecrate"],"picked":"DeceiveReality","floor":7.0},{"not_picked":["Collect","Consecrate","Wish"],"picked":"SKIP","floor":8.0},{"not_picked":["Protect","Weave","WindmillStrike"],"picked":"SKIP","floor":10.0},{"not_picked":["CutThroughFate","Prostrate"],"picked":"ClearTheMind","floor":12.0},{"not_picked":["Halt","SashWhip","Meditate"],"picked":"SKIP","floor":13.0},{"not_picked":["CrushJoints","FlurryOfBlows","WindmillStrike"],"picked":"SKIP","floor":14.0},{"not_picked":["Devotion","DevaForm"],"picked":"Scrawl","floor":16.0},{"not_picked":["BattleHymn","SashWhip+1"],"picked":"EmptyFist","floor":18.0},{"not_picked":["JustLucky","EmptyFist"],"picked":"EmptyMind","floor":21.0},{"not_picked":["LikeWater","CrushJoints"],"picked":"BattleHymn+1","floor":22.0},{"not_picked":["FollowUp","Wireheading","Pray"],"picked":"SKIP","floor":24.0},{"not_picked":["PathToVictory+1","BattleHymn+1"],"picked":"Indignation","floor":27.0},{"not_picked":["ReachHeaven","Protect"],"picked":"WreathOfFlame+1","floor":29.0},{"not_picked":["Indignation","SignatureMove"],"picked":"Crescendo","floor":31.0},{"not_picked":["ConjureBlade","Wish"],"picked":"DeusExMachina","floor":33.0},{"not_picked":["FlurryOfBlows","Wallop+1","WaveOfTheHand"],"picked":"SKIP","floor":35.0},{"not_picked":["Worship+1","Consecrate"],"picked":"Halt+1","floor":36.0},{"not_picked":["FlyingSleeves","Protect+1","CutThroughFate+1"],"picked":"SKIP","floor":37.0},{"not_picked":["FlurryOfBlows+1","Conclude","LikeWater"],"picked":"SKIP","floor":40.0},{"not_picked":["EmptyFist+1","Tantrum","FlurryOfBlows"],"picked":"SKIP","floor":47.0},{"not_picked":["Evaluate+1","Vengeance+1","Omniscience+1"],"picked":"SKIP","floor":47.0},{"not_picked":["FollowUp+1","JustLucky+1"],"picked":"CutThroughFate+1","floor":48.0},{"not_picked":["EmptyFist+1","CrushJoints","ForeignInfluence+1"],"picked":"SKIP","floor":48.0}],"player_experience":247573,"relics_obtained":[{"floor":9.0,"key":"Pantograph"},{"floor":10.0,"key":"Ginger"},{"floor":14.0,"key":"Potion Belt"},{"floor":19.0,"key":"Nilry\u0027s Codex"},{"floor":26.0,"key":"Anchor"},{"floor":39.0,"key":"Prayer Wheel"},{"floor":40.0,"key":"Toxic Egg 2"},{"floor":43.0,"key":"War Paint"}],"event_choices":[{"cards_removed":["Defend_P"],"damage_healed":0.0,"max_hp_gain":0.0,"max_hp_loss":0.0,"gold_gain":0.0,"event_name":"Purifier","player_choice":"Purged","floor":3.0,"gold_loss":0.0,"damage_taken":0.0},{"damage_healed":0.0,"max_hp_gain":0.0,"max_hp_loss":0.0,"gold_gain":0.0,"event_name":"Cursed Tome","player_choice":"Obtained Book","floor":19.0,"gold_loss":0.0,"damage_taken":16.0},{"damage_healed":0.0,"max_hp_gain":5.0,"max_hp_loss":0.0,"gold_gain":0.0,"event_name":"Forgotten Altar","player_choice":"Shed Blood","floor":20.0,"gold_loss":0.0,"damage_taken":18.0},{"damage_healed":0.0,"max_hp_gain":0.0,"max_hp_loss":0.0,"gold_gain":0.0,"event_name":"MindBloom","player_choice":"Fight","floor":39.0,"gold_loss":0.0,"damage_taken":0.0},{"damage_healed":0.0,"max_hp_gain":0.0,"max_hp_loss":0.0,"gold_gain":0.0,"event_name":"Duplicator","player_choice":"Copied","floor":42.0,"gold_loss":0.0,"damage_taken":0.0,"cards_obtained":["Scrawl"]}],"is_beta":false,"boss_relics":[{"not_picked":["Runic Pyramid","VioletLotus"],"picked":"HolyWater"},{"not_picked":["SlaversCollar","Runic Dome"],"picked":"Cursed Key"}],"items_purged_floors":[28,45],"is_endless":false,"potions_floor_spawned":[4,7,10,12,18,21,24,27,33,37,40,48],"ascension_level":6}}