{"host":"j61pjxqytd94o6ng","time":1608243913,"event":{"mods":["BaseMod","Colored Map","Colored Powertips","Downfall","Minty Spire (QoL Compilation)","StSLib"],"gold_per_floor":[99,199,229,244,244,254,254,274,274,274,274],"floor_reached":10,"playtime":453,"items_purged":[],"score":56,"play_id":"9ddda25b-f08c-4dd5-b044-b735970041de","local_time":"20201217152513","is_ascension_mode":false,"campfire_choices":[{"data":"champ:Taunt","floor":1,"key":"SMITH"},{"data":"champ:RecklessLeap","floor":5,"key":"SMITH"},{"data":"champ:CrookedStrike","floor":9,"key":"SMITH"}],"circlet_count":0,"master_deck":["champ:Strike","champ:Strike","champ:Strike","champ:Strike","champ:Defend","champ:Defend","champ:Defend","champ:Defend","champ:Execute","champ:Taunt+1","champ:Riposte","champ:RecklessLeap+1","champ:CrookedStrike+1","champ:ViciousMockery"],"relics":["champ:ChampionCrown","Champion Belt","Potion Belt","InkBottle"],"acts_visited":["Exordium"],"potions_floor_usage":[10,10],"damage_taken":[{"damage":46,"enemies":"downfall:FleeingMerchant","floor":2,"turns":5},{"damage":5,"enemies":"Jaw Worm","floor":4,"turns":4},{"damage":31,"enemies":"Small Slimes","floor":6,"turns":3},{"damage":20,"enemies":"2 Louse","floor":8,"turns":2},{"damage":62,"enemies":"3 Sentries","floor":10,"turns":10}],"seed_played":"-7717984357330186756","potions_obtained":[{"floor":6,"key":"Fruit Juice"},{"floor":8,"key":"sneckomod:MuddlingPotion"}],"is_trial":false,"path_per_floor":["R","?","?","M","R","M","T","M","R","E"],"character_chosen":"THE_CHAMP","items_purchased":[],"campfire_rested":0,"item_purchase_floors":[],"current_hp_per_floor":[99,63,63,63,63,55,55,55,55,0,0],"gold":274,"neow_bonus":"TEN_PERCENT_HP_BONUS","is_daily":false,"chose_seed":false,"campfire_upgraded":3,"win_rate":0.0,"timestamp":1608243913,"path_taken":["R","?","?","M","R","M","T","M","R","E"],"items_purchased_type":[],"build_version":"2020-12-13","purchased_purges":0,"victory":false,"max_hp_per_floor":[99,99,99,99,99,99,99,99,99,104,104],"card_choices":[{"not_picked":["champ:GladiatorsShout","champ:DefensiveShout"],"picked":"champ:Riposte","floor":2},{"not_picked":["champ:Lariat","champ:BladeFlurry"],"picked":"champ:RecklessLeap","floor":4},{"not_picked":["champ:FanOfKnives","champ:BerserkersShout"],"picked":"champ:CrookedStrike","floor":6},{"not_picked":["champ:DefensiveShout","champ:DeathBlow"],"picked":"champ:ViciousMockery","floor":8}],"player_experience":471545,"relics_obtained":[{"floor":2,"key":"Champion Belt"},{"floor":7,"key":"InkBottle"}],"event_choices":[],"is_beta":false,"boss_relics":[],"items_purged_floors":[],"is_endless":false,"potions_floor_spawned":[6,8],"killed_by":"3 Sentries","ascension_level":0}}