{"host":"f0gpob8hq9vgebej","time":1608188957,"event":{"mods":["AchievementEnabler","BaseMod","Googly Eyes","Minty Spire (QoL Compilation)","Quick Restart","SuperFastMode"],"gold_per_floor":[115,129,139,89,103,103,114,128,153,153,153,153,27,38,38,139,139,124,140,5,5,5,5],"floor_reached":22,"playtime":478,"items_purged":["Defend_G","Strike_G"],"score":276,"play_id":"8a773fde-a525-44ba-9495-7e288ef22c6d","local_time":"20201217160917","is_ascension_mode":true,"campfire_choices":[{"data":"Envenom","floor":6,"key":"SMITH"},{"data":"Tactician","floor":10,"key":"SMITH"},{"data":"Accuracy","floor":12,"key":"SMITH"},{"floor":15,"key":"REST"}],"circlet_count":0,"master_deck":["AscendersBane","Strike_G","Strike_G","Strike_G","Defend_G","Defend_G","Defend_G","Defend_G","Survivor","Neutralize","Envenom+1","Cloak And Dagger","Accuracy+1","Backstab","Die Die Die","Tactician+1","Cloak And Dagger","Terror","Venomology","Cloak And Dagger","Accuracy","Decay"],"relics":["Ring of the Snake","Snake Skull","HoveringKite"],"acts_visited":["Exordium","TheCity"],"potions_floor_usage":[7,16,16,18,19,20,22,22],"damage_taken":[{"damage":6,"enemies":"Small Slimes","floor":1,"turns":5},{"damage":3,"enemies":"Jaw Worm","floor":2,"turns":6},{"damage":5,"enemies":"2 Louse","floor":3,"turns":5},{"damage":9,"enemies":"Blue Slaver","floor":5,"turns":4},{"damage":16,"enemies":"Exordium Wildlife","floor":7,"turns":5},{"damage":5,"enemies":"Gremlin Gang","floor":8,"turns":5},{"damage":4,"enemies":"Blue Slaver","floor":14,"turns":3},{"damage":10,"enemies":"The Guardian","floor":16,"turns":10},{"damage":16,"enemies":"2 Thieves","floor":18,"turns":4},{"damage":41,"enemies":"Spheric Guardian","floor":19,"turns":8},{"damage":0,"enemies":"Snake Plant","floor":22,"turns":2}],"seed_played":"6958478666484667557","potions_obtained":[{"floor":1,"key":"Fire Potion"},{"floor":7,"key":"Poison Potion"},{"floor":19,"key":"EntropicBrew"}],"is_trial":false,"path_per_floor":["M","M","M","?","M","R","M","M","T","R","?","R","$","M","R","B",null,"M","M","$","?","M"],"character_chosen":"THE_SILENT","items_purchased":["Block Potion","Accuracy"],"campfire_rested":1,"item_purchase_floors":[13,20],"current_hp_per_floor":[57,54,49,49,40,40,24,19,19,19,19,19,19,15,36,26,59,43,2,2,2,2,2],"gold":5,"neow_bonus":"THREE_RARE_CARDS","is_daily":false,"chose_seed":false,"campfire_upgraded":3,"win_rate":0.0,"timestamp":1608188957,"path_taken":["M","M","M","?","M","R","M","M","T","R","?","R","$","?","R","BOSS","M","M","$","?","M"],"items_purchased_type":["Potion","Card"],"build_version":"2020-12-13","purchased_purges":2,"victory":false,"max_hp_per_floor":[70,70,70,70,70,70,70,70,70,70,70,70,70,70,70,70,70,70,70,70,70,70,70],"card_choices":[{"not_picked":["Die Die Die","Malaise"],"picked":"Envenom","floor":0},{"not_picked":["Leg Sweep","Blur"],"picked":"Cloak And Dagger","floor":1},{"not_picked":["Quick Slash","Acrobatics"],"picked":"Accuracy","floor":2},{"not_picked":["PiercingWail","Sucker Punch"],"picked":"Backstab","floor":3},{"not_picked":["Poisoned Stab","Underhanded Strike"],"picked":"Die Die Die","floor":5},{"not_picked":["Deadly Poison","Flying Knee"],"picked":"Tactician","floor":7},{"not_picked":["Flying Knee","PiercingWail"],"picked":"Cloak And Dagger","floor":8},{"not_picked":["Dagger Throw","Noxious Fumes"],"picked":"Terror","floor":14},{"not_picked":["Bullet Time","Glass Knife"],"picked":"Venomology","floor":16},{"not_picked":["Caltrops","Underhanded Strike+1","Flechettes"],"picked":"SKIP","floor":18},{"not_picked":["Caltrops","Quick Slash"],"picked":"Cloak And Dagger","floor":19}],"player_experience":170577,"relics_obtained":[{"floor":9,"key":"Snake Skull"}],"event_choices":[{"cards_removed":["Normality"],"damage_healed":0,"gold_gain":0,"player_choice":"Card Removal","damage_taken":0,"max_hp_gain":0,"max_hp_loss":0,"event_name":"The Cleric","floor":4,"gold_loss":50},{"cards_removed":["Strike_G"],"damage_healed":0,"gold_gain":0,"player_choice":"Forget","damage_taken":0,"max_hp_gain":0,"max_hp_loss":0,"event_name":"Living Wall","floor":11,"gold_loss":0},{"damage_healed":0,"gold_gain":0,"player_choice":"Smashed Altar","damage_taken":0,"max_hp_gain":0,"max_hp_loss":0,"event_name":"Forgotten Altar","floor":21,"gold_loss":0,"cards_obtained":["Decay"]}],"is_beta":false,"boss_relics":[{"not_picked":["Runic Dome","Ectoplasm"],"picked":"HoveringKite"}],"items_purged_floors":[13,20],"is_endless":false,"potions_floor_spawned":[1,7,19],"killed_by":"Snake Plant","ascension_level":11}}