{"host":"t9zjxed0utvsfjwc","time":1608220888,"event":{"mods":["2.2 Compatiblity","Aspiration","BaseMod","Block Reminder","Colored Map","Colored Powertips","Highlight Path","Hubris","Infinite Spire","Minty Spire (QoL Compilation)","Quick Restart","Replay The Spire","StSLib","Unceasing Turn Reminder","everything is the same but u backflip on backflip"],"gold_per_floor":[114,114,43,43,318,347,347,359,382,400,428,448,448,448,448,549,549,569,569,594,613,631,631,666,666,736,661,661,761,761,761,761,909,909,978,1128,1128,1128,1212,1321,1333,1466,1528,1540,1552,1676,1688,1083,1083,1083],"floor_reached":51,"playtime":7715,"items_purged":["Strike_R","Strike_R"],"score":1288,"play_id":"10af3f41-12ca-401e-8e86-e8ca0c2bb920","local_time":"20201217160128","is_ascension_mode":true,"campfire_choices":[{"data":"Armaments","floor":7,"key":"SMITH"},{"floor":13,"key":"REST"},{"floor":15,"key":"REST"},{"floor":23,"key":"REST"},{"data":"Anger","floor":32,"key":"SMITH"},{"data":"Armaments","floor":41,"key":"SMITH"},{"data":"hubris:StunningStrike","floor":44,"key":"SMITH"},{"data":"Madness","floor":47,"key":"SMITH"}],"circlet_count":0,"master_deck":["Defend_R","Defend_R","Defend_R","Bash","Heavy Blade","Metallicize","Armaments+1","Armaments+1","Iron Wave","Twin Strike","hubris:StunningStrike+1","Thunderclap","ReplayTheSpireMod:From All Sides","Flying Knee","Leg Sweep","Anger+1","Shrug It Off+1","Barricade+1","Necronomicurse","Offering","CurseOfTheBell","ReplayTheSpireMod:Muscle Training","Madness","Madness+1","Pommel Strike+1","Infernal Blade+1","Metallicize","Amnesia"],"relics":["PureWater","infinitespire:Cubic Diamond","infinitespire:PuzzleCube","Tiny Chest","Sundial","Sozu","King of Hearts","White Beast Statue","hubris:Icosahedron","Pantograph","Replay:Wanted Poster","Gremlin Horn","Bottled Flame","Necronomicon","infinitespire:EvilPickle","Calling Bell","Replay:Mystery Machine","Meat on the Bone","infinitespire:Lychee Nut","infinitespire:CursedDice","hubris:Potato","MawBank","Replay:Bottled Eggs","Anchor","aspiration:StickyExplosives_weak","Vajra","Ring of Searing"],"acts_visited":["Exordium","TheCity","TheBeyond"],"potions_floor_usage":[1,1,1,6,16,18],"damage_taken":[{"damage":0,"enemies":"Small Slimes","floor":1,"turns":3},{"damage":20,"enemies":"Gremlin Nob","floor":6,"turns":4},{"damage":3,"enemies":"2 Louse","floor":8,"turns":3},{"damage":6,"enemies":"Jaw Worm","floor":10,"turns":4},{"damage":38,"enemies":"3 Sentries","floor":11,"turns":10},{"damage":5,"enemies":"Exordium Thugs","floor":12,"turns":4},{"damage":60,"enemies":"Fading Forest","floor":16,"turns":11},{"damage":17,"enemies":"2 Thieves","floor":18,"turns":6},{"damage":0,"enemies":"Chosen","floor":21,"turns":4},{"damage":9,"enemies":"Snake Plant","floor":22,"turns":4},{"damage":3,"enemies":"Book of Stabbing","floor":24,"turns":6},{"damage":15,"enemies":"Pondfish","floor":33,"turns":15},{"damage":16,"enemies":"3 Darklings","floor":35,"turns":4},{"damage":20,"enemies":"Mind Bloom Boss Battle","floor":36,"turns":5},{"damage":0,"enemies":"Orb Walker","floor":39,"turns":1},{"damage":0,"enemies":"R_Hoarder","floor":40,"turns":7},{"damage":1,"enemies":"Reptomancer","floor":42,"turns":5},{"damage":14,"enemies":"Sphere and 2 Shapes","floor":46,"turns":7},{"damage":0,"enemies":"hubris:GrandSnecko","floor":50,"turns":8}],"seed_played":"-331427558571770855","potions_obtained":[{"floor":0,"key":"FearPotion"},{"floor":0,"key":"BlessingOfTheForge"},{"floor":0,"key":"Weak Potion"},{"floor":1,"key":"SteroidPotion"},{"floor":10,"key":"BlessingOfTheForge"},{"floor":12,"key":"GamblersBrew"}],"is_trial":false,"path_per_floor":["M","?","$","?","?","E","R","M","T","M","E","M","R","?","R","B",null,"M","?","T","M","M","R","E","?","T","$","?","AVR","T","?","R","B",null,"M","?","?","T","M","E","R","E","T","R","?","M","R","$","R_BF","B",null],"character_chosen":"IRONCLAD","items_purchased":["Metallicize","aspiration:StickyExplosives_weak","Vajra","Infernal Blade+1","Metallicize"],"campfire_rested":3,"item_purchase_floors":[3,48,48,48,48],"current_hp_per_floor":[80,80,80,80,80,60,60,57,57,51,13,8,32,32,56,4,61,44,44,44,44,35,59,56,56,56,56,41,41,41,25,25,35,56,46,44,44,44,44,63,63,63,63,63,55,47,47,47,47,63],"gold":1083,"neow_bonus":"THREE_SMALL_POTIONS","is_daily":false,"chose_seed":false,"campfire_upgraded":5,"win_rate":0.0,"timestamp":1608220888,"path_taken":["M","?","$","?","?","E","R","M","T","M","E","?","R","?","R","BOSS","M","?","?","?","M","R","E","?","T","$","?","AVR","?","?","R","BOSS","M","?","?","?","M","E","R","E","T","R","?","M","R","$","R_BF","BOSS"],"items_purchased_type":["Card","Relic","Relic","Card","Card"],"build_version":"2020-12-13","purchased_purges":2,"victory":true,"max_hp_per_floor":[80,80,80,80,80,80,80,80,80,80,80,80,80,80,80,80,80,80,80,80,80,80,80,80,80,80,80,85,85,85,85,85,85,63,63,63,63,63,63,63,63,63,63,63,63,63,63,63,63,63],"card_choices":[{"not_picked":["Intimidate","Replay:Undeath\u0027s Touch"],"picked":"Heavy Blade","floor":1},{"not_picked":["Iron Wave","Battle Trance"],"picked":"Armaments","floor":6},{"not_picked":["Headbutt","Sword Boomerang"],"picked":"Armaments","floor":8},{"not_picked":["Eclipse","hubris:ReadiedAction"],"picked":"Iron Wave","floor":10},{"not_picked":["ReplayTheSpireMod:Strike From Hell","Dual Wield","Pommel Strike"],"picked":"SKIP","floor":11},{"not_picked":["Body Slam","Wild Strike"],"picked":"Twin Strike","floor":12},{"not_picked":["Reaper","Replay:Many Hands"],"picked":"hubris:StunningStrike","floor":16},{"not_picked":["Defy Death","Warcry"],"picked":"Thunderclap","floor":18},{"not_picked":["Feel No Pain","hubris:ReadiedAction"],"picked":"Anger","floor":21},{"not_picked":["Anger","Havoc"],"picked":"Shrug It Off+1","floor":22},{"not_picked":["Armaments","ReplayTheSpireMod:Muscle Training"],"picked":"Barricade","floor":24},{"not_picked":["Eclipse","Fiend Fire"],"picked":"Offering","floor":33},{"not_picked":["Replay:Undeath\u0027s Touch","Twin Strike","Intimidate"],"picked":"SKIP","floor":35},{"not_picked":["Wild Strike","Flex","Demonic Infusion"],"picked":"SKIP","floor":39},{"not_picked":["Immolate","ReplayTheSpireMod:Muscle Training+1","Anger"],"picked":"SKIP","floor":40},{"not_picked":["Sword Boomerang","Massacre"],"picked":"ReplayTheSpireMod:Muscle Training","floor":42},{"not_picked":["Iron Wave","Armaments"],"picked":"Pommel Strike+1","floor":46}],"player_experience":218221,"relics_obtained":[{"floor":6,"key":"infinitespire:PuzzleCube"},{"floor":9,"key":"Tiny Chest"},{"floor":11,"key":"Sundial"},{"floor":20,"key":"King of Hearts"},{"floor":24,"key":"White Beast Statue"},{"floor":26,"key":"Pantograph"},{"floor":30,"key":"Bottled Flame"},{"floor":31,"key":"Necronomicon"},{"floor":34,"key":"Replay:Mystery Machine"},{"floor":34,"key":"Meat on the Bone"},{"floor":34,"key":"infinitespire:Lychee Nut"},{"floor":36,"key":"infinitespire:CursedDice"},{"floor":38,"key":"hubris:Potato"},{"floor":40,"key":"MawBank"},{"floor":42,"key":"Replay:Bottled Eggs"},{"floor":43,"key":"Anchor"},{"floor":49,"key":"Ring of Searing"}],"event_choices":[{"damage_healed":0,"gold_gain":275,"player_choice":"Desecrate","damage_taken":0,"max_hp_gain":0,"max_hp_loss":0,"event_name":"Golden Shrine","floor":5,"gold_loss":0,"cards_obtained":["Regret"]},{"cards_removed":["Regret"],"damage_healed":0,"gold_gain":0,"player_choice":"Card Removal","damage_taken":0,"max_hp_gain":0,"max_hp_loss":0,"event_name":"Wheel of Change","floor":14,"gold_loss":0},{"damage_healed":0,"gold_gain":0,"player_choice":"Shed Blood","damage_taken":20,"max_hp_gain":5,"max_hp_loss":0,"event_name":"Forgotten Altar","floor":28,"gold_loss":0},{"damage_healed":0,"gold_gain":0,"player_choice":"Obtained Book","damage_taken":16,"max_hp_gain":0,"max_hp_loss":0,"event_name":"Cursed Tome","floor":31,"gold_loss":0},{"damage_healed":0,"gold_gain":0,"player_choice":"Fight","damage_taken":0,"max_hp_gain":0,"max_hp_loss":0,"event_name":"MindBloom","floor":36,"gold_loss":0},{"damage_healed":0,"gold_gain":0,"player_choice":"Upgraded","damage_taken":0,"max_hp_gain":0,"max_hp_loss":0,"event_name":"Upgrade Shrine","floor":37,"gold_loss":0,"cards_upgraded":["Barricade"]},{"damage_healed":0,"gold_gain":0,"player_choice":"Embrace Madness","damage_taken":8,"max_hp_gain":0,"max_hp_loss":0,"event_name":"Winding Halls","floor":45,"gold_loss":0,"cards_obtained":["Madness","Madness"]}],"is_beta":false,"boss_relics":[{"not_picked":["Runic Cube","aspiration:RunicSpoon"],"picked":"Sozu"},{"not_picked":["aspiration:PoetsPen_weak","Coffee Dripper"],"picked":"Calling Bell"}],"items_purged_floors":[27,48],"is_endless":false,"potions_floor_spawned":[1,10,12,18,22,24,33,35,36,39,40,42,46],"ascension_level":5}}