{"host":"r0ye8pdzuq6zwfvs","time":1608193595,"event":{"mods":["AchievementEnabler","BaseMod","BetterRewards","CapriCore","Card Forge","Colored Map","Colored Powertips","Custom Start","DeckTracker","Luminous","Minty Spire (QoL Compilation)","Permanent Neow","Prisma Mod","Quick Restart","Relic Stats","Robot Space Explorer","Shop Mod","Spicy Shops","StSLib","SuperFastMode","Swap Starting Deck Mod","The Alterego","The Immortal","Uncapped"],"gold_per_floor":[99,99,99,99,99,99,99,99,99,99,99,99,99,99,99,99,99,99,99,99,99,99,99,99],"floor_reached":23,"playtime":2058,"items_purged":[],"score":446,"play_id":"b29aad5f-5b4d-411a-9cd7-cff02c690bb0","local_time":"20201217012635","daily_mods":["Flight"],"is_ascension_mode":false,"campfire_choices":[{"data":"1","floor":15,"key":"LIFT"}],"circlet_count":0,"master_deck":["PrismaMod:ChloeDiscardRecovery+1","PrismaMod:ChloeDemonicTutor+1","PrismaMod:ChloeExhaustThree+1","PrismaMod:ChloeDiscardRecovery+1","PrismaMod:ChloeDemonicTutor+1","PrismaMod:ChloeDemonicTutor+1","PrismaMod:ChloeUnlimitedBladeWorks+1","PrismaMod:ChloeAnyRareTrace+1","PrismaMod:ChloeAnyRareTrace+1","PrismaMod:ChloeAnyRareTrace+1"],"relics":["PrismaMod:PrismaTraceOn","Hammer of Thor","Seething Fire","Anvil of the Gods","Anchor","Bag of Preparation","RobotSpaceExplorer:BottledGravity","Bottled Lightning","Bottled Tornado","Busted Crown","Calipers","Cursed Key","Ectoplasm","RobotSpaceExplorer:FoglandsKnife","FossilizedHelix","Frozen Eye","Fusion Hammer","Ginger","Girya","Ice Cream","Juzu Bracelet","Lee\u0027s Waffle","Lizard Tail","Mango","Mummified Hand","Oddly Smooth Stone","Omamori","Paper Crane","Paper Frog","Pear","Prayer Wheel","Potion Belt","Singing Bowl","Sozu","Strawberry","Boot","Torii","TungstenRod","Turnip","Vajra","WristBlade","Darkstone Periapt","Ancient Tea Set","Tiny House"],"acts_visited":["Exordium","TheCity"],"potions_floor_usage":[],"damage_taken":[{"damage":0,"enemies":"2 Louse","floor":1,"turns":1},{"damage":0,"enemies":"Cultist","floor":2,"turns":1},{"damage":0,"enemies":"Jaw Worm","floor":4,"turns":1},{"damage":0,"enemies":"Gremlin Gang","floor":5,"turns":1},{"damage":0,"enemies":"Lagavulin","floor":6,"turns":1},{"damage":0,"enemies":"3 Sentries","floor":7,"turns":1},{"damage":0,"enemies":"Large Slime","floor":8,"turns":1},{"damage":0,"enemies":"Blue Slaver","floor":10,"turns":1},{"damage":0,"enemies":"Gremlin Nob","floor":11,"turns":1},{"damage":0,"enemies":"Exordium Wildlife","floor":12,"turns":1},{"damage":0,"enemies":"Gremlin Gang","floor":13,"turns":1},{"damage":0,"enemies":"Blue Slaver","floor":14,"turns":1},{"damage":0,"enemies":"Slime Boss","floor":16,"turns":1},{"damage":0,"enemies":"2 Thieves","floor":18,"turns":1},{"damage":0,"enemies":"Spheric Guardian","floor":19,"turns":1},{"damage":0,"enemies":"Centurion and Healer","floor":20,"turns":1},{"damage":0,"enemies":"Snake Plant","floor":22,"turns":1},{"damage":0,"enemies":"Book of Stabbing","floor":23,"turns":1}],"seed_played":"8337668224575872090","potions_obtained":[],"is_trial":true,"path_per_floor":["M","M","?","M","M","E","E","M","T","M","E","M","M","M","R","B",null,"M","M","M","?","M","E"],"character_chosen":"CHLOE","items_purchased":[],"campfire_rested":0,"item_purchase_floors":[],"current_hp_per_floor":[117,125,125,133,137,139,141,149,149,153,159,171,171,179,179,185,192,204,208,220,220,228,228,228],"gold":99,"neow_bonus":"","is_daily":false,"chose_seed":false,"campfire_upgraded":0,"win_rate":0.0,"timestamp":1608193595,"path_taken":["M","M","?","M","M","E","E","M","T","M","E","M","M","M","R","BOSS","M","M","M","?","M","E"],"items_purchased_type":[],"build_version":"2020-12-13","purchased_purges":0,"victory":false,"max_hp_per_floor":[117,125,125,133,137,139,141,149,149,153,159,171,171,179,179,185,192,204,208,220,220,228,228,228],"relic_stats":{"Darkstone Periapt":0,"Lee\u0027s Waffle":7,"Singing Bowl":58,"Torii":0,"counters":[18,18],"Bag of Preparation":[36],"Juzu Bracelet":1,"Ginger":[0],"Cursed Key":1,"Boot":[0],"Sozu":0,"Lizard Tail":0,"Busted Crown":62,"Mummified Hand":[1],"Prayer Wheel":13,"Ectoplasm":117,"Turnip":[0],"obtain_stats":[{"Ice Cream":0,"Darkstone Periapt":7,"Calipers":0,"Tiny House":17,"Singing Bowl":0,"Torii":0,"Vajra":0,"Mango":0,"Hammer of Thor":0,"Bag of Preparation":0,"Juzu Bracelet":0,"Ginger":0,"Bottled Tornado":0,"Cursed Key":0,"Boot":0,"Ancient Tea Set":11,"PrismaMod:PrismaTraceOn":0,"Sozu":0,"Frozen Eye":0,"Lizard Tail":0,"WristBlade":0,"RobotSpaceExplorer:BottledGravity":0,"Mummified Hand":0,"Strawberry":0,"Prayer Wheel":0,"Fusion Hammer":0,"Paper Frog":0,"Potion Belt":0,"Girya":0,"Lee\u0027s Waffle":0,"Pear":0,"Oddly Smooth Stone":0,"Omamori":0,"Seething Fire":0,"Paper Crane":0,"RobotSpaceExplorer:FoglandsKnife":0,"Anchor":0,"Busted Crown":0,"Anvil of the Gods":0,"Ectoplasm":0,"Turnip":0,"Bottled Lightning":0,"FossilizedHelix":0,"TungstenRod":0},{"Ice Cream":0,"Darkstone Periapt":6,"Calipers":0,"Tiny House":13,"Singing Bowl":0,"Torii":0,"Vajra":0,"Mango":0,"Hammer of Thor":0,"Bag of Preparation":0,"Juzu Bracelet":0,"Ginger":0,"Bottled Tornado":0,"Cursed Key":0,"Boot":0,"Ancient Tea Set":9,"PrismaMod:PrismaTraceOn":0,"Sozu":0,"Frozen Eye":0,"Lizard Tail":0,"WristBlade":0,"RobotSpaceExplorer:BottledGravity":0,"Mummified Hand":0,"Strawberry":0,"Prayer Wheel":0,"Fusion Hammer":0,"Paper Frog":0,"Potion Belt":0,"Girya":0,"Lee\u0027s Waffle":0,"Pear":0,"Oddly Smooth Stone":0,"Omamori":0,"Seething Fire":0,"Paper Crane":0,"RobotSpaceExplorer:FoglandsKnife":0,"Anchor":0,"Busted Crown":0,"Anvil of the Gods":0,"Ectoplasm":0,"Turnip":0,"Bottled Lightning":0,"FossilizedHelix":0,"TungstenRod":0},{"Ice Cream":0,"Darkstone Periapt":6,"Calipers":0,"Tiny House":13,"Singing Bowl":0,"Torii":0,"Vajra":0,"Mango":0,"Hammer of Thor":0,"Bag of Preparation":0,"Juzu Bracelet":0,"Ginger":0,"Bottled Tornado":0,"Cursed Key":0,"Boot":0,"Ancient Tea Set":9,"PrismaMod:PrismaTraceOn":0,"Sozu":0,"Frozen Eye":0,"Lizard Tail":0,"WristBlade":0,"RobotSpaceExplorer:BottledGravity":0,"Mummified Hand":0,"Strawberry":0,"Prayer Wheel":0,"Fusion Hammer":0,"Paper Frog":0,"Potion Belt":0,"Girya":0,"Lee\u0027s Waffle":0,"Pear":0,"Oddly Smooth Stone":0,"Omamori":0,"Seething Fire":0,"Paper Crane":0,"RobotSpaceExplorer:FoglandsKnife":0,"Anchor":0,"Busted Crown":0,"Anvil of the Gods":0,"Ectoplasm":0,"Turnip":0,"Bottled Lightning":0,"FossilizedHelix":0,"TungstenRod":0}],"TungstenRod":0},"card_choices":[{"not_picked":["PrismaMod:ChloeCheapDefendTwo"],"picked":"Singing Bowl","floor":1},{"not_picked":["PrismaMod:ChloeCheapAttack"],"picked":"Singing Bowl","floor":1},{"not_picked":["PrismaMod:ChloeCheapAttackTwo"],"picked":"Singing Bowl","floor":2},{"not_picked":["PrismaMod:ChloeCheapAttack"],"picked":"Singing Bowl","floor":2},{"not_picked":["PrismaMod:ChloeCheapAttack"],"picked":"Singing Bowl","floor":4},{"not_picked":["PrismaMod:ChloeMordred"],"picked":"Singing Bowl","floor":4},{"not_picked":["PrismaMod:ChloeGaeBolg"],"picked":"Singing Bowl","floor":5},{"not_picked":["PrismaMod:ChloeExcalibur"],"picked":"Singing Bowl","floor":5},{"not_picked":["PrismaMod:ChloeAnyRareTrace"],"picked":"Singing Bowl","floor":6},{"not_picked":["PrismaMod:ChloeExhaustOne"],"picked":"Singing Bowl","floor":7},{"not_picked":["PrismaMod:ChloeMaid"],"picked":"Singing Bowl","floor":8},{"not_picked":["PrismaMod:ChloeCheapDefendTwo"],"picked":"Singing Bowl","floor":8},{"not_picked":["PrismaMod:ChloeDiscardRecovery"],"picked":"Singing Bowl","floor":10},{"not_picked":["PrismaMod:ChloeEyeOfTheEuryale"],"picked":"Singing Bowl","floor":10},{"not_picked":["PrismaMod:ChloeDiscardRecovery"],"picked":"Singing Bowl","floor":11},{"not_picked":["PrismaMod:ChloeCommonAOEAttack"],"picked":"Singing Bowl","floor":12},{"not_picked":["PrismaMod:ChloeRitsuka"],"picked":"Singing Bowl","floor":12},{"not_picked":["PrismaMod:ChloeMaid"],"picked":"SKIP","floor":13},{"not_picked":["PrismaMod:ChloeDiscardRecovery"],"picked":"SKIP","floor":13},{"not_picked":["PrismaMod:ChloeGaeBolg"],"picked":"Singing Bowl","floor":14},{"not_picked":["PrismaMod:ChloeRhongomyniad"],"picked":"Singing Bowl","floor":14},{"not_picked":["PrismaMod:ChloeAnyRareTrace"],"picked":"Singing Bowl","floor":16},{"not_picked":["PrismaMod:ChloeCheapDefendTwo"],"picked":"Singing Bowl","floor":17},{"not_picked":["PrismaMod:ChloeCheapAttackTwo"],"picked":"Singing Bowl","floor":18},{"not_picked":["PrismaMod:ChloeCheapAttack+1"],"picked":"Singing Bowl","floor":18},{"not_picked":["PrismaMod:ChloeCheapDefend"],"picked":"Singing Bowl","floor":19},{"not_picked":["PrismaMod:ChloeAnyRareTrace"],"picked":"Singing Bowl","floor":19},{"not_picked":["PrismaMod:ChloeMordred"],"picked":"Singing Bowl","floor":20},{"not_picked":["PrismaMod:ChloeCheapAttack"],"picked":"Singing Bowl","floor":20},{"not_picked":["PrismaMod:ChloeCheapDefendTwo"],"picked":"Singing Bowl","floor":22},{"not_picked":["PrismaMod:ChloeExhaustOne"],"picked":"Singing Bowl","floor":22}],"player_experience":196155,"relics_obtained":[{"floor":7,"key":"Darkstone Periapt"},{"floor":11,"key":"Ancient Tea Set"}],"event_choices":[{"damage_healed":0,"gold_gain":0,"player_choice":"Ignored","damage_taken":0,"max_hp_gain":0,"max_hp_loss":0,"event_name":"NoteForYourself","floor":3,"gold_loss":0},{"damage_healed":0,"gold_gain":0,"player_choice":"Ignored","damage_taken":0,"max_hp_gain":0,"max_hp_loss":0,"event_name":"Vampires","floor":21,"gold_loss":0}],"is_beta":false,"boss_relics":[{"not_picked":["Velvet Choker","Snecko Eye"],"picked":"Tiny House"}],"items_purged_floors":[],"is_endless":false,"potions_floor_spawned":[2,5,7,11,13,16,20],"killed_by":"Book of Stabbing","ascension_level":0}}