{"host":"ki5kvxn974a96omm","time":1608238460,"event":{"mods":["BaseMod","Colored Map","Colored Powertips","Downfall","Key Reminder","Minty Spire (QoL Compilation)","Relic Sorter","StSLib"],"gold_per_floor":[99,99,124,124,124,13,67,67,367,367,383,394,406,21,41,138,138,63,89,104,131,406,406,481,481,498,498,514,514,530,550,565,665,665,590,327,344,354,354,386,411,425,350,377,396,396,6,26,38,38,38,70,33,33,33],"floor_reached":56,"playtime":4690,"items_purged":["Slimebound:Icky","champ:Defend","Slimebound:Icky"],"score":2066,"play_id":"b879ef62-b360-459c-afb1-d021935dc6dd","local_time":"20201217155420","is_ascension_mode":false,"campfire_choices":[{"data":"champ:Execute","floor":1,"key":"SMITH"},{"floor":4,"key":"RECALL"},{"data":"champ:ArenaPreparation","floor":8,"key":"SMITH"},{"data":"champ:IronFortress","floor":18,"key":"SMITH"},{"data":"champ:StanceDance","floor":23,"key":"SMITH"},{"data":"champ:FlashCut","floor":25,"key":"SMITH"},{"data":"champ:Taunt","floor":27,"key":"SMITH"},{"data":"champ:SteelEdge","floor":35,"key":"SMITH"},{"data":"champ:Duel","floor":43,"key":"SMITH"},{"data":"champ:SkillfulDodge","floor":54,"key":"SMITH"}],"circlet_count":0,"master_deck":["champ:Strike","champ:Strike","champ:Strike","champ:Strike","champ:Defend","champ:Defend","champ:Execute+1","champ:Taunt+1","champ:Haymaker","champ:Encircle","champ:FlashCut+1","champ:Backstep","champ:ArenaPreparation+1","champ:AdrenalArmor","champ:DefensiveShout","champ:StanceDance+1","champ:PerfectedStrike","champ:Duel+1","champ:IronFortress+1","champ:FaceSlap","champ:BringItOn","champ:Devastate","champ:BringItOn+1","champ:EndlessRage+1","champ:FocusedGladiator+1","champ:FlashCut","champ:TornadoPunch+1","champ:DefensiveShout+1","champ:ViciousMockery+1","champ:BringItOn+1","champ:SteelEdge+1","expansioncontent:Corrupt","champ:BerserkerStyle","champ:IronFortress+1","champ:GladiatorsShout+1","champ:RisingSlash+1","champ:PerfectForm+1","Strike_B","expansioncontent:StudyTheSpire+1","expansioncontent:LastStand+1","champ:SkillfulDodge+1","champ:FalseCounter+1","champ:EnGarde+1","expansioncontent:ChargeUp"],"relics":["champ:ChampionCrown","downfall:HeartsMalice","The Courier","champ:FightingForDummies","StrikeDummy","Bag of Marbles","sneckomod:SneckoTalon","downfall:HeartBlessingRed","Calipers","Bronze Scales","Spirit Poop","Velvet Choker","downfall:HeartBlessingBlue","Membership Card","Oddly Smooth Stone","Lantern","champ:DefensiveTrainingManual","Frozen Egg 2","Ginger","Vajra","downfall:HeartBlessingGreen","Dream Catcher","sneckomod:BlankCard","Lizard Tail","Strawberry"],"acts_visited":["Exordium","TheCity","TheBeyond","TheEnding"],"potions_floor_usage":[19,19,33,33,55,55,55],"damage_taken":[{"damage":0,"enemies":"Small Slimes","floor":2,"turns":1},{"damage":0,"enemies":"Gremlin Nob","floor":3,"turns":1},{"damage":0,"enemies":"Jaw Worm","floor":5,"turns":1},{"damage":9,"enemies":"downfall:FleeingMerchant","floor":6,"turns":4},{"damage":5,"enemies":"Cultist","floor":11,"turns":2},{"damage":15,"enemies":"Large Slime","floor":12,"turns":3},{"damage":28,"enemies":"Exordium Thugs","floor":13,"turns":4},{"damage":15,"enemies":"downfall:FleeingMerchant","floor":14,"turns":4},{"damage":15,"enemies":"3 Louse","floor":15,"turns":3},{"damage":31,"enemies":"downfall:Watcher","floor":16,"turns":8},{"damage":13,"enemies":"Slavers","floor":19,"turns":5},{"damage":2,"enemies":"Chosen","floor":20,"turns":3},{"damage":33,"enemies":"Gremlin Leader","floor":21,"turns":6},{"damage":2,"enemies":"Sentry and Sphere","floor":26,"turns":3},{"damage":7,"enemies":"Chosen and Byrds","floor":28,"turns":4},{"damage":30,"enemies":"Snecko","floor":30,"turns":5},{"damage":2,"enemies":"Snake Plant","floor":31,"turns":3},{"damage":8,"enemies":"Sentry and Sphere","floor":32,"turns":4},{"damage":12,"enemies":"downfall:Defect","floor":33,"turns":6},{"damage":10,"enemies":"downfall:FleeingMerchant","floor":36,"turns":4},{"damage":9,"enemies":"3 Darklings","floor":37,"turns":4},{"damage":9,"enemies":"Orb Walker","floor":38,"turns":3},{"damage":38,"enemies":"Nemesis","floor":40,"turns":7},{"damage":16,"enemies":"Spire Growth","floor":42,"turns":3},{"damage":39,"enemies":"4 Shapes","floor":45,"turns":4},{"damage":10,"enemies":"Jaw Worm Horde","floor":48,"turns":3},{"damage":18,"enemies":"Sphere and 2 Shapes","floor":49,"turns":4},{"damage":23,"enemies":"downfall:Ironclad","floor":50,"turns":9},{"damage":58,"enemies":"downfall:CharBossMerchant","floor":52,"turns":6},{"damage":61,"enemies":"downfall:NeowBoss","floor":55,"turns":29}],"seed_played":"-6582275232715324142","potions_obtained":[{"floor":11,"key":"champ:OpenerPotion"},{"floor":12,"key":"Explosive Potion"},{"floor":13,"key":"DistilledChaos"},{"floor":15,"key":"SpeedPotion"},{"floor":19,"key":"Strength Potion"},{"floor":28,"key":"FearPotion"},{"floor":32,"key":"Swift Potion"},{"floor":38,"key":"BlessingOfTheForge"},{"floor":42,"key":"SkillPotion"},{"floor":49,"key":"SteroidPotion"}],"is_trial":false,"path_per_floor":["R","M","E","R","M","$","T","R","?","?","M","M","M","$","M","B",null,"R","E","M","E","?","R","T","R","M","R","M","?","M","M","M","B",null,"R","?","M","M","?","E","T","M","R","T","M","?","$","M","M","B",null,"E","$","R","B",null],"character_chosen":"THE_CHAMP","items_purchased":["champ:ArenaPreparation","champ:AdrenalArmor","champ:IronFortress","Flash of Steel","Bag of Marbles","champ:FaceSlap","Membership Card","Oddly Smooth Stone","Lantern","champ:DefensiveTrainingManual","expansioncontent:Corrupt","Ancient Potion","champ:BerserkerStyle","Frozen Egg 2","champ:IronFortress+1","sneckomod:BlankCard","expansioncontent:StudyTheSpire+1","expansioncontent:LastStand+1","champ:SkillfulDodge","Lizard Tail","expansioncontent:ChargeUp"],"campfire_rested":0,"item_purchase_floors":[6,6,14,14,14,14,36,36,36,36,36,36,36,36,36,47,47,47,47,47,53],"current_hp_per_floor":[90,90,90,90,90,90,90,90,90,78,78,78,67,67,57,47,90,90,84,84,73,73,73,73,73,72,72,74,74,56,57,59,62,90,100,100,97,94,94,69,69,59,59,59,35,35,35,37,38,55,100,100,100,100,107],"gold":33,"neow_bonus":"THREE_ENEMY_KILL","is_daily":false,"chose_seed":false,"campfire_upgraded":9,"win_rate":0.0,"timestamp":1608238460,"path_taken":["R","M","E","R","M","$","T","R","?","?","M","M","M","?","M","BOSS","R","E","M","E","?","R","T","R","?","R","M","?","M","?","M","BOSS","R","?","M","M","?","E","T","M","R","?","?","?","$","M","M","BOSS","E","$","R","BOSS"],"items_purchased_type":["Card","Card","Card","Card","Relic","Card","Relic","Relic","Relic","Relic","Card","Potion","Card","Relic","Card","Relic","Card","Card","Card","Relic","Card"],"build_version":"2020-12-13","purchased_purges":3,"victory":true,"max_hp_per_floor":[90,90,90,90,90,90,90,90,90,90,90,90,90,90,90,90,90,90,90,90,90,90,90,90,90,90,90,90,90,90,90,90,90,90,100,100,100,100,100,100,100,100,100,100,100,100,100,100,100,100,100,107,107,107,107],"card_choices":[{"not_picked":["champ:PerfectedStrike","champ:GladiatorStyle"],"picked":"champ:Haymaker","floor":2},{"not_picked":["champ:BringItOn","champ:FightOn"],"picked":"champ:Encircle","floor":3},{"not_picked":["champ:Circumvent","champ:CalledShot"],"picked":"champ:FlashCut","floor":5},{"not_picked":["champ:HeavySlash","champ:TornadoPunch"],"picked":"champ:Backstep","floor":6},{"not_picked":["champ:CalledShot","champ:DeathBlow"],"picked":"champ:DefensiveShout","floor":11},{"not_picked":["champ:HeartStrike","champ:GladiatorsShout"],"picked":"champ:StanceDance","floor":12},{"not_picked":["champ:FocusedGladiator","champ:BerserkerStyle"],"picked":"champ:PerfectedStrike","floor":13},{"not_picked":["champ:DefensiveShout","champ:PerfectedStrike"],"picked":"champ:Duel","floor":14},{"not_picked":["champ:Encircle","champ:CrookedStrike"],"picked":"champ:BringItOn","floor":15},{"not_picked":["champ:ShieldSlam","champ:PerfectForm"],"picked":"champ:Devastate","floor":16},{"not_picked":["champ:FightOn","champ:Encircle+1"],"picked":"champ:BringItOn+1","floor":19},{"not_picked":["champ:EnragedBash+1","champ:FlashCut"],"picked":"champ:EndlessRage+1","floor":20},{"not_picked":["champ:GladiatorsShout","champ:StanceDance"],"picked":"champ:FocusedGladiator+1","floor":21},{"not_picked":["champ:Backstep+1","champ:PerfectedStrike"],"picked":"champ:FlashCut","floor":26},{"not_picked":["champ:BringItOn","champ:GladiatorsShout"],"picked":"champ:TornadoPunch+1","floor":28},{"not_picked":["champ:BringItOn","champ:Haymaker"],"picked":"champ:DefensiveShout+1","floor":30},{"not_picked":["champ:GladiatorsShout","champ:Haymaker"],"picked":"champ:ViciousMockery+1","floor":31},{"not_picked":["champ:EnragedBash","champ:StanceDance"],"picked":"champ:BringItOn+1","floor":32},{"not_picked":["champ:StrikeOfGenius","champ:Improvising"],"picked":"champ:SteelEdge","floor":33},{"not_picked":["champ:BerserkersShout","champ:EndlessRage","champ:Backstep"],"picked":"SKIP","floor":36},{"not_picked":["champ:BringItOn+1","champ:StanceDance"],"picked":"champ:GladiatorsShout+1","floor":37},{"not_picked":["champ:BerserkersShout+1","champ:DeathBlow+1","champ:FightOn"],"picked":"SKIP","floor":38},{"not_picked":["champ:TornadoPunch","champ:PreciseThrust"],"picked":"champ:RisingSlash+1","floor":40},{"not_picked":["champ:RisingSlash","champ:Encircle+1","champ:FlashCut+1"],"picked":"SKIP","floor":42},{"not_picked":["champ:StanceDance","champ:FaceSlap"],"picked":"champ:PerfectForm+1","floor":45},{"not_picked":["champ:AdrenalArmor+1","champ:FocusedBerserking"],"picked":"champ:FalseCounter+1","floor":48},{"not_picked":["champ:FocusedGladiator","champ:FanOfKnives+1","champ:FlashCut+1"],"picked":"SKIP","floor":49},{"not_picked":["champ:BladeFlurry","champ:VampiricStrike"],"picked":"champ:EnGarde+1","floor":52}],"player_experience":1851777,"relics_obtained":[{"floor":3,"key":"The Courier"},{"floor":7,"key":"champ:FightingForDummies"},{"floor":19,"key":"Calipers"},{"floor":21,"key":"Bronze Scales"},{"floor":40,"key":"Ginger"},{"floor":41,"key":"Vajra"},{"floor":44,"key":"Dream Catcher"},{"floor":52,"key":"Strawberry"}],"event_choices":[{"damage_healed":0,"gold_gain":0,"player_choice":"Success","damage_taken":12,"relics_obtained":["StrikeDummy"],"max_hp_gain":0,"max_hp_loss":0,"event_name":"Scrap Ooze","floor":10,"gold_loss":0},{"cards_removed":["Regret"],"damage_healed":0,"gold_gain":0,"player_choice":"Offered Curse","damage_taken":0,"relics_obtained":["Spirit Poop"],"max_hp_gain":0,"max_hp_loss":0,"event_name":"Bonfire Elementals","floor":29,"gold_loss":0},{"cards_removed":["champ:Defend"],"damage_healed":0,"gold_gain":0,"player_choice":"Removed Skill","damage_taken":0,"max_hp_gain":0,"max_hp_loss":0,"event_name":"Falling","floor":39,"gold_loss":0},{"cards_removed":["Flash of Steel"],"damage_healed":0,"gold_gain":0,"player_choice":"Took Card","damage_taken":0,"max_hp_gain":0,"max_hp_loss":0,"event_name":"NoteForYourself","floor":46,"gold_loss":0,"cards_obtained":["Strike_B"]}],"is_beta":false,"boss_relics":[{"not_picked":["Calling Bell","Cursed Key"],"picked":"sneckomod:SneckoTalon"},{"not_picked":["SlaversCollar","Runic Dome"],"picked":"Velvet Choker"}],"items_purged_floors":[14,36,47],"is_endless":false,"potions_floor_spawned":[11,12,13,15,16,19,28,30,31,32,38,42,49,52],"ascension_level":0}}