{"host":"z60ck2mpr6goyib8","time":1608229435,"event":{"mods":["BaseMod","Best Route Mod","Bestiary","Better Third Choice","Block Reminder","Colored Map","Colored Powertips","Googly Eyes","Minty Spire (QoL Compilation)","Quick Restart","Relic Stats","Slay-I","StSLib","everything is the same but u backflip on backflip"],"gold_per_floor":[109,184,38,57,57,92,109,109,109,109,119,130,140,167,167,167,167],"floor_reached":16,"playtime":598,"items_purged":["Strike_R"],"score":206,"play_id":"7931fcac-5490-4f3b-9a4a-76f802700856","local_time":"20201217182355","is_ascension_mode":true,"campfire_choices":[{"data":"Infernal Blade","floor":8,"key":"SMITH"},{"floor":15,"key":"REST"}],"circlet_count":0,"master_deck":["AscendersBane","Strike_R","Strike_R","Strike_R","Strike_R","Defend_R","Defend_R","Defend_R","Defend_R","Bash","Shrug It Off","Rage","Infernal Blade+1","Twin Strike","Intimidate","Immolate","Disarm","True Grit","Flex"],"relics":["Burning Blood","NeowsBlessing","Pear","Pantograph","Lantern"],"acts_visited":["Exordium"],"potions_floor_usage":[14,16],"damage_taken":[{"damage":0,"enemies":"2 Louse","floor":1,"turns":1},{"damage":0,"enemies":"Small Slimes","floor":4,"turns":1},{"damage":0,"enemies":"Gremlin Nob","floor":6,"turns":1},{"damage":20,"enemies":"Cultist","floor":7,"turns":5},{"damage":22,"enemies":"Large Slime","floor":11,"turns":7},{"damage":8,"enemies":"2 Fungi Beasts","floor":12,"turns":3},{"damage":11,"enemies":"Looter","floor":13,"turns":2},{"damage":41,"enemies":"Lagavulin","floor":14,"turns":7},{"damage":47,"enemies":"The Guardian","floor":16,"turns":13}],"seed_played":"-3598048137424436985","potions_obtained":[{"floor":1,"key":"Weak Potion"},{"floor":7,"key":"ColorlessPotion"},{"floor":12,"key":"Weak Potion"}],"is_trial":false,"path_per_floor":["M","?","$","M","?","E","M","R","T","?","M","M","M","E","R","B"],"character_chosen":"IRONCLAD","items_purchased":["Rage"],"campfire_rested":1,"item_purchase_floors":[3],"current_hp_per_floor":[78,67,67,73,73,89,75,75,75,75,59,57,52,17,44,22,22],"gold":167,"neow_bonus":"THREE_ENEMY_KILL","is_daily":false,"chose_seed":false,"campfire_upgraded":1,"win_rate":0.0,"timestamp":1608229435,"path_taken":["M","?","$","M","?","E","M","R","T","?","M","M","?","E","R","BOSS"],"items_purchased_type":["Card"],"build_version":"2020-12-13","purchased_purges":1,"victory":false,"max_hp_per_floor":[80,80,80,80,80,90,90,90,90,90,90,90,90,90,90,90,90],"relic_stats":{"counters":[9,40],"Pantograph":25,"obtain_stats":[{"Lantern":14,"Pear":6,"NeowsBlessing":0,"Pantograph":9,"Burning Blood":0},{"Lantern":8,"Pear":3,"NeowsBlessing":0,"Pantograph":4,"Burning Blood":0},{"Lantern":27,"Pear":3,"NeowsBlessing":0,"Pantograph":8,"Burning Blood":0}],"Burning Blood":48},"card_choices":[{"not_picked":["Power Through","Anger"],"picked":"Shrug It Off","floor":1},{"not_picked":["Twin Strike","Armaments"],"picked":"Infernal Blade","floor":4},{"not_picked":["Havoc","Clothesline"],"picked":"Twin Strike","floor":6},{"not_picked":["Evolve","Pommel Strike"],"picked":"Intimidate","floor":7},{"not_picked":["Cleave","Pommel Strike"],"picked":"Immolate","floor":11},{"not_picked":["Pommel Strike","Wild Strike"],"picked":"Disarm","floor":12},{"not_picked":["Burning Pact","Rampage"],"picked":"True Grit","floor":13},{"not_picked":["Sword Boomerang","Body Slam"],"picked":"Flex","floor":14}],"player_experience":495356,"relics_obtained":[{"floor":6,"key":"Pear"},{"floor":9,"key":"Pantograph"},{"floor":14,"key":"Lantern"}],"event_choices":[{"damage_healed":0,"gold_gain":75,"player_choice":"Gold","damage_taken":11,"max_hp_gain":0,"max_hp_loss":0,"event_name":"betterThird:BetterGoop","floor":2,"gold_loss":0},{"damage_healed":0,"gold_gain":0,"player_choice":"Ignored","damage_taken":57,"max_hp_gain":0,"max_hp_loss":0,"event_name":"betterThird:BetterSerpent","floor":5,"gold_loss":0},{"damage_healed":0,"gold_gain":0,"player_choice":"Bought 0 Potions","damage_taken":0,"max_hp_gain":0,"max_hp_loss":0,"event_name":"The Woman in Blue","floor":10,"gold_loss":0}],"is_beta":false,"boss_relics":[],"items_purged_floors":[3],"is_endless":false,"potions_floor_spawned":[1,7,12],"killed_by":"The Guardian","ascension_level":10}}