{"host":"lhth1efayex2023z","time":1608248391,"event":{"mods":["BaseMod","Colored Map","Googly Eyes","Minty Spire (QoL Compilation)","StSLib"],"gold_per_floor":[129,188,240,279,312,337,46,81,81,109,146,67,67,98,98,220,220,205,55,65,85,85],"floor_reached":21,"playtime":956,"items_purged":[],"score":312,"play_id":"f9038080-2491-4233-aba9-696988212fb5","local_time":"20201217163951","is_ascension_mode":true,"campfire_choices":[{"floor":13,"key":"REST"},{"floor":15,"key":"REST"}],"circlet_count":0,"master_deck":["AscendersBane","Strike_B","Strike_B","Strike_B+1","Strike_B+1","Defend_B","Defend_B","Defend_B","Defend_B","Zap","Dualcast","HandOfGreed","Undo","Ball Lightning","Conserve Battery","Beam Cell","Loop","Streamline","Static Discharge","Static Discharge","Lockon","Storm","Defragment","Amplify","CurseOfTheBell","Storm","Loop+1","Self Repair","Self Repair"],"relics":["Cracked Core","Prayer Wheel","Matryoshka","Pen Nib","Ancient Tea Set","Whetstone","Calling Bell","Dream Catcher","InkBottle","StoneCalendar","Bag of Preparation"],"acts_visited":["Exordium","TheCity"],"potions_floor_usage":[6,10,16,20,21],"damage_taken":[{"damage":1.0,"enemies":"Cultist","floor":1.0,"turns":3.0},{"damage":7.0,"enemies":"Small Slimes","floor":2.0,"turns":5.0},{"damage":1,"enemies":"2 Louse","floor":3,"turns":3},{"damage":10,"enemies":"Lots of Slimes","floor":4,"turns":5},{"damage":3,"enemies":"Blue Slaver","floor":5,"turns":3},{"damage":10,"enemies":"3 Sentries","floor":6,"turns":7},{"damage":6,"enemies":"Exordium Thugs","floor":8,"turns":4},{"damage":13,"enemies":"Gremlin Nob","floor":10,"turns":3},{"damage":9,"enemies":"2 Fungi Beasts","floor":11,"turns":5},{"damage":0,"enemies":"Looter","floor":14,"turns":2},{"damage":26,"enemies":"The Guardian","floor":16,"turns":8},{"damage":26,"enemies":"2 Thieves","floor":18,"turns":4},{"damage":0,"enemies":"Spheric Guardian","floor":20,"turns":2},{"damage":37,"enemies":"Shelled Parasite and Fungi","floor":21,"turns":4}],"seed_played":"-6209589036956422479","potions_obtained":[{"floor":1.0,"key":"DistilledChaos"},{"floor":4,"key":"AttackPotion"},{"floor":8,"key":"Ancient Potion"},{"floor":14,"key":"EssenceOfSteel"},{"floor":18,"key":"PowerPotion"}],"is_trial":false,"path_per_floor":["M","M","M","M","M","E","$","M","T","E","M","$","R","M","R","B",null,"M","$","M","M"],"character_chosen":"DEFECT","items_purchased":["Matryoshka","Static Discharge","Defragment","Bag of Preparation"],"campfire_rested":2,"item_purchase_floors":[7,7,12,19],"current_hp_per_floor":[67,60,59,49,46,36,36,30,30,17,8,8,28,28,48,22,57,31,31,31,0,0],"gold":85,"neow_bonus":"RANDOM_COLORLESS_2","is_daily":false,"chose_seed":false,"campfire_upgraded":0,"win_rate":0.0,"timestamp":1608248391,"path_taken":["M","?","M","M","M","E","$","M","T","E","M","$","R","?","R","BOSS","M","$","M","M"],"items_purchased_type":["Relic","Card","Card","Relic"],"build_version":"2020-12-13","purchased_purges":0,"victory":false,"max_hp_per_floor":[68,68,68,68,68,68,68,68,68,68,68,68,68,68,68,68,68,68,68,68,68,68],"card_choices":[{"not_picked":["Mayhem","Transmutation"],"picked":"HandOfGreed","floor":0.0},{"not_picked":["Leap","Turbo"],"picked":"Undo","floor":1.0},{"not_picked":["Redo","Go for the Eyes"],"picked":"Ball Lightning","floor":2.0},{"not_picked":["Steam Power","Recycle"],"picked":"Conserve Battery","floor":3},{"not_picked":["Compile Driver","Stack"],"picked":"Beam Cell","floor":4},{"not_picked":["Streamline","Rip and Tear"],"picked":"Loop","floor":5},{"not_picked":["Steam","BootSequence"],"picked":"Streamline","floor":6},{"not_picked":["Chaos","Compile Driver"],"picked":"Static Discharge","floor":8},{"not_picked":["Gash","Beam Cell","Double Energy"],"picked":"SKIP","floor":8},{"not_picked":["Darkness","Chaos"],"picked":"Lockon","floor":10},{"not_picked":["Self Repair","Reboot"],"picked":"Storm","floor":11},{"not_picked":["Rebound","Hello World","Go for the Eyes"],"picked":"SKIP","floor":11},{"not_picked":["Compile Driver","Gash","Lockon"],"picked":"SKIP","floor":14},{"not_picked":["Ball Lightning","Undo","Lockon"],"picked":"SKIP","floor":14},{"not_picked":["Buffer","Core Surge"],"picked":"Amplify","floor":16},{"not_picked":["Steam","Stack"],"picked":"Storm","floor":18},{"not_picked":["Sunder","Self Repair"],"picked":"Loop+1","floor":18},{"not_picked":["Barrage","Beam Cell+1"],"picked":"Self Repair","floor":20},{"not_picked":["Stack","Go for the Eyes"],"picked":"Self Repair","floor":20}],"player_experience":363324,"relics_obtained":[{"floor":6,"key":"Prayer Wheel"},{"floor":9,"key":"Pen Nib"},{"floor":9,"key":"Ancient Tea Set"},{"floor":10,"key":"Whetstone"},{"floor":17,"key":"Dream Catcher"},{"floor":17,"key":"InkBottle"},{"floor":17,"key":"StoneCalendar"}],"event_choices":[],"is_beta":false,"boss_relics":[{"not_picked":["Astrolabe","Pandora\u0027s Box"],"picked":"Calling Bell"}],"items_purged_floors":[],"is_endless":false,"potions_floor_spawned":[1,4,8,14,18],"killed_by":"Shelled Parasite and Fungi","ascension_level":12}}