{"host":"ormi09wwzv7sq47a","time":1608208667,"event":{"mods":["2.2 Compatiblity","AchievementEnabler","Act Like it!","BaseMod","Better Note","Better Skull","Better Vampires","Colored Map","Colored Powertips","DeckTracker","Downfall","Highlight Path","Minty Spire (QoL Compilation)","Permanent Neow","Quick Restart","Rare Cards Sparkle","Relic Stats","StSLib","The Jungle"],"gold_per_floor":[99,99,99,114,114,143,143,143,175,175,18,29,29,29,46,46,46],"floor_reached":16,"playtime":692,"items_purged":["champ:Defend"],"score":117,"play_id":"72a67fb1-e8b1-448f-8b4c-d4b53a334dc1","local_time":"20201217103747","is_ascension_mode":true,"campfire_choices":[{"data":"champ:Execute","floor":1,"key":"SMITH"},{"data":"champ:Taunt","floor":5,"key":"SMITH"},{"data":"champ:ShieldWall","floor":8,"key":"SMITH"},{"data":"champ:EnGarde","floor":10,"key":"SMITH"}],"circlet_count":0,"master_deck":["champ:Strike+1","champ:Strike+1","champ:Defend","champ:Defend","champ:Execute+1","champ:Taunt+1","champ:FocusedBerserking","champ:ShieldWall+1","champ:EnGarde+1","champ:AdrenalArmor","Finesse","champ:EnragedBash"],"relics":["champ:ChampionCrown","downfall:BrokenWingStatue","Pantograph","Smiling Mask","Whetstone","Singing Bowl","champ:LiftRelic"],"acts_visited":["Exordium"],"potions_floor_usage":[6,11],"damage_taken":[{"damage":7,"enemies":"2 Louse","floor":4,"turns":3},{"damage":61,"enemies":"Lagavulin","floor":6,"turns":5},{"damage":45,"enemies":"Gremlin Nob","floor":9,"turns":4},{"damage":13,"enemies":"downfall:FleeingMerchant","floor":11,"turns":4},{"damage":14,"enemies":"Small Slimes","floor":12,"turns":3},{"damage":7,"enemies":"Jaw Worm","floor":15,"turns":3},{"damage":73,"enemies":"downfall:Ironclad","floor":16,"turns":7}],"seed_played":"-2070486292374432711","potions_obtained":[{"floor":4,"key":"Slimebound:ThreeZeroPotion"},{"floor":9,"key":"AttackPotion"},{"floor":15,"key":"LiquidBronze"}],"is_trial":false,"path_per_floor":["R","?","?","M","R","E","T","R","E","R","$","M","?","?","M","B"],"character_chosen":"THE_CHAMP","items_purchased":["Finesse"],"campfire_rested":0,"item_purchase_floors":[11],"current_hp_per_floor":[81,81,81,79,79,63,63,63,33,33,30,32,29,29,26,0,0],"gold":46,"neow_bonus":"REMOVE_TWO","is_daily":false,"chose_seed":false,"campfire_upgraded":4,"win_rate":0.0,"timestamp":1608208667,"path_taken":["R","?","?","M","R","E","T","R","E","R","$","M","?","?","M","BOSS"],"items_purchased_type":["Card"],"build_version":"2020-12-13","purchased_purges":1,"victory":false,"max_hp_per_floor":[81,81,81,81,81,81,81,81,81,81,81,81,81,81,83,83,83],"relic_stats":{"Singing Bowl":2,"counters":[7,29],"Pantograph":25,"Whetstone":["champ:Strike","champ:Strike"],"Smiling Mask":25,"obtain_stats":[{"downfall:BrokenWingStatue":3,"Singing Bowl":13,"Pantograph":6,"champ:LiftRelic":14,"champ:ChampionCrown":0,"Whetstone":9,"Smiling Mask":7},{"downfall:BrokenWingStatue":0,"Singing Bowl":5,"Pantograph":2,"champ:LiftRelic":5,"champ:ChampionCrown":0,"Whetstone":3,"Smiling Mask":2},{"downfall:BrokenWingStatue":0,"Singing Bowl":19,"Pantograph":8,"champ:LiftRelic":19,"champ:ChampionCrown":0,"Whetstone":12,"Smiling Mask":8}]},"card_choices":[{"not_picked":["champ:DefensiveStyle","champ:FalseCounter"],"picked":"champ:FocusedBerserking","floor":4},{"not_picked":["champ:GutPunch","champ:Haymaker"],"picked":"champ:ShieldWall","floor":6},{"not_picked":["champ:Haymaker","champ:StanceDance"],"picked":"champ:EnGarde","floor":9},{"not_picked":["champ:Encircle","champ:RageSigil"],"picked":"champ:AdrenalArmor","floor":11},{"not_picked":["champ:Backstep","champ:FaceSlap"],"picked":"champ:EnragedBash","floor":12},{"not_picked":["champ:BringItOn","champ:HeartStrike","champ:GutPunch"],"picked":"Singing Bowl","floor":15}],"player_experience":697845,"relics_obtained":[{"floor":6,"key":"Pantograph"},{"floor":7,"key":"Smiling Mask"},{"floor":9,"key":"Whetstone"}],"event_choices":[{"damage_healed":0,"gold_gain":0,"player_choice":"Success","damage_taken":3,"relics_obtained":["Singing Bowl"],"max_hp_gain":0,"max_hp_loss":0,"event_name":"Scrap Ooze","floor":13,"gold_loss":0}],"is_beta":false,"boss_relics":[],"items_purged_floors":[11],"is_endless":false,"potions_floor_spawned":[4,9,15],"killed_by":"downfall:Ironclad","ascension_level":2}}