{"host":"8xp52u5o8fcssvzz","time":1608229873,"event":{"mods":["2.2 Compatiblity","AchievementEnabler","Act Like it!","Aspiration","BaseMod","Better Altar","Better Match","Better Note","Better Sensory Stone","Better Skull","Better Third Choice","BetterRewards","Colored Map","Conspire","Downfall","Gensokyo","GifTheSpireLib","Googly Eyes","Halation","Hallownest","Highlight Path","Hubris","Infinite Spire","Jorbs\u0027s Wanderer Trilogy","Koishi","Lobotomy","LobotomyExtend","Marisa????????","Menagerie","Mimic Mod","Minty Spire (QoL Compilation)","Reimu??????","Remilia??????","Replay The Spire","Shade Mod","Spicy Shops","StSLib","Stuff the Spire","The Administrix","The Blackbeard","The Bladedancer","The Construct","The Cursed","The Gatherer","The Necromancer","The Runesmith","The Servant 0.9.4","TheFirefly","TheSwordswoman","Unceasing Turn Reminder","everything is the same but u backflip on backflip"],"gold_per_floor":[209,64,64,64,79,112,130,55,106,119,119,119,135,155,155,257,257,275,375,388,216,216,216,226,226,226,243,243,243,168,193,193,295,295,311,311,311],"floor_reached":36,"playtime":1913,"items_purged":["Shade:Strike_Shade","Shade:Strike_Shade"],"score":457,"play_id":"967844d4-158c-4145-b9d8-efa28979fbc6","local_time":"20201217103113","is_ascension_mode":false,"campfire_choices":[{"data":"Shade:AuraOfUnlife","floor":12.0,"key":"SMITH"},{"data":"hubris:Fate","floor":15.0,"key":"SMITH"},{"data":"Shade:AuraOfUnlife","floor":23.0,"key":"SMITH"},{"data":"Shade:GreaterAnimation","floor":28.0,"key":"SMITH"},{"data":"Shade:SkeletonArmy","floor":32.0,"key":"SMITH"}],"circlet_count":0,"master_deck":["Shade:Strike_Shade","Shade:Strike_Shade","Shade:Defend_Shade","Shade:Defend_Shade","Shade:Defend_Shade","Shade:Defend_Shade","Shade:AnimateDead","Shade:CommandSoldier","hubris:Fate+1","Shade:Bite_Shade","Shade:SkeletonArmy+1","Shade:AuraOfUnlife+1","Shade:FuneraryArmor","Shade:GreaterAnimation+1","Shade:OpenGraves+1","Shade:SanguineRitual+1","Shade:AuraOfUnlife+1","Shade:FleshLikeOak+1","Deep Breath+1","Shade:FuneraryArmor+1","Shade:BoneShards+1"],"relics":["Shade:YorickSkull","LetterFromLob","hubris:SlimyHat","Gensokyo:Mercy","Mango","ReplayTheSpireMod:Lightbulb","Gensokyo:NagashiBinaDoll","conspire:RoyalGoblet","halation:VictoryRuler","StuffTheSpire:NeowsTribute","Replay:Rubber Ducky","infinitespire:Broken Mirror","MealTicket","StrikeDummy","Black Star","Heaven_r"],"acts_visited":["Exordium","Gensokyo:Gensokyo","TheBeyond"],"potions_floor_usage":[36],"damage_taken":[{"damage":0.0,"enemies":"Gensokyo:3_Fairies","floor":1.0,"turns":5.0},{"damage":0.0,"enemies":"Gensokyo:Python","floor":5.0,"turns":3.0},{"damage":6.0,"enemies":"Gensokyo:Cirno","floor":6.0,"turns":7.0},{"damage":0.0,"enemies":"Gensokyo:Gryphon","floor":7.0,"turns":4.0},{"damage":4.0,"enemies":"Gensokyo:VengefulSpirit","floor":10.0,"turns":3.0},{"damage":0.0,"enemies":"Gensokyo:Kitsune","floor":13.0,"turns":4.0},{"damage":0.0,"enemies":"Gensokyo:Python_and_Kodama","floor":14.0,"turns":3.0},{"damage":0.0,"enemies":"Gensokyo:Yukari","floor":16.0,"turns":11.0},{"damage":0.0,"enemies":"Gensokyo:AngelMirror","floor":18.0,"turns":3.0},{"damage":23.0,"enemies":"Gensokyo:AngelMirror","floor":19.0,"turns":8.0},{"damage":0.0,"enemies":"Gensokyo:Chomper","floor":20.0,"turns":4.0},{"damage":15.0,"enemies":"Gensokyo:Wraith","floor":24.0,"turns":5.0},{"damage":1.0,"enemies":"Gensokyo:Swordslinger","floor":27.0,"turns":3.0},{"damage":2.0,"enemies":"Gensokyo:Tenshi","floor":31.0,"turns":3.0},{"damage":43.0,"enemies":"Gensokyo:Kaguya","floor":33.0,"turns":8.0},{"damage":20,"enemies":"3 Darklings","floor":35,"turns":4},{"damage":7,"enemies":"3 Darklings","floor":36,"turns":3},{"damage":105,"enemies":"3 Darklings","floor":36,"turns":3}],"seed_played":"7777700348843318183","potions_obtained":[{"floor":5.0,"key":"Languid Potion"},{"floor":7.0,"key":"Reflective Coating"},{"floor":10.0,"key":"LifebloodPotion"},{"floor":13.0,"key":"PowerPotion"},{"floor":27.0,"key":"LiquidBronze"},{"floor":35,"key":"sneckomod:MuddlingPotion"}],"is_trial":false,"path_per_floor":["M","$","?","?","M","E","M","$","T","M","?","R","M","M","R","B",null,"M","?","M","$","?","R","M","?","T","M","R","T","?","E","R","B",null,"M","?"],"character_chosen":"SHADE","items_purchased":["hubris:SlimyHat","Replay:Rubber Ducky"],"campfire_rested":0,"item_purchase_floors":[2,21],"current_hp_per_floor":[65,65,65,49,49,69,73,73,73,71,71,71,75,75,75,79,79,79,60,60,60,60,60,64,64,64,63,63,63,63,63,63,22,79,59,0,0],"gold":311,"neow_bonus":"HUNDRED_GOLD","is_daily":false,"chose_seed":false,"campfire_upgraded":5,"win_rate":0.0,"timestamp":1608229873,"path_taken":["M","$","?","?","M","E","M","$","T","M","?","R","M","M","R","BOSS","M","?","M","$","?","R","M","?","T","M","R","?","?","E","R","BOSS","M","?"],"items_purchased_type":["Relic","Relic"],"build_version":"2020-12-13","purchased_purges":2,"victory":false,"max_hp_per_floor":[65,65,65,65,65,79,79,79,79,79,79,79,79,79,79,79,79,79,79,79,79,79,79,79,79,79,79,79,79,79,79,79,79,79,79,79,79],"card_choices":[{"not_picked":["Shade:Trample","Shade:SoulToxin"],"picked":"Shade:CommandSoldier","floor":1.0},{"not_picked":["infinitespire:Oblivion","infinitespire:DeathsTouch"],"picked":"hubris:Fate","floor":4.0},{"not_picked":["Shade:GreyBargain","Shade:Premonition"],"picked":"Shade:Bite_Shade","floor":5.0},{"not_picked":["Shade:TouchOfTheGrave","Shade:RavenousHorde"],"picked":"Shade:SkeletonArmy","floor":6.0},{"not_picked":["Shade:AncientSpear","Shade:Carnophage"],"picked":"Shade:AuraOfUnlife","floor":7.0},{"not_picked":["Shade:Patience","Shade:Asphyxiate","Shade:FuneraryArmor"],"picked":"SKIP","floor":10.0},{"not_picked":["Shade:AncientSpear","Shade:Putrefaction","Shade:SoulToxin"],"picked":"SKIP","floor":13.0},{"not_picked":["Shade:Asphyxiate","Shade:Trample"],"picked":"Shade:FuneraryArmor","floor":14.0},{"not_picked":["Shade:Tombstone","Shade:LastGasp"],"picked":"Shade:GreaterAnimation","floor":16.0},{"not_picked":["Shade:FleshLikeOak","Shade:Haruspicy+1","Shade:FuneraryArmor"],"picked":"SKIP","floor":18.0},{"not_picked":["Shade:Trample","Shade:CoffinDance"],"picked":"Shade:OpenGraves+1","floor":19.0},{"not_picked":["Shade:RitualOffering","Shade:Awaken"],"picked":"Shade:SanguineRitual+1","floor":20.0},{"not_picked":["Shade:CoffinDance","Shade:RavenousHorde"],"picked":"Shade:FleshLikeOak+1","floor":24.0},{"not_picked":["Shade:ClawBack","Shade:Trample","Shade:WallOfFlesh"],"picked":"SKIP","floor":27.0},{"not_picked":["expansioncontent:DefensiveStance+1","expansioncontent:Torchfire+1"],"picked":"Deep Breath+1","floor":30.0},{"not_picked":["Shade:SoulToxin","Shade:ScuttlingHand+1"],"picked":"Shade:FuneraryArmor+1","floor":31.0},{"not_picked":["Shade:CallWraith+1","Shade:Trample+1"],"picked":"Shade:BoneShards+1","floor":35}],"player_experience":441539,"relics_obtained":[{"floor":1.0,"key":"LetterFromLob"},{"floor":6.0,"key":"Mango"},{"floor":9.0,"key":"ReplayTheSpireMod:Lightbulb"},{"floor":19.0,"key":"halation:VictoryRuler"},{"floor":19.0,"key":"StuffTheSpire:NeowsTribute"},{"floor":26.0,"key":"infinitespire:Broken Mirror"},{"floor":29.0,"key":"MealTicket"},{"floor":31.0,"key":"StrikeDummy"}],"event_choices":[{"damage_healed":0.0,"max_hp_gain":0.0,"max_hp_loss":0.0,"gold_gain":0.0,"event_name":"betterMatch:BetterMatch","player_choice":"2","floor":30.0,"gold_loss":0.0,"damage_taken":0.0,"cards_obtained":["betterMatch:ColorlessUncommonCard"]}],"is_beta":false,"boss_relics":[{"not_picked":["halation:LoveArrow","hubris:ScarierMask"],"picked":"conspire:RoyalGoblet"},{"not_picked":["Runic Dome","halation:CatFaceCupcake"],"picked":"Black Star"}],"items_purged_floors":[8,21],"is_endless":true,"potions_floor_spawned":[5,7,10,13,14,19,27,31,35,36],"killed_by":"3 Darklings","ascension_level":0}}