{"host":"oihpulxxofncj7su","time":1608171478,"event":{"mods":["AchievementEnabler","BaseMod","Bestiary","BetterRewards","Colored Powertips","Highlight Path","Minty Spire (QoL Compilation)","Quick Restart","Spicy Shops","StSLib","The Cursed","The Servant 0.9.4"],"gold_per_floor":[117,133,152,177,252,283,283,283,310,310,339,339,357,371,371,471,471,489,516,181,198,218,246,246,246,246,246,264,281,294,323,323,424,424,438,298,312,327,379,412,287,287,287,307,321,349,571,583,583,583,583,583,312,339,339],"floor_reached":56,"playtime":9366,"items_purged":["Strike_S","Strike_S","Strike_S","Defend_S"],"score":1434,"play_id":"01d2173a-12e6-4fd9-acb6-cfbc86c5cc69","local_time":"20201216211758","is_ascension_mode":false,"campfire_choices":[{"floor":7,"key":"REST"},{"floor":10,"key":"REST"},{"data":"Defy","floor":12,"key":"SMITH"},{"data":"Spin","floor":15,"key":"SMITH"},{"floor":27,"key":"RECALL"},{"floor":32,"key":"REST"},{"floor":42,"key":"REST"},{"data":"RealityMarble","floor":49,"key":"SMITH"},{"data":"InstantArmor","floor":52,"key":"SMITH"}],"circlet_count":0,"master_deck":["Defend_S","Defend_S","Defend_S","KidneyShot","Exchange","InstantArmor+1","Spin","Spin+1","Defy+1","Unruled","MoonPhase+1","DoubleEdge","Dilation+1","Defy+1","Apotheosis+1","SilverBlades+1","Unruled","MoonPhase+1","Replace+1","Replace+1","Deny+1","RealityMarble+1","Contraction+1","Defy+1","BottledTime+1","MoonPhase"],"relics":["Uniform","Bronze Scales","Toxic Egg 2","MysterySword","Red Mask","Akabeko","MutagenicStrength","Nloth\u0027s Gift","Bottled Flame","StoneMask","Unceasing Top","FossilizedHelix","Pantograph","Mummified Hand","Nunchaku"],"acts_visited":["Exordium","TheCity","TheBeyond","TheEnding"],"potions_floor_usage":[6,6,16,28,33,33,35,38,39,40,48,50,54,55],"damage_taken":[{"damage":0,"enemies":"Cultist","floor":1,"turns":4},{"damage":0,"enemies":"2 Louse","floor":2,"turns":3},{"damage":0,"enemies":"Jaw Worm","floor":3,"turns":2},{"damage":16,"enemies":"Lagavulin","floor":6,"turns":7},{"damage":17,"enemies":"3 Sentries","floor":11,"turns":6},{"damage":0,"enemies":"Exordium Wildlife","floor":13,"turns":1},{"damage":0,"enemies":"Large Slime","floor":14,"turns":5},{"damage":0,"enemies":"Hexaghost","floor":16,"turns":8},{"damage":0,"enemies":"3 Byrds","floor":18,"turns":3},{"damage":0,"enemies":"Masked Bandits","floor":19,"turns":5},{"damage":0,"enemies":"Chosen","floor":21,"turns":4},{"damage":0,"enemies":"Snake Plant","floor":22,"turns":3},{"damage":14,"enemies":"Gremlin Leader","floor":23,"turns":5},{"damage":0,"enemies":"Chosen and Byrds","floor":28,"turns":3},{"damage":0,"enemies":"Centurion and Healer","floor":29,"turns":5},{"damage":0,"enemies":"3 Cultists","floor":30,"turns":4},{"damage":0,"enemies":"Slavers","floor":31,"turns":1},{"damage":0,"enemies":"Collector","floor":33,"turns":6},{"damage":2,"enemies":"Orb Walker","floor":35,"turns":2},{"damage":0,"enemies":"3 Darklings","floor":37,"turns":7},{"damage":11,"enemies":"Jaw Worm Horde","floor":38,"turns":4},{"damage":22,"enemies":"2 Orb Walkers","floor":39,"turns":3},{"damage":0,"enemies":"Reptomancer","floor":40,"turns":4},{"damage":1,"enemies":"4 Shapes","floor":44,"turns":5},{"damage":0,"enemies":"Transient","floor":45,"turns":5},{"damage":0,"enemies":"Nemesis","floor":46,"turns":7},{"damage":0,"enemies":"Maw","floor":48,"turns":4},{"damage":27,"enemies":"Time Eater","floor":50,"turns":11},{"damage":32,"enemies":"Shield and Spear","floor":54,"turns":7},{"damage":1,"enemies":"The Heart","floor":55,"turns":11}],"seed_played":"-9213966457311971921","potions_obtained":[{"floor":2,"key":"Dexterity Potion"},{"floor":3,"key":"LiquidBronze"},{"floor":11,"key":"BlessingOfTheForge"},{"floor":21,"key":"EssenceOfSteel"},{"floor":28,"key":"Strength Potion"},{"floor":31,"key":"Dexterity Potion"},{"floor":33,"key":"LiquidMemories"},{"floor":35,"key":"FearPotion"},{"floor":38,"key":"Block Potion"},{"floor":39,"key":"AttackPotion"},{"floor":45,"key":"Block Potion"},{"floor":46,"key":"FearPotion"},{"floor":48,"key":"Block Potion"},{"floor":54,"key":"Dexterity Potion"}],"is_trial":false,"path_per_floor":["M","M","M","T","?","E","R","?","T","R","E","R","M","M","R","B",null,"M","?","$","M","M","E","?","?","T","R","M","M","M","E","R","B",null,"M","$","M","M","?","E","$","R","T","M","M","E","?","M","R","B",null,"R","$","E","B",null],"character_chosen":"THE_SERVANT","items_purchased":["Apotheosis+1","SilverBlades+1","RealityMarble","BottledTime+1","MoonPhase"],"campfire_rested":4,"item_purchase_floors":[20,20,36,53,53],"current_hp_per_floor":[71,71,71,71,60,44,65,58,58,71,54,54,54,54,54,54,71,71,71,71,71,71,57,57,57,57,57,57,57,57,57,71,71,71,72,72,73,69,53,56,56,79,79,83,84,85,85,86,86,62,87,87,87,61,88],"gold":339,"neow_bonus":"TEN_PERCENT_HP_BONUS","is_daily":false,"chose_seed":false,"campfire_upgraded":4,"win_rate":0.0,"timestamp":1608171478,"path_taken":["M","M","M","?","?","E","R","?","T","R","E","R","?","M","R","BOSS","M","?","$","M","M","E","?","?","T","R","M","M","M","E","R","BOSS","M","$","?","M","?","E","$","R","T","M","M","E","?","M","R","BOSS","R","$","E","BOSS"],"items_purchased_type":["Card","Card","Card","Card","Card"],"build_version":"2020-12-13","purchased_purges":4,"victory":true,"max_hp_per_floor":[71,71,71,71,71,71,71,71,71,71,71,71,71,71,71,71,71,71,71,71,71,71,71,71,71,71,71,71,71,71,71,71,71,71,72,72,73,76,78,79,79,79,79,83,84,85,85,86,86,87,87,87,87,89,90],"card_choices":[{"not_picked":["Revamp","Shuttle"],"picked":"InstantArmor","floor":1},{"not_picked":["Starlight","SpecialFormula"],"picked":"Spin","floor":2},{"not_picked":["BottledTime","Alleviate"],"picked":"Spin","floor":3},{"not_picked":["Desolation","WasteNot+1"],"picked":"Defy","floor":6},{"not_picked":["Snipe","Reset+1"],"picked":"Unruled","floor":11},{"not_picked":["DualDimension+1","BottledTime+1"],"picked":"MoonPhase+1","floor":13},{"not_picked":["Revamp+1","WasteNot+1"],"picked":"DoubleEdge","floor":14},{"not_picked":["FlawlessForm+1","Initiator"],"picked":"Dilation+1","floor":16},{"not_picked":["Starlight","DoubleEdge+1"],"picked":"Defy+1","floor":18},{"not_picked":["FanOfKnives+1","Potential"],"picked":"Unruled","floor":21},{"not_picked":["StarChef+1","ShatteredReality+1","Revamp+1"],"picked":"SKIP","floor":22},{"not_picked":["StarChef+1","ShiftingGears+1"],"picked":"MoonPhase+1","floor":23},{"not_picked":["FastForward+1","StarChef+1","Rearm+1"],"picked":"SKIP","floor":28},{"not_picked":["PendulumOfEternity","Unruled+1","DoubleEdge"],"picked":"SKIP","floor":29},{"not_picked":["Manipulate+1","BottledTime+1"],"picked":"Replace+1","floor":30},{"not_picked":["Embodiment","FastForward+1"],"picked":"Replace+1","floor":31},{"not_picked":["LightFlow","PendulumOfEternity"],"picked":"Deny+1","floor":33},{"not_picked":["Potential","Ricochet+1","ShatteredReality"],"picked":"SKIP","floor":35},{"not_picked":["Rearm+1","Collapse"],"picked":"Contraction+1","floor":37},{"not_picked":["Spin","FastForward+1","Unruled"],"picked":"SKIP","floor":38},{"not_picked":["Manipulate+1","Snipe+1","SoulSculpture"],"picked":"SKIP","floor":40},{"not_picked":["Starlight+1","Replace+1"],"picked":"Defy+1","floor":44},{"not_picked":["Replace+1","ShatteredReality+1","Spin+1"],"picked":"SKIP","floor":45},{"not_picked":["Rewind+1","Deny+1","SpecialFormula+1"],"picked":"SKIP","floor":46},{"not_picked":["TimeWarp+1","Alleviate+1","Spin"],"picked":"SKIP","floor":48},{"not_picked":["DoubleEdge","Unruled","Reset+1"],"picked":"SKIP","floor":54}],"player_experience":425531,"relics_obtained":[{"floor":4,"key":"Bronze Scales"},{"floor":6,"key":"Frozen Egg 2"},{"floor":11,"key":"Toxic Egg 2"},{"floor":19,"key":"Red Mask"},{"floor":23,"key":"Akabeko"},{"floor":26,"key":"Bottled Flame"},{"floor":39,"key":"Unceasing Top"},{"floor":40,"key":"FossilizedHelix"},{"floor":43,"key":"Pantograph"},{"floor":46,"key":"Mummified Hand"},{"floor":54,"key":"Nunchaku"}],"event_choices":[{"damage_healed":0,"gold_gain":75,"player_choice":"Gather Gold","damage_taken":11,"max_hp_gain":0,"max_hp_loss":0,"event_name":"World of Goop","floor":5,"gold_loss":0},{"cards_removed":["Strike_S"],"damage_healed":0,"gold_gain":0,"player_choice":"Card Removal","damage_taken":7,"max_hp_gain":0,"max_hp_loss":0,"event_name":"Golden Wing","floor":8,"gold_loss":0},{"damage_healed":0,"gold_gain":0,"player_choice":"Fought Bandits","damage_taken":0,"max_hp_gain":0,"max_hp_loss":0,"event_name":"Masked Bandits","floor":19,"gold_loss":0},{"damage_healed":0,"gold_gain":0,"player_choice":"Inject Mutagens","damage_taken":0,"relics_obtained":["MutagenicStrength"],"max_hp_gain":0,"max_hp_loss":0,"event_name":"Drug Dealer","floor":24,"gold_loss":0},{"damage_healed":0,"gold_gain":0,"player_choice":"Traded Relic","damage_taken":0,"relics_obtained":["Nloth\u0027s Gift"],"max_hp_gain":0,"max_hp_loss":0,"event_name":"N\u0027loth","floor":25,"relics_lost":["Frozen Egg 2"],"gold_loss":0},{"damage_healed":0,"gold_gain":0,"player_choice":"Fight","damage_taken":0,"max_hp_gain":0,"max_hp_loss":0,"event_name":"Mysterious Sphere","floor":39,"gold_loss":0},{"damage_healed":0,"gold_gain":222,"player_choice":"Wore Mask","damage_taken":0,"max_hp_gain":0,"max_hp_loss":0,"event_name":"Tomb of Lord Red Mask","floor":47,"gold_loss":0}],"is_beta":false,"boss_relics":[{"not_picked":["Velvet Choker","Tiny House"],"picked":"MysterySword"},{"not_picked":["Pandora\u0027s Box","Runic Dome"],"picked":"StoneMask"}],"items_purged_floors":[20,36,41,53],"is_endless":false,"potions_floor_spawned":[2,3,11,19,21,28,31,33,35,38,39,45,46,48,54],"ascension_level":0}}