{"host":"f5gffvlv6a66yqkd","time":1608220098,"event":{"mods":["2.2 Compatiblity","BaseMod","Colored Map","DeckTracker","Keyboard Shortcuts","Minty Spire (QoL Compilation)","Permanent Neow","Quick Restart","Relic Stats","StSLib","SuperFastMode"],"gold_per_floor":[115,115,129,54,54,54,89,89,116,116,116,129,142,159,159,238,238,250,261,275,275,301,301,351,22,22,68,85,102,102,118,118,194,194,214,214,234,234,456,481,481,511,536,547,583,583,583],"floor_reached":46,"playtime":1813,"items_purged":["Doubt"],"score":960,"play_id":"84bbdb50-eba6-43d4-83d7-18980596ec5a","local_time":"20201218004818","is_ascension_mode":true,"campfire_choices":[{"data":"Eruption","floor":6.0,"key":"SMITH"},{"data":"Omniscience","floor":8.0,"key":"SMITH"},{"floor":10.0,"key":"RECALL"},{"data":"Blasphemy","floor":15.0,"key":"SMITH"},{"data":"Wallop","floor":23.0,"key":"SMITH"},{"floor":30.0,"key":"REST"},{"data":"TalkToTheHand","floor":32.0,"key":"SMITH"},{"data":"MasterReality","floor":41.0,"key":"SMITH"}],"circlet_count":0,"master_deck":["AscendersBane","Strike_P","Strike_P","Defend_P","Eruption+1","Vigilance+1","Conclude","Omniscience+1","Sanctity+1","FlurryOfBlows","EmptyBody","Blasphemy+1","Wish","ClearTheMind+1","Prostrate+1","BowlingBash+1","Wallop+1","Wish","TalkToTheHand+1","MasterReality+1","Halt","Madness","Madness","Brilliance"],"relics":["PureWater","Blue Candle","War Paint","Lizard Tail","Astrolabe","Red Mask","Bag of Preparation","TheAbacus","Dead Branch","Regal Pillow","Sozu","Blood Vial","Potion Belt"],"acts_visited":["Exordium","TheCity","TheBeyond"],"potions_floor_usage":[],"damage_taken":[{"damage":7.0,"enemies":"Jaw Worm","floor":1.0,"turns":3.0},{"damage":0.0,"enemies":"Cultist","floor":3.0,"turns":2.0},{"damage":16.0,"enemies":"Gremlin Nob","floor":7.0,"turns":3.0},{"damage":0.0,"enemies":"Small Slimes","floor":12.0,"turns":2.0},{"damage":0.0,"enemies":"Looter","floor":13.0,"turns":3.0},{"damage":4.0,"enemies":"Large Slime","floor":14.0,"turns":3.0},{"damage":8.0,"enemies":"The Guardian","floor":16.0,"turns":16.0},{"damage":0.0,"enemies":"Spheric Guardian","floor":18.0,"turns":3.0},{"damage":16.0,"enemies":"Chosen","floor":19.0,"turns":7.0},{"damage":18.0,"enemies":"Centurion and Healer","floor":20.0,"turns":6.0},{"damage":2.0,"enemies":"Masked Bandits","floor":22.0,"turns":3.0},{"damage":2.0,"enemies":"Snecko","floor":28.0,"turns":3.0},{"damage":1.0,"enemies":"Cultist and Chosen","floor":29.0,"turns":4.0},{"damage":0.0,"enemies":"3 Cultists","floor":31.0,"turns":3.0},{"damage":2.0,"enemies":"Collector","floor":33.0,"turns":3.0},{"damage":0.0,"enemies":"Orb Walker","floor":35.0,"turns":2.0},{"damage":0.0,"enemies":"3 Shapes","floor":37.0,"turns":1.0},{"damage":19.0,"enemies":"Nemesis","floor":40.0,"turns":6.0},{"damage":36,"enemies":"Giant Head","floor":42,"turns":7},{"damage":23,"enemies":"3 Darklings","floor":44,"turns":4},{"damage":11,"enemies":"Jaw Worm Horde","floor":45,"turns":4},{"damage":9,"enemies":"Writhing Mass","floor":46,"turns":2}],"seed_played":"-6611861057731200361","potions_obtained":[{"floor":1.0,"key":"Dexterity Potion"},{"floor":3.0,"key":"DistilledChaos"},{"floor":16.0,"key":"AttackPotion"},{"floor":19.0,"key":"Ancient Potion"},{"floor":29.0,"key":"Strength Potion"},{"floor":33.0,"key":"Strength Potion"}],"is_trial":false,"path_per_floor":["M","?","M","$","$","R","E","R","T","R","?","M","M","M","R","B",null,"M","M","M","?","?","R","?","$","T","T","M","M","R","M","R","B",null,"M","?","M","?","?","E","R","E","T","M","M","M"],"character_chosen":"WATCHER","items_purchased":["Bag of Preparation","TheAbacus"],"campfire_rested":1,"item_purchase_floors":[25,25],"current_hp_per_floor":[54,54,54,54,54,54,38,38,38,38,27,27,27,23,23,15,55,55,39,21,21,19,19,19,19,19,19,17,16,51,51,51,49,63,63,51,51,51,51,32,32,34,34,13,4,0,0],"gold":583,"neow_bonus":"TRANSFORM_TWO_CARDS","is_daily":false,"chose_seed":false,"campfire_upgraded":6,"win_rate":0.0,"timestamp":1608220098,"path_taken":["M","?","M","?","$","R","E","R","T","R","?","M","M","?","R","BOSS","M","?","M","?","?","R","?","$","T","?","M","M","R","M","R","BOSS","M","?","M","?","?","E","R","E","T","M","?","M"],"items_purchased_type":["Relic","Relic"],"build_version":"2020-12-13","purchased_purges":1,"victory":false,"max_hp_per_floor":[68,68,68,68,68,68,68,68,68,68,68,68,68,68,68,68,68,68,68,68,68,68,68,68,68,68,68,68,68,68,68,68,68,68,68,68,68,68,68,68,68,68,68,68,68,68,68],"relic_stats":{"Sozu":2,"Blood Vial":8,"Lizard Tail":34,"Regal Pillow":15,"TheAbacus":[42],"counters":[22,90],"Blue Candle":[0],"Astrolabe":["ClearTheMind","Prostrate","BowlingBash"],"Dead Branch":[77],"Bag of Preparation":[22],"War Paint":["Vigilance","Sanctity"],"obtain_stats":[{"Potion Belt":42,"Regal Pillow":27,"Blue Candle":7,"Astrolabe":17,"Dead Branch":26,"Bag of Preparation":25,"War Paint":9,"Sozu":34,"Blood Vial":40,"Lizard Tail":11,"TheAbacus":25,"Red Mask":22,"PureWater":0},{"Potion Belt":19,"Regal Pillow":11,"Blue Candle":3,"Astrolabe":7,"Dead Branch":11,"Bag of Preparation":11,"War Paint":3,"Sozu":15,"Blood Vial":18,"Lizard Tail":3,"TheAbacus":11,"Red Mask":11,"PureWater":0},{"Potion Belt":80,"Regal Pillow":51,"Blue Candle":8,"Astrolabe":32,"Dead Branch":51,"Bag of Preparation":51,"War Paint":8,"Sozu":64,"Blood Vial":73,"Lizard Tail":8,"TheAbacus":51,"Red Mask":51,"PureWater":0}]},"card_choices":[{"not_picked":["Halt","Crescendo"],"picked":"Sanctity","floor":1.0},{"not_picked":["Evaluate","BowlingBash","FollowUp"],"picked":"SKIP","floor":3.0},{"not_picked":["Indignation","SashWhip"],"picked":"FlurryOfBlows","floor":7.0},{"not_picked":["JustLucky","Evaluate"],"picked":"EmptyBody","floor":12.0},{"not_picked":["EmptyFist","Blasphemy","EmptyBody"],"picked":"SKIP","floor":13.0},{"not_picked":["EmptyFist","EmptyBody"],"picked":"Blasphemy","floor":13.0},{"not_picked":["FlyingSleeves","FlurryOfBlows","Collect"],"picked":"SKIP","floor":14.0},{"not_picked":["DevaForm","Alpha"],"picked":"Wish","floor":16.0},{"not_picked":["FollowUp+1","Tantrum"],"picked":"Wallop","floor":18.0},{"not_picked":["EmptyFist","CarveReality","JustLucky"],"picked":"SKIP","floor":19.0},{"not_picked":["SashWhip","Crescendo","SignatureMove"],"picked":"SKIP","floor":20.0},{"not_picked":["SashWhip","Crescendo","SignatureMove"],"picked":"SKIP","floor":20.0},{"not_picked":["Crescendo","CrushJoints"],"picked":"Indignation","floor":22.0},{"not_picked":["Vengeance","EmptyFist","SandsOfTime"],"picked":"SKIP","floor":28.0},{"not_picked":["CutThroughFate","Prostrate"],"picked":"Wish","floor":29.0},{"not_picked":["CutThroughFate","Protect+1"],"picked":"TalkToTheHand","floor":31.0},{"not_picked":["SpiritShield","DeusExMachina"],"picked":"MasterReality","floor":33.0},{"not_picked":["SashWhip+1","CrushJoints"],"picked":"Halt","floor":35.0},{"not_picked":["EmptyFist+1","JustLucky","Protect"],"picked":"SKIP","floor":37.0},{"not_picked":["LessonLearned","WindmillStrike","Protect"],"picked":"SKIP","floor":40.0},{"not_picked":["PathToVictory","BowlingBash"],"picked":"Brilliance","floor":42},{"not_picked":["Crescendo+1","FlyingSleeves","Prostrate"],"picked":"SKIP","floor":44},{"not_picked":["CarveReality","Weave+1","Consecrate+1"],"picked":"SKIP","floor":45}],"player_experience":1454446,"relics_obtained":[{"floor":7.0,"key":"Blue Candle"},{"floor":9.0,"key":"War Paint"},{"floor":22.0,"key":"Red Mask"},{"floor":26.0,"key":"Dead Branch"},{"floor":27.0,"key":"Regal Pillow"},{"floor":40.0,"key":"Blood Vial"},{"floor":42,"key":"Potion Belt"}],"event_choices":[{"damage_healed":0.0,"max_hp_gain":0.0,"max_hp_loss":0.0,"gold_gain":0.0,"event_name":"Liars Game","player_choice":"Ignored","floor":2.0,"gold_loss":0.0,"damage_taken":0.0},{"damage_healed":0.0,"max_hp_gain":0.0,"max_hp_loss":0.0,"gold_gain":0.0,"event_name":"Scrap Ooze","player_choice":"Success","floor":11.0,"gold_loss":0.0,"damage_taken":11.0,"relics_obtained":["Lizard Tail"]},{"damage_healed":0.0,"max_hp_gain":0.0,"max_hp_loss":0.0,"gold_gain":0.0,"event_name":"The Mausoleum","player_choice":"Ignored","floor":21.0,"gold_loss":0.0,"damage_taken":0.0},{"damage_healed":0.0,"max_hp_gain":0.0,"max_hp_loss":0.0,"gold_gain":0.0,"event_name":"Masked Bandits","player_choice":"Fought Bandits","floor":22.0,"gold_loss":0.0,"damage_taken":0.0},{"damage_healed":0.0,"max_hp_gain":0.0,"max_hp_loss":0.0,"gold_gain":50.0,"event_name":"Nest","player_choice":"Stole From Cult","floor":24.0,"gold_loss":0.0,"damage_taken":0.0},{"damage_healed":0.0,"max_hp_gain":0.0,"max_hp_loss":0.0,"gold_gain":0.0,"event_name":"Winding Halls","player_choice":"Embrace Madness","floor":36.0,"gold_loss":0.0,"damage_taken":12.0,"cards_obtained":["Madness","Madness"]},{"cards_removed":["Indignation"],"damage_healed":0.0,"max_hp_gain":0.0,"max_hp_loss":0.0,"gold_gain":0.0,"event_name":"Falling","player_choice":"Removed Skill","floor":38.0,"gold_loss":0.0,"damage_taken":0.0},{"damage_healed":0.0,"max_hp_gain":0.0,"max_hp_loss":0.0,"gold_gain":222.0,"event_name":"Tomb of Lord Red Mask","player_choice":"Wore Mask","floor":39.0,"gold_loss":0.0,"damage_taken":0.0}],"is_beta":false,"boss_relics":[{"not_picked":["Cursed Key","Tiny House"],"picked":"Astrolabe"},{"not_picked":["Black Star","SlaversCollar"],"picked":"Sozu"}],"items_purged_floors":[4],"is_endless":false,"potions_floor_spawned":[1,3,16,19,29,33,35,44],"killed_by":"Writhing Mass","ascension_level":20}}