{"host":"zrerxgu8lagrk16e","time":1608225176,"event":{"mods":["AchievementEnabler","BaseMod","Better Altar","Better Match","Better Note","Better Sensory Stone","Better Skull","Better Third Choice","Colored Map","Colored Powertips","Downfall","Minty Spire (QoL Compilation)","Permanent Neow","Quick Restart","Relic Stats","StSLib","Waifu the Spire","slay the spire mod where everything is the same but ironclad has a cowboy hat"],"gold_per_floor":[99,161,161,173,273,293,293,322,19,53,69,19,30,15,26,26,26],"floor_reached":16,"playtime":1152,"items_purged":[],"score":135,"play_id":"bb05024e-c00a-4c33-b3be-bbee1ad31faf","local_time":"20201217121256","is_ascension_mode":false,"campfire_choices":[{"data":"hexamod:Sear","floor":1,"key":"SMITH"}],"circlet_count":0,"master_deck":["hexamod:Strike+1","hexamod:Strike","hexamod:Strike+1","hexamod:Strike","hexamod:Defend+1","hexamod:Defend+1","hexamod:Defend","hexamod:Defend","hexamod:Sear+1","hexamod:Float","hexamod:SixthSeal","hexamod:SkipABeat","hexamod:NightmareStrike+1","hexamod:CrushingStance","hexamod:FirstSeal","hexamod:FourthSeal","hexamod:BurningTouch","hexamod:PhantomFireball","hexamod:GhostLash","hexamod:ThirdSeal","hexamod:InspiringFlames","hexamod:SkipABeat","hexamod:HauntingEcho","hexamod:HeatMetal","hexamod:PhantomFireball","hexamod:UnleashSpirits"],"relics":["hexamod:SpiritBrand","StrikeDummy","Eternal Feather","hexamod:InflammatoryLetter","WingedGreaves","Strawberry","Darkstone Periapt"],"acts_visited":["Exordium"],"potions_floor_usage":[8,9,13,16,16],"damage_taken":[{"damage":14,"enemies":"Gremlin Nob","floor":2,"turns":4},{"damage":1,"enemies":"2 Louse","floor":4,"turns":3},{"damage":7,"enemies":"Jaw Worm","floor":6,"turns":3},{"damage":12,"enemies":"Lagavulin","floor":8,"turns":6},{"damage":0,"enemies":"downfall:FleeingMerchant","floor":9,"turns":4},{"damage":5,"enemies":"3 Sentries","floor":10,"turns":5},{"damage":0,"enemies":"Small Slimes","floor":11,"turns":2},{"damage":9,"enemies":"downfall:FleeingMerchant","floor":12,"turns":4},{"damage":10,"enemies":"Exordium Thugs","floor":13,"turns":4},{"damage":20,"enemies":"downfall:FleeingMerchant","floor":14,"turns":4},{"damage":2,"enemies":"Red Slaver","floor":15,"turns":4},{"damage":18,"enemies":"downfall:Defect","floor":16,"turns":4}],"seed_played":"7229172437535889542","potions_obtained":[{"floor":6,"key":"SneckoOil"},{"floor":8,"key":"Fruit Juice"},{"floor":13,"key":"Fruit Juice"},{"floor":15,"key":"Energy Potion"},{"floor":15,"key":"AttackPotion"}],"is_trial":false,"path_per_floor":["R","?","T","M","?","M","T","E","$","E","M","$","M","$","M","B"],"character_chosen":"THE_SPIRIT","items_purchased":["hexamod:BurningTouch","hexamod:PhantomFireball","Strawberry","hexamod:SkipABeat"],"campfire_rested":0,"item_purchase_floors":[9,9,9,12],"current_hp_per_floor":[49,35,35,34,34,27,27,20,34,36,36,27,29,9,7,0,0],"gold":26,"neow_bonus":"THREE_RARE_CARDS","is_daily":false,"chose_seed":false,"campfire_upgraded":1,"win_rate":0.0,"timestamp":1608225176,"path_taken":["R","?","?","M","?","M","T","E","?","E","?","$","M","$","M","BOSS"],"items_purchased_type":["Card","Card","Relic","Card"],"build_version":"2020-12-13","purchased_purges":0,"victory":false,"max_hp_per_floor":[70,70,70,70,70,70,70,75,82,82,82,82,87,87,87,87,87],"relic_stats":{"Darkstone Periapt":0,"counters":[12,47],"Eternal Feather":0,"obtain_stats":[{"Darkstone Periapt":10,"Strawberry":9,"Eternal Feather":3,"hexamod:InflammatoryLetter":7,"WingedGreaves":8,"StrikeDummy":2,"hexamod:SpiritBrand":0},{"Darkstone Periapt":6,"Strawberry":5,"Eternal Feather":1,"hexamod:InflammatoryLetter":3,"WingedGreaves":4,"StrikeDummy":1,"hexamod:SpiritBrand":0},{"Darkstone Periapt":25,"Strawberry":20,"Eternal Feather":4,"hexamod:InflammatoryLetter":10,"WingedGreaves":16,"StrikeDummy":4,"hexamod:SpiritBrand":0}]},"card_choices":[{"not_picked":["hexamod:HexaLevel","hexamod:SearingWound"],"picked":"hexamod:SixthSeal","floor":0},{"not_picked":["hexamod:AdvancingGuard","hexamod:RainOfEmbers"],"picked":"hexamod:SkipABeat","floor":2},{"not_picked":["hexamod:Rewind","hexamod:NightmareGuise"],"picked":"hexamod:NightmareStrike","floor":4},{"not_picked":["hexamod:HauntingEcho","hexamod:GhostLash"],"picked":"hexamod:CrushingStance","floor":6},{"not_picked":["hexamod:CatchUp","hexamod:Hexaguard"],"picked":"hexamod:FirstSeal","floor":8},{"not_picked":["hexamod:RainOfEmbers","hexamod:BacktrackSmack"],"picked":"hexamod:FourthSeal","floor":9},{"not_picked":["hexamod:Firestarter","hexamod:Hexaguard"],"picked":"hexamod:GhostLash","floor":10},{"not_picked":["hexamod:GhostOfSpirePresent","hexamod:BacktrackSmack"],"picked":"hexamod:ThirdSeal","floor":11},{"not_picked":["hexamod:SoulSteal","hexamod:FastForward"],"picked":"hexamod:InspiringFlames","floor":12},{"not_picked":["hexamod:PhantomFireball","hexamod:GhostLash"],"picked":"hexamod:HauntingEcho","floor":13},{"not_picked":["hexamod:GhostShield","hexamod:SpectersWail"],"picked":"hexamod:HeatMetal","floor":13},{"not_picked":["hexamod:NightmareGuise","hexamod:HauntingEcho"],"picked":"hexamod:PhantomFireball","floor":14},{"not_picked":["hexamod:SpectersWail","hexamod:Hexaguard"],"picked":"hexamod:UnleashSpirits","floor":15}],"player_experience":180233,"relics_obtained":[{"floor":2,"key":"StrikeDummy"},{"floor":3,"key":"Eternal Feather"},{"floor":7,"key":"hexamod:InflammatoryLetter"},{"floor":8,"key":"WingedGreaves"},{"floor":10,"key":"Darkstone Periapt"}],"event_choices":[],"is_beta":false,"boss_relics":[],"items_purged_floors":[],"is_endless":false,"potions_floor_spawned":[6,8,15],"killed_by":"downfall:Defect","ascension_level":0}}