{"host":"6xnetdfutjfdr70g","time":1608225292,"event":{"mods":["BaseMod","Colored Powertips","Highlight Path","Minty Spire (QoL Compilation)","Relic Stats"],"gold_per_floor":[118,138,138,63,79,79,99,99,123,143,143,158,193,205,217,306,318,340,367,379,410,422,434,269,287,313,313,330,330,330],"floor_reached":29,"playtime":1400,"items_purged":["Strike_P","Meditate"],"score":375,"play_id":"51c8bc0d-a335-4b33-a121-fca0a2f6f128","local_time":"20201217111452","is_ascension_mode":true,"campfire_choices":[{"data":"Mayhem","floor":6.0,"key":"SMITH"},{"data":"Vigilance","floor":8.0,"key":"SMITH"},{"floor":11.0,"key":"REST"},{"data":"TalkToTheHand","floor":15.0,"key":"SMITH"},{"floor":23.0,"key":"REST"},{"floor":27.0,"key":"REST"}],"circlet_count":0,"master_deck":["AscendersBane","Strike_P","Strike_P","Strike_P","Defend_P","Defend_P","Defend_P","Eruption","Vigilance+1","Mayhem+1","CutThroughFate","BowlingBash","Wireheading","EmptyMind","TalkToTheHand+1","Alpha","InnerPeace","Wallop","FearNoEvil","Vengeance"],"relics":["PureWater","Omamori","MawBank","WarpedTongs","Velvet Choker","Akabeko"],"acts_visited":["TheCity"],"potions_floor_usage":[],"damage_taken":[{"damage":0.0,"enemies":"Cultist","floor":1.0,"turns":4.0},{"damage":5.0,"enemies":"Jaw Worm","floor":2.0,"turns":6.0},{"damage":0.0,"enemies":"2 Louse","floor":5.0,"turns":2.0},{"damage":0.0,"enemies":"Large Slime","floor":7.0,"turns":3.0},{"damage":6.0,"enemies":"Exordium Wildlife","floor":10.0,"turns":5.0},{"damage":3.0,"enemies":"Blue Slaver","floor":12.0,"turns":6.0},{"damage":30.0,"enemies":"3 Sentries","floor":13.0,"turns":6.0},{"damage":6.0,"enemies":"Hexaghost","floor":16.0,"turns":11.0},{"damage":29.0,"enemies":"3 Byrds","floor":18.0,"turns":4.0},{"damage":13.0,"enemies":"Spheric Guardian","floor":19.0,"turns":4.0},{"damage":1.0,"enemies":"Chosen and Byrds","floor":21.0,"turns":6.0},{"damage":24.0,"enemies":"Centurion and Healer","floor":25.0,"turns":4.0},{"damage":11.0,"enemies":"Sentry and Sphere","floor":28.0,"turns":4.0},{"damage":23,"enemies":"Shelled Parasite and Fungi","floor":29,"turns":3}],"seed_played":"2041349542210177041","potions_obtained":[{"floor":1.0,"key":"EssenceOfSteel"},{"floor":2.0,"key":"BottledMiracle"},{"floor":7.0,"key":"StancePotion"},{"floor":25.0,"key":"Block Potion"},{"floor":28.0,"key":"Energy Potion"}],"is_trial":false,"path_per_floor":["M","M","?","$","M","R","M","R","T","M","R","M","E","?","R","B",null,"M","M","?","M","?","R","$","M","T","R","M","M"],"character_chosen":"WATCHER","items_purchased":["FearNoEvil"],"campfire_rested":3,"item_purchase_floors":[24],"current_hp_per_floor":[47,42,42,42,42,42,42,42,42,36,57,54,24,24,24,18,59,30,17,17,16,16,37,37,13,13,34,23,0,0],"gold":330,"neow_bonus":"RANDOM_COLORLESS_2","is_daily":false,"chose_seed":false,"campfire_upgraded":3,"win_rate":0.0,"timestamp":1608225292,"path_taken":["M","M","?","$","?","R","M","R","T","M","R","M","E","?","R","BOSS","M","?","?","M","?","R","?","?","T","R","M","M"],"items_purchased_type":["Card"],"build_version":"2020-12-13","purchased_purges":2,"victory":false,"max_hp_per_floor":[72,72,72,72,72,72,72,72,72,72,72,72,72,72,72,72,72,72,72,72,72,72,72,72,72,72,72,72,72,72],"relic_stats":{"counters":[14,68],"MawBank":132,"obtain_stats":[{"Velvet Choker":17,"Omamori":9,"PureWater":0,"MawBank":13,"Akabeko":26,"WarpedTongs":14},{"Velvet Choker":8,"Omamori":4,"PureWater":0,"MawBank":7,"Akabeko":12,"WarpedTongs":7},{"Velvet Choker":43,"Omamori":15,"PureWater":0,"MawBank":32,"Akabeko":61,"WarpedTongs":32}],"WarpedTongs":[36]},"card_choices":[{"not_picked":["Magnetism","Secret Technique"],"picked":"Mayhem","floor":0.0},{"not_picked":["Weave","Crescendo"],"picked":"CutThroughFate","floor":1.0},{"not_picked":["Evaluate","EmptyBody"],"picked":"BowlingBash","floor":2.0},{"not_picked":["BattleHymn","Sanctity"],"picked":"Wireheading","floor":5.0},{"not_picked":["JustLucky","ThirdEye"],"picked":"EmptyMind","floor":7.0},{"not_picked":["FollowUp","Study"],"picked":"Meditate","floor":10.0},{"not_picked":["SashWhip","CutThroughFate","SignatureMove"],"picked":"SKIP","floor":12.0},{"not_picked":["WreathOfFlame","Swivel"],"picked":"TalkToTheHand","floor":13.0},{"not_picked":["SpiritShield","Establishment"],"picked":"Alpha","floor":16.0},{"not_picked":["Prostrate","Halt"],"picked":"InnerPeace","floor":18.0},{"not_picked":["FlurryOfBlows","Collect"],"picked":"Wallop","floor":19.0},{"not_picked":["FlyingSleeves","Crescendo","JustLucky"],"picked":"SKIP","floor":21.0},{"not_picked":["Protect","Crescendo+1"],"picked":"Vengeance","floor":25.0},{"not_picked":["BattleHymn+1","Sanctity","EmptyFist"],"picked":"SKIP","floor":28.0}],"player_experience":416431,"relics_obtained":[{"floor":9.0,"key":"Omamori"},{"floor":13.0,"key":"MawBank"},{"floor":26.0,"key":"Akabeko"}],"event_choices":[{"cards_removed":["Defend_P"],"damage_healed":0.0,"max_hp_gain":0.0,"max_hp_loss":0.0,"gold_gain":0.0,"event_name":"Purifier","player_choice":"Purged","floor":3.0,"gold_loss":0.0,"damage_taken":0.0},{"damage_healed":0.0,"max_hp_gain":0.0,"max_hp_loss":0.0,"gold_gain":0.0,"event_name":"Accursed Blacksmith","player_choice":"Rummage","floor":14.0,"gold_loss":0.0,"damage_taken":0.0,"relics_obtained":["WarpedTongs"],"cards_obtained":["Pain"]},{"damage_healed":0.0,"max_hp_gain":0.0,"max_hp_loss":0.0,"gold_gain":0.0,"event_name":"Forgotten Altar","player_choice":"Smashed Altar","floor":20.0,"gold_loss":0.0,"damage_taken":0.0,"cards_obtained":["Decay"]},{"damage_healed":0.0,"max_hp_gain":0.0,"max_hp_loss":0.0,"gold_gain":0.0,"event_name":"Vampires","player_choice":"Ignored","floor":22.0,"gold_loss":0.0,"damage_taken":0.0}],"is_beta":false,"boss_relics":[{"not_picked":["Ectoplasm","SlaversCollar"],"picked":"Velvet Choker"}],"items_purged_floors":[4,24],"is_endless":false,"potions_floor_spawned":[1,2,7,12,25,28],"killed_by":"Shelled Parasite and Fungi","ascension_level":13}}