{"host":"j0a1jfichhxu8b8p","time":1608172900,"event":{"mods":["BaseMod","Colored Map","DeckTracker","Keyboard Shortcuts","Minty Spire (QoL Compilation)","Permanent Neow","StSLib"],"gold_per_floor":[366,441,441,441,116,116,116],"floor_reached":6,"playtime":207,"items_purged":[],"score":62,"play_id":"e8bd5194-8429-4ede-bdc7-ce96c33981c7","local_time":"20201217114140","is_ascension_mode":true,"campfire_choices":[],"circlet_count":0,"master_deck":["AscendersBane","Strike_R","Strike_R","Strike_R","Strike_R","Strike_R","Defend_R","Defend_R","Defend_R","Defend_R","Bash","Cleave","Flame Barrier","Barricade","Carnage","Body Slam"],"relics":["Burning Blood","WingedGreaves","FaceOfCleric","Potion Belt","Orrery"],"acts_visited":["Exordium"],"potions_floor_usage":[],"damage_taken":[{"damage":9,"enemies":"Jaw Worm","floor":1,"turns":4},{"damage":40,"enemies":"Lagavulin","floor":6,"turns":8}],"seed_played":"-8556300421640489833","potions_obtained":[],"is_trial":false,"path_per_floor":["M","?","?","?","$","E"],"character_chosen":"IRONCLAD","items_purchased":["Potion Belt","Orrery"],"campfire_rested":0,"item_purchase_floors":[5,5],"current_hp_per_floor":[65,54,43,43,43,3,3],"gold":116,"neow_bonus":"TWO_FIFTY_GOLD","is_daily":false,"chose_seed":false,"campfire_upgraded":0,"win_rate":0.0,"timestamp":1608172900,"path_taken":["M","?","?","?","$","E"],"items_purchased_type":["Relic","Relic"],"build_version":"2020-12-13","purchased_purges":0,"victory":false,"max_hp_per_floor":[68,68,68,68,68,68,68],"card_choices":[{"not_picked":["True Grit","Wild Strike"],"picked":"Cleave","floor":1},{"not_picked":["Blood for Blood","Searing Blow"],"picked":"Flame Barrier","floor":5},{"not_picked":["Thunderclap","Body Slam"],"picked":"Barricade","floor":5},{"not_picked":["Warcry","Flex"],"picked":"Carnage","floor":5},{"not_picked":["Bloodletting","Heavy Blade"],"picked":"Body Slam","floor":5}],"player_experience":322678,"relics_obtained":[],"event_choices":[{"damage_healed":0,"gold_gain":75,"player_choice":"Gather Gold","damage_taken":11,"max_hp_gain":0,"max_hp_loss":0,"event_name":"World of Goop","floor":2,"gold_loss":0},{"damage_healed":0,"gold_gain":0,"player_choice":"Success","damage_taken":11,"relics_obtained":["WingedGreaves"],"max_hp_gain":0,"max_hp_loss":0,"event_name":"Scrap Ooze","floor":3,"gold_loss":0},{"damage_healed":0,"gold_gain":0,"player_choice":"Trade","damage_taken":0,"relics_obtained":["FaceOfCleric"],"max_hp_gain":0,"max_hp_loss":0,"event_name":"FaceTrader","floor":4,"gold_loss":0}],"is_beta":false,"boss_relics":[],"items_purged_floors":[],"is_endless":false,"potions_floor_spawned":[],"killed_by":"Lagavulin","ascension_level":19}}