{"host":"k5j3culymg4irp71","time":1608191366,"event":{"mods":["2.2 Compatiblity","Act Like it!","Art Attack!","Aspiration","Astrologer","Bard","BaseMod","Bestiary","Better Match","BetterRewards","Block Reminder","CCEM","Colored Map","Colored Powertips","Conspire","Downfall","Emptier Cage","Energized Spire","GifTheSpireLib","Halation","Hallownest","Hermit","Hubris","Infinite Spire","Ironclad Rager","Minty Spire (QoL Compilation)","Pale of the Ancients","Quarter Circle Forward PUNCH!","Rare Cards Sparkle","Replay The Spire","Shade Mod","Shop Mod","Spikes Relics","StSLib","Stuff the Spire","The Animator","The Blackbeard","The Bladedancer","The Blue Laboratory","The Cursed","The Druid","The Forsaken","The Gatherer","The Hayseed","The Hierophant","The Juggle","The Runesmith","The Servant 0.9.4","TheArtist","Waifu the Spire","Wandering Minibosses","slay the spire mod where everything is the same but ironclad has a cowboy hat","vexMod"],"gold_per_floor":[99,99,99,112,127,127,180,30,50,93,93,19,34,34,46,46,46],"floor_reached":16,"playtime":1084,"items_purged":["Pain"],"score":100,"play_id":"acb058b0-2651-45af-82c2-e0bd37f0a10e","local_time":"20201216234926","is_ascension_mode":false,"campfire_choices":[{"floor":6,"key":"RECALL"},{"data":"sneckomod:SnekBite","floor":8,"key":"SMITH"}],"circlet_count":0,"master_deck":["sneckomod:Strike","sneckomod:Strike","sneckomod:Strike","sneckomod:Defend","sneckomod:Defend","sneckomod:TailWhip","sneckomod:SnekBite+1","sneckomod:Unknown","sneckomod:Unknown","sneckomod:UnknownClassSHADE_COLOR","sneckomod:UnknownCommonSkill","sneckomod:DiceBlock","sneckomod:Unknown1Cost","sneckomod:MasterEye","sneckomod:SoulDraw","sneckomod:Unknown1Cost","StuffTheSpire:BrainWave","sneckomod:DiceCrush"],"relics":["sneckomod:SneckoSoul","m_SnakeBloodCore","hubris:Towel","downfall:HeartBlessingRed","downfall:HeartBlessingBlue","Frozen Egg 2","Ring of Misfortune","Ring of Fury"],"acts_visited":["Exordium"],"potions_floor_usage":[16],"damage_taken":[{"damage":5,"enemies":"Small Slimes","floor":4,"turns":3},{"damage":0,"enemies":"conspire:RoseBush","floor":5,"turns":2},{"damage":0,"enemies":"2 Louse","floor":9,"turns":2},{"damage":65,"enemies":"3 Sentries","floor":10,"turns":14},{"damage":12,"enemies":"downfall:FleeingMerchant","floor":12,"turns":4},{"damage":0,"enemies":"Blue Slaver","floor":13,"turns":2},{"damage":0,"enemies":"3 Louse","floor":15,"turns":3},{"damage":40,"enemies":"downfall:Ironclad","floor":16,"turns":6}],"seed_played":"-3648745365480320946","potions_obtained":[{"floor":10,"key":"sneckomod:DiceRollPotion"},{"floor":15,"key":"champ:CounterPotion"}],"is_trial":false,"path_per_floor":["R_BF","?","?","M","M","R","T","R","M","E","?","$","M","?","M","B"],"character_chosen":"THE_SNECKO","items_purchased":[],"campfire_rested":0,"item_purchase_floors":[],"current_hp_per_floor":[91,91,91,90,92,92,92,102,103,41,41,32,36,36,39,0,0],"gold":46,"neow_bonus":"RANDOM_COMMON_RELIC","is_daily":false,"chose_seed":false,"campfire_upgraded":1,"win_rate":0.0,"timestamp":1608191366,"path_taken":["R_BF","?","?","M","M","R","T","R","M","E","?","?","?","?","M","BOSS"],"items_purchased_type":[],"build_version":"2020-12-13","purchased_purges":1,"victory":false,"max_hp_per_floor":[91,91,91,92,92,92,92,102,103,103,103,103,104,104,104,104,104],"card_choices":[{"not_picked":["Seek","Perfected Strike"],"picked":"sneckomod:UnknownCommonSkill","floor":4},{"not_picked":["Reflex","sneckomod:Unknown1Cost"],"picked":"sneckomod:DiceBlock","floor":5},{"not_picked":["White Noise","Dual Wield"],"picked":"sneckomod:Unknown1Cost","floor":9},{"not_picked":["sneckomod:SnekBeam","sneckomod:WideSting"],"picked":"sneckomod:MasterEye","floor":10},{"not_picked":["sneckomod:WideSting","sneckomod:Rotation"],"picked":"sneckomod:SoulDraw","floor":12},{"not_picked":["sneckomod:UnknownClassBLADEMASTER_GRAY","sneckomod:UnknownClassFORSAKEN_GOLD_COLOR"],"picked":"sneckomod:Unknown1Cost","floor":13},{"not_picked":["StuffTheSpire:Innocence","StuffTheSpire:Vigor"],"picked":"StuffTheSpire:BrainWave","floor":14},{"not_picked":["sneckomod:WideSting","sneckomod:UnknownBlock"],"picked":"sneckomod:DiceCrush","floor":15}],"player_experience":22601,"relics_obtained":[{"floor":10,"key":"Frozen Egg 2"},{"floor":11,"key":"Ring of Misfortune"},{"floor":11,"key":"Ring of Fury"}],"event_choices":[],"is_beta":false,"boss_relics":[],"items_purged_floors":[12],"is_endless":false,"potions_floor_spawned":[10,15],"killed_by":"downfall:Ironclad","ascension_level":0}}