{"host":"nez9oevwwftwepnc","time":1608171579,"event":{"mods":["AchievementEnabler","Astrologer","BaseMod","Beaked The Cultist","Better Third Choice","Colored Map","Colored Powertips","Conspire","Downfall","Energized Spire","Hermit","Infinite Spire","Mathematician","Minty Spire (QoL Compilation)","Permanent Neow","Quick Restart","Random Character Mod","Shop Mod","Spikes Relics","StSLib","The Bug Knight","The Hayseed","The Hierophant","The Mystic","The Necromancer","The Runesmith","The Senshi","The Wild Card","TheArtist","slay the spire mod where everything is the same but ironclad has a cowboy hat","thorton","vexMod"],"gold_per_floor":[110,110,130,147,72,105,105,124,201,231,231,242,142,161,161,262,262,276,276,201,218,231,264,264,264,344,559,573,573,573,585,585,674,674,675,693,221,221,234,234,256,276,276,0,0,11,27,27,27,27],"floor_reached":51,"playtime":5802,"items_purged":["HollowMod:NailStrikeStart","HollowMod:QuickDashStart"],"score":734,"play_id":"198cc2aa-407d-4c5f-b4d3-4d1f47de3204","local_time":"20201216211939","is_ascension_mode":false,"campfire_choices":[{"data":"HollowMod:CycloneSlash","floor":11.0,"key":"SMITH"},{"data":"HollowMod:SiblingsSouls","floor":15.0,"key":"SMITH"},{"floor":24,"key":"REST"},{"floor":30,"key":"REST"},{"data":"HollowMod:HuntersJournal","floor":32,"key":"SMITH"},{"data":"HollowMod:ChannelNail","floor":40,"key":"SMITH"},{"data":"Ghostly","floor":49,"key":"SMITH"}],"circlet_count":1,"master_deck":["HollowMod:QuickDashStart","HollowMod:QuickDashStart","HollowMod:FocusHealStart","HollowMod:PogoStrike","HollowMod:DungDefenderAura","HollowMod:SoulSplash","HollowMod:DashSlash","HollowMod:DashSlash","HollowMod:CycloneSlash+1","HollowMod:SiblingsSouls+1","HollowMod:DashSlash","Ghostly+1","HollowMod:HeavyBlow","HollowMod:CornifersMapStart","HollowMod:HuntersJournal+1","infinitespire:Collect","HollowMod:Hiveblood","Slimebound:Tackle+1","Slimebound:Tackle+1","Slimebound:Tackle+1","HollowMod:ChannelNail+1","HollowMod:Weaversong","HollowMod:MantisMark+1","HollowMod:DashSlash+1","HollowMod:ChannelNail+1","HollowMod:NewLastStag","expansioncontent:StudyTheSpire","HollowMod:BaldurShell+1","HollowMod:SiblingsSouls+1"],"relics":["HollowMod:VesselMask","Circlet","Art of War","conspire:BottledYoYo","vexMod:DeviousBotling","Enchiridion","energizedSpire:DeadBattery","beaked:ShinyBauble","Old Coin","Guardian:PocketSentry","Nunchaku","Pear","infinitespire:EmpoweringShard"],"acts_visited":["Exordium","TheCity","TheBeyond"],"potions_floor_usage":[18,18,23],"damage_taken":[{"damage":1.0,"enemies":"Jaw Worm","floor":1.0,"turns":4.0},{"damage":0.0,"enemies":"2 Louse","floor":3.0,"turns":3.0},{"damage":3.0,"enemies":"conspire:RoseBush","floor":4.0,"turns":3.0},{"damage":7.0,"enemies":"HollowMod:MossKnight","floor":6.0,"turns":12.0},{"damage":2.0,"enemies":"Large Slime","floor":8.0,"turns":6.0},{"damage":11.0,"enemies":"3 Sentries","floor":10.0,"turns":5.0},{"damage":9.0,"enemies":"3 Louse","floor":12.0,"turns":2.0},{"damage":1.0,"enemies":"Exordium Thugs","floor":14.0,"turns":4.0},{"damage":38.0,"enemies":"Fading Forest","floor":16.0,"turns":11.0},{"damage":0,"enemies":"Shell Parasite","floor":18,"turns":4},{"damage":0,"enemies":"conspire:FuzzyDice","floor":21,"turns":3},{"damage":32,"enemies":"Cultist and Chosen","floor":22,"turns":5},{"damage":33,"enemies":"conspire:SneckoGhost","floor":23,"turns":7},{"damage":11,"enemies":"Snake Plant","floor":28,"turns":5},{"damage":29,"enemies":"conspire:HollyBat","floor":31,"turns":8},{"damage":66,"enemies":"HollowMod:NKGrimm","floor":33,"turns":8},{"damage":47,"enemies":"3 Darklings","floor":35,"turns":5},{"damage":19,"enemies":"3 Shapes","floor":36,"turns":4},{"damage":20,"enemies":"Maw","floor":39,"turns":7},{"damage":15,"enemies":"Giant Head","floor":41,"turns":4},{"damage":27,"enemies":"Jaw Worm Horde","floor":42,"turns":4},{"damage":26,"enemies":"3 Darklings","floor":46,"turns":3},{"damage":19,"enemies":"Maw","floor":47,"turns":6},{"damage":119,"enemies":"infinitespire:MassOfShapes","floor":50,"turns":10}],"seed_played":"6047055396444970166","potions_obtained":[{"floor":1.0,"key":"ColorlessPotion"},{"floor":3.0,"key":"SkillPotion"},{"floor":6.0,"key":"AttackPotion"},{"floor":8.0,"key":"LifebloodPotion"},{"floor":18,"key":"DuplicationPotion"},{"floor":28,"key":"champ:CounterPotion"},{"floor":33,"key":"SpeedPotion"},{"floor":41,"key":"CultistPotion"}],"is_trial":false,"path_per_floor":["M","?","M","M","$","E","?","M","T","E","R","M","?","M","R","B",null,"M","?","?","M","M","E","R","AVR","T","?","M","?","R","M","R","B",null,"M","M","$","?","M","R","E","M","T","?","?","M","M","?","R","B",null],"character_chosen":"THE_BUGKNIGHT","items_purchased":["LiquidBronze","Guardian:PocketSentry","Nunchaku"],"campfire_rested":2,"item_purchase_floors":[37,37,37],"current_hp_per_floor":[74,74,74,71,71,72,72,70,70,59,59,50,50,49,49,31,75,75,59,59,59,37,4,26,26,26,26,25,25,47,72,72,61,75,43,42,42,42,42,42,56,44,44,44,44,18,23,95,95,1],"gold":27,"neow_bonus":"THREE_CARDS","is_daily":false,"chose_seed":false,"campfire_upgraded":5,"win_rate":0.0,"timestamp":1608171579,"path_taken":["M","?","M","M","$","E","?","M","T","E","R","M","?","M","R","BOSS","M","?","?","M","?","E","R","AVR","T","?","M","?","R","M","R","BOSS","M","M","$","?","M","R","E","?","T","?","?","M","M","?","R","BOSS"],"items_purchased_type":["Potion","Relic","Relic"],"build_version":"2020-12-13","purchased_purges":2,"victory":true,"max_hp_per_floor":[75,75,75,75,75,75,75,75,75,75,75,75,75,75,75,75,75,75,75,75,75,75,75,75,75,75,75,75,75,75,75,75,75,75,75,75,75,75,75,75,85,85,85,85,85,85,85,95,95,95],"card_choices":[{"not_picked":["HollowMod:TaintedHusks","HollowMod:GrimmsGift"],"picked":"HollowMod:DungDefenderAura","floor":0.0},{"not_picked":["HollowMod:InfectedCysts","HollowMod:AbyssShriek"],"picked":"HollowMod:SoulSplash","floor":1.0},{"not_picked":["HollowMod:RecoilStrike","HollowMod:CycloneSlash"],"picked":"HollowMod:DashSlash","floor":3.0},{"not_picked":["HollowMod:NewJinnsSoul","HollowMod:SiblingsShadow"],"picked":"HollowMod:DashSlash","floor":4.0},{"not_picked":["HollowMod:QuirrelsAssistance","HollowMod:BlackTendrils"],"picked":"HollowMod:CycloneSlash","floor":6.0},{"not_picked":["HollowMod:DreamGate","HollowMod:InfectedAttack","HollowMod:ShadowDash"],"picked":"SKIP","floor":8.0},{"not_picked":["HollowMod:NewLittleFool","HollowMod:GrimmsGift"],"picked":"HollowMod:SiblingsSouls","floor":10.0},{"not_picked":["HollowMod:PureNailStrike","HollowMod:NewLittleFool"],"picked":"HollowMod:DashSlash","floor":12.0},{"not_picked":["HollowMod:InfectedCysts","HollowMod:PureNailStrike","HollowMod:SiblingsSouls"],"picked":"SKIP","floor":14.0},{"not_picked":["HollowMod:ZotesMagnificence","HollowMod:HornetsHelp"],"picked":"HollowMod:AwokenDreamNail","floor":16.0},{"not_picked":["HollowMod:CloakDash","HollowMod:ShadowDash"],"picked":"HollowMod:HeavyBlow","floor":18},{"not_picked":["HollowMod:BlackTendrils","HollowMod:NewJinnsSoul+1","HollowMod:DungDefenderAura"],"picked":"SKIP","floor":21},{"not_picked":["HollowMod:WraithStrike","HollowMod:CrystalDash"],"picked":"HollowMod:CornifersMapStart","floor":22},{"not_picked":["HollowMod:ShadowDash","HollowMod:NewJinnsSoul+1"],"picked":"HollowMod:HuntersJournal","floor":23},{"not_picked":["HollowMod:GreatSlash","HollowMod:BrokenVessel"],"picked":"HollowMod:Hiveblood","floor":28},{"not_picked":["HollowMod:GreatSlash+1","HollowMod:FastStrike"],"picked":"HollowMod:ChannelNail+1","floor":31},{"not_picked":["HollowMod:VoidDash","HollowMod:MidwifesHunger"],"picked":"HollowMod:Weaversong","floor":33},{"not_picked":["HollowMod:InfectedAttack","HollowMod:InfectedCysts"],"picked":"HollowMod:MantisMark+1","floor":35},{"not_picked":["HollowMod:NewLittleFool+1","HollowMod:GoodIntentions+1"],"picked":"HollowMod:DashSlash+1","floor":36},{"not_picked":["HollowMod:VengefulVoid","HollowMod:SiblingsSouls"],"picked":"HollowMod:ChannelNail","floor":39},{"not_picked":["HollowMod:BlackTendrils","HollowMod:Grubsong","HollowMod:NewLittleFool"],"picked":"SKIP","floor":41},{"not_picked":["HollowMod:FallenFury+1","HollowMod:SoulStrike","HollowMod:SiblingsShadow+1"],"picked":"SKIP","floor":42},{"not_picked":["PlatinumSkin","Mayhem"],"picked":"expansioncontent:StudyTheSpire","floor":45},{"not_picked":["HollowMod:BlackTendrils","HollowMod:VengefulVoid"],"picked":"HollowMod:BaldurShell+1","floor":46},{"not_picked":["HollowMod:InfectedCysts","HollowMod:SoulEater"],"picked":"HollowMod:SiblingsSouls+1","floor":47}],"player_experience":497040,"relics_obtained":[{"floor":6.0,"key":"Art of War"},{"floor":9.0,"key":"conspire:BottledYoYo"},{"floor":19,"key":"Enchiridion"},{"floor":23,"key":"Circlet"},{"floor":26,"key":"beaked:ShinyBauble"},{"floor":41,"key":"Pear"},{"floor":43,"key":"infinitespire:EmpoweringShard"}],"event_choices":[{"damage_healed":0.0,"max_hp_gain":0.0,"max_hp_loss":0.0,"gold_gain":0.0,"event_name":"conspire:LoneGhost","player_choice":"Argue","floor":13.0,"gold_loss":0.0,"damage_taken":0.0},{"damage_healed":0,"gold_gain":0,"player_choice":"Obtained Book","damage_taken":16,"max_hp_gain":0,"max_hp_loss":0,"event_name":"Cursed Tome","floor":19,"gold_loss":0},{"cards_removed":["HollowMod:QuickDashStart"],"damage_healed":0,"gold_gain":0,"player_choice":"Gave Gold","damage_taken":0,"max_hp_gain":0,"max_hp_loss":0,"event_name":"Beggar","floor":20,"gold_loss":75},{"damage_healed":0,"gold_gain":0,"player_choice":"Obtained Relic","damage_taken":0,"relics_obtained":["Old Coin"],"max_hp_gain":0,"max_hp_loss":0,"event_name":"Addict","floor":27,"gold_loss":85},{"damage_healed":0,"gold_gain":0,"player_choice":"Ignored","damage_taken":0,"max_hp_gain":0,"max_hp_loss":0,"event_name":"NoteForYourself","floor":38,"gold_loss":0},{"damage_healed":0,"gold_gain":0,"player_choice":"Memory 1","damage_taken":0,"max_hp_gain":0,"max_hp_loss":0,"event_name":"SensoryStone","floor":45,"gold_loss":0},{"cards_removed":["HollowMod:AwokenDreamNail"],"damage_healed":62,"gold_gain":0,"player_choice":"Offered Rare","damage_taken":0,"max_hp_gain":10,"max_hp_loss":0,"event_name":"Bonfire Elementals","floor":48,"gold_loss":0}],"is_beta":false,"boss_relics":[{"not_picked":["Cursed Key","energizedSpire:OgreHead"],"picked":"vexMod:DeviousBotling"},{"not_picked":["vexMod:TanglingVine","CosmicIsotope"],"picked":"Circlet"}],"items_purged_floors":[5,37],"is_endless":false,"potions_floor_spawned":[1,3,6,8,18,28,33,39,41,42],"ascension_level":0}}