{"host":"q9718omregw4er46","time":1608241580,"event":{"mods":["BaseMod","Bestiary","Colored Powertips","Custom Start","Highlight Path","Minty Spire (QoL Compilation)","Practice Mode","Quick Restart","Relic Stats"],"gold_per_floor":[110,124,140,154,154,179,179,205,232,246,246,262,7,7,7,79,79,94,105,118,129,129,129,44,71,71,91,91,118,118,132,132,209,209,209],"floor_reached":34,"playtime":1402,"items_purged":[],"score":934,"play_id":"feba2214-01b8-4250-a6f7-50dfde9d7023","local_time":"20201218024620","is_ascension_mode":true,"campfire_choices":[{"data":"MentalFortress","floor":7,"key":"SMITH"},{"data":"EmptyFist","floor":11,"key":"SMITH"},{"data":"Eruption","floor":15,"key":"SMITH"},{"data":"MentalFortress","floor":23,"key":"SMITH"},{"floor":28,"key":"REST"},{"data":"TalkToTheHand","floor":32,"key":"SMITH"}],"circlet_count":0,"master_deck":["AscendersBane","Strike_P","Strike_P","Defend_P","Defend_P","Eruption+1","Vigilance","FlurryOfBlows","MentalFortress+1","EmptyFist+1","WheelKick","Consecrate","Wireheading","MentalFortress+1","Scrawl","MentalFortress+1","Protect","BattleHymn","TalkToTheHand+1","RitualDagger","Consecrate","Vault"],"relics":["Empty Cage","CloakClasp","Happy Flower","Bag of Preparation","Centennial Puzzle","Runic Pyramid","CaptainsWheel","Nunchaku","Ornamental Fan","Boot","Fusion Hammer"],"acts_visited":["Exordium","TheCity","TheBeyond"],"potions_floor_usage":[6,8,12,21,25],"damage_taken":[{"damage":8,"enemies":"Small Slimes","floor":1,"turns":4},{"damage":7,"enemies":"Cultist","floor":2,"turns":3},{"damage":0,"enemies":"2 Louse","floor":3,"turns":3},{"damage":17,"enemies":"Blue Slaver","floor":4,"turns":4},{"damage":2,"enemies":"Lagavulin","floor":6,"turns":7},{"damage":6,"enemies":"Gremlin Nob","floor":8,"turns":3},{"damage":0,"enemies":"2 Fungi Beasts","floor":10,"turns":3},{"damage":0,"enemies":"Large Slime","floor":12,"turns":4},{"damage":0,"enemies":"Hexaghost","floor":16,"turns":9},{"damage":0,"enemies":"Chosen","floor":18,"turns":3},{"damage":4,"enemies":"2 Thieves","floor":19,"turns":4},{"damage":0,"enemies":"Snecko","floor":20,"turns":3},{"damage":8,"enemies":"Shelled Parasite and Fungi","floor":21,"turns":6},{"damage":17,"enemies":"Book of Stabbing","floor":25,"turns":5},{"damage":15,"enemies":"Snake Plant","floor":27,"turns":5},{"damage":0,"enemies":"Gremlin Leader","floor":29,"turns":5},{"damage":0,"enemies":"3 Cultists","floor":31,"turns":6},{"damage":13,"enemies":"Champ","floor":33,"turns":15}],"seed_played":"-4769364454394303026","potions_obtained":[{"floor":3,"key":"EssenceOfSteel"},{"floor":4,"key":"Energy Potion"},{"floor":6,"key":"SkillPotion"},{"floor":16,"key":"SkillPotion"},{"floor":19,"key":"Swift Potion"},{"floor":21,"key":"ColorlessPotion"},{"floor":29,"key":"Ancient Potion"}],"is_trial":false,"path_per_floor":["M","M","M","M","?","E","R","E","T","M","R","M","$","?","R","B",null,"M","M","M","M","?","R","?","E","T","M","R","E","?","M","R","B",null],"character_chosen":"WATCHER","items_purchased":["MentalFortress","Centennial Puzzle"],"campfire_rested":1,"item_purchase_floors":[13,13],"current_hp_per_floor":[53,46,46,29,18,16,16,10,10,10,10,10,10,10,10,10,54,54,50,50,42,42,42,42,25,25,10,30,30,24,24,24,11,54,54],"gold":209,"neow_bonus":"BOSS_RELIC","is_daily":false,"chose_seed":false,"campfire_upgraded":5,"win_rate":0.0,"timestamp":1608241580,"path_taken":["M","M","M","M","?","E","R","E","T","M","R","M","$","?","R","BOSS","M","?","?","M","?","R","?","E","T","M","R","E","?","M","R","BOSS"],"items_purchased_type":["Card","Relic"],"build_version":"2020-12-13","purchased_purges":0,"victory":false,"max_hp_per_floor":[68,68,68,68,68,68,68,68,68,68,68,68,68,68,68,68,68,68,68,68,68,68,68,68,68,68,68,68,68,68,68,68,68,68,68],"relic_stats":{"Centennial Puzzle":[15],"Nunchaku":[11],"Happy Flower":[23],"counters":[18,92],"Ornamental Fan":[112],"CloakClasp":[315],"Bag of Preparation":[24],"Boot":[13],"obtain_stats":[{"Centennial Puzzle":13,"CaptainsWheel":24,"Nunchaku":25,"Happy Flower":6,"Ornamental Fan":26,"Fusion Hammer":34,"CloakClasp":5,"Bag of Preparation":8,"PureWater":0,"Empty Cage":0,"Boot":29,"Runic Pyramid":17},{"Centennial Puzzle":8,"CaptainsWheel":13,"Nunchaku":14,"Happy Flower":5,"Ornamental Fan":14,"Fusion Hammer":18,"CloakClasp":4,"Bag of Preparation":6,"PureWater":0,"Empty Cage":0,"Boot":16,"Runic Pyramid":9},{"Centennial Puzzle":31,"CaptainsWheel":56,"Nunchaku":61,"Happy Flower":21,"Ornamental Fan":61,"Fusion Hammer":92,"CloakClasp":14,"Bag of Preparation":24,"PureWater":0,"Empty Cage":0,"Boot":71,"Runic Pyramid":40}]},"card_choices":[{"not_picked":["Evaluate","CutThroughFate"],"picked":"FlurryOfBlows","floor":1},{"not_picked":["BowlingBash","FlurryOfBlows"],"picked":"MentalFortress","floor":2},{"not_picked":["FlurryOfBlows","EmptyBody","ThirdEye"],"picked":"SKIP","floor":3},{"not_picked":["Halt","EmptyMind"],"picked":"EmptyFist","floor":4},{"not_picked":["Worship","Omniscience"],"picked":"WheelKick","floor":6},{"not_picked":["Crescendo","PathToVictory"],"picked":"Consecrate","floor":8},{"not_picked":["WaveOfTheHand","FlurryOfBlows","Evaluate"],"picked":"SKIP","floor":10},{"not_picked":["PathToVictory","Protect"],"picked":"Wireheading","floor":12},{"not_picked":["Ragnarok","MasterReality"],"picked":"Scrawl","floor":16},{"not_picked":["CrushJoints","Crescendo","Consecrate"],"picked":"SKIP","floor":18},{"not_picked":["ThirdEye","Wallop"],"picked":"MentalFortress","floor":19},{"not_picked":["Prostrate","BowlingBash","SashWhip"],"picked":"SKIP","floor":20},{"not_picked":["ClearTheMind","FlyingSleeves","PathToVictory"],"picked":"SKIP","floor":21},{"not_picked":["InnerPeace+1","FlurryOfBlows","ClearTheMind"],"picked":"SKIP","floor":25},{"not_picked":["WindmillStrike","Protect","EmptyBody+1"],"picked":"SKIP","floor":27},{"not_picked":["Devotion","CrushJoints"],"picked":"TalkToTheHand","floor":29},{"not_picked":["CutThroughFate","PathToVictory+1"],"picked":"Consecrate","floor":31},{"not_picked":["Wish","Judgement"],"picked":"Vault","floor":33}],"player_experience":1035501,"relics_obtained":[{"floor":6,"key":"Happy Flower"},{"floor":8,"key":"Bag of Preparation"},{"floor":25,"key":"Nunchaku"},{"floor":26,"key":"Ornamental Fan"},{"floor":29,"key":"Boot"}],"event_choices":[{"damage_healed":0,"gold_gain":0,"player_choice":"Success","damage_taken":11,"relics_obtained":["CloakClasp"],"max_hp_gain":0,"max_hp_loss":0,"event_name":"Scrap Ooze","floor":5,"gold_loss":0},{"damage_healed":0,"gold_gain":0,"player_choice":"Upgraded","damage_taken":0,"max_hp_gain":0,"max_hp_loss":0,"event_name":"Upgrade Shrine","floor":14,"gold_loss":0,"cards_upgraded":["MentalFortress"]},{"damage_healed":0,"gold_gain":0,"cards_transformed":["Strike_P","Strike_P"],"player_choice":"Became Test Subject","damage_taken":0,"max_hp_gain":0,"max_hp_loss":0,"event_name":"Drug Dealer","floor":22,"gold_loss":0,"cards_obtained":["Protect","BattleHymn"]},{"damage_healed":0,"gold_gain":0,"player_choice":"Obtained Relic","damage_taken":0,"relics_obtained":["CaptainsWheel"],"max_hp_gain":0,"max_hp_loss":0,"event_name":"Addict","floor":24,"gold_loss":85},{"damage_healed":0,"gold_gain":0,"player_choice":"Joined the Cult","damage_taken":6,"max_hp_gain":0,"max_hp_loss":0,"event_name":"Nest","floor":30,"gold_loss":0,"cards_obtained":["RitualDagger"]}],"is_beta":false,"boss_relics":[{"not_picked":["Astrolabe","Velvet Choker"],"picked":"Runic Pyramid"},{"not_picked":["Busted Crown","Pandora\u0027s Box"],"picked":"Fusion Hammer"}],"items_purged_floors":[],"is_endless":false,"potions_floor_spawned":[3,4,6,16,19,21,29,33],"ascension_level":19}}