{"host":"bq4pt811tk9yrmjl","time":1608236756,"event":{"mods":["AchievementEnabler","BaseMod","Colored Map","Colored Powertips","Defuse TimeMaze Blight","Minty Spire (QoL Compilation)","StSLib","SuperFastMode","UnlockEverythingMod"],"gold_per_floor":[113,113,113,13,13,13,44,58,83,38,0,39,39,39,39,160,160,179,179,200,223,223,223,261,261,261],"floor_reached":25,"playtime":433,"items_purged":[],"score":263,"play_id":"71fdc9ed-d087-415a-b97b-0028cbcaf88a","local_time":"20201217182556","is_ascension_mode":true,"campfire_choices":[{"floor":6,"key":"REST"},{"floor":13,"key":"REST"},{"data":"Noxious Fumes","floor":15,"key":"SMITH"},{"floor":23,"key":"RECALL"}],"circlet_count":0,"master_deck":["Strike_G","Strike_G","Strike_G","Strike_G+1","Strike_G+1","Defend_G","Defend_G","Defend_G","Defend_G","Defend_G","Survivor","Neutralize","Noxious Fumes+1","Poisoned Stab","Deflect+1","Slice","Blade Dance+1","Dodge and Roll+1","Bullet Time+1","Escape Plan+1","PiercingWail+1","Footwork","Dark Shackles+1","Accuracy+1"],"relics":["Ring of the Snake","NeowsBlessing","Golden Idol","Toxic Egg 2","Gremlin Horn","Blood Vial","Whetstone","Fusion Hammer","Mercury Hourglass"],"acts_visited":["Exordium","TheCity"],"potions_floor_usage":[12,12,16,25],"damage_taken":[{"damage":0.0,"enemies":"Jaw Worm","floor":1.0,"turns":1.0},{"damage":0,"enemies":"Lagavulin","floor":7,"turns":1},{"damage":0,"enemies":"Small Slimes","floor":8,"turns":1},{"damage":27,"enemies":"Gremlin Nob","floor":12,"turns":4},{"damage":10,"enemies":"Hexaghost","floor":16,"turns":9},{"damage":0,"enemies":"3 Byrds","floor":18,"turns":6},{"damage":1,"enemies":"Spheric Guardian","floor":20,"turns":4},{"damage":13,"enemies":"Snecko","floor":21,"turns":7},{"damage":62,"enemies":"Slavers","floor":24,"turns":7},{"damage":5,"enemies":"Snake Plant","floor":25,"turns":4}],"seed_played":"-3105423018778372694","potions_obtained":[{"floor":7,"key":"FairyPotion"},{"floor":8,"key":"AttackPotion"},{"floor":12,"key":"Poison Potion"},{"floor":24,"key":"CunningPotion"}],"is_trial":false,"path_per_floor":["M","?","?","$","?","R","E","M","T","$","?","E","R","T","R","B",null,"M","$","M","M","?","R","E","M"],"character_chosen":"THE_SILENT","items_purchased":["Poisoned Stab","Explosive Potion","Blade Dance+1"],"campfire_rested":2,"item_purchase_floors":[4,4,10],"current_hp_per_floor":[70,53,53,53,28,49,49,49,49,49,49,24,45,45,45,37,70,70,70,69,57,57,57,18,15,15],"gold":261,"neow_bonus":"THREE_ENEMY_KILL","is_daily":false,"chose_seed":false,"campfire_upgraded":1,"win_rate":0.0,"timestamp":1608236756,"path_taken":["M","?","?","$","?","R","E","?","T","$","?","E","R","?","R","BOSS","M","$","M","?","?","R","E","M"],"items_purchased_type":["Card","Potion","Card"],"build_version":"2020-12-13","purchased_purges":0,"victory":false,"max_hp_per_floor":[70,70,70,70,70,70,70,70,70,70,70,70,70,70,70,70,70,70,70,70,70,70,70,70,70,70],"card_choices":[{"not_picked":["Dagger Spray","Prepared"],"picked":"Noxious Fumes","floor":1.0},{"not_picked":["Poisoned Stab","Acrobatics+1"],"picked":"Deflect+1","floor":7},{"not_picked":["Flechettes","Endless Agony"],"picked":"Slice","floor":8},{"not_picked":["Flying Knee","Adrenaline+1"],"picked":"Dodge and Roll+1","floor":12},{"not_picked":["Die Die Die","Night Terror+1"],"picked":"Bullet Time+1","floor":16},{"not_picked":["Quick Slash","Flying Knee+1"],"picked":"Escape Plan+1","floor":18},{"not_picked":["Prepared+1","Riddle With Holes+1"],"picked":"PiercingWail+1","floor":20},{"not_picked":["All Out Attack","Quick Slash"],"picked":"Footwork","floor":21},{"not_picked":["Noxious Fumes","Dagger Spray+1"],"picked":"Accuracy+1","floor":24}],"player_experience":65896,"relics_obtained":[{"floor":7,"key":"Gremlin Horn"},{"floor":9,"key":"Blood Vial"},{"floor":12,"key":"Whetstone"},{"floor":24,"key":"Mercury Hourglass"}],"event_choices":[{"damage_healed":0.0,"max_hp_gain":0.0,"max_hp_loss":0.0,"gold_gain":0.0,"event_name":"Golden Idol","player_choice":"Take Damage","floor":2.0,"gold_loss":0.0,"damage_taken":17.0,"relics_obtained":["Golden Idol"]},{"damage_healed":0,"gold_gain":0,"player_choice":"Leave","damage_taken":0,"max_hp_gain":0,"max_hp_loss":0,"event_name":"The Cleric","floor":3,"gold_loss":0},{"damage_healed":0,"gold_gain":0,"player_choice":"Success","damage_taken":25,"relics_obtained":["Toxic Egg 2"],"max_hp_gain":0,"max_hp_loss":0,"event_name":"Scrap Ooze","floor":5,"gold_loss":0},{"damage_healed":0,"gold_gain":0,"player_choice":"Left Gold","damage_taken":0,"max_hp_gain":0,"max_hp_loss":0,"event_name":"World of Goop","floor":11,"gold_loss":38},{"damage_healed":0,"gold_gain":0,"player_choice":"1 cards matched","damage_taken":0,"max_hp_gain":0,"max_hp_loss":0,"event_name":"Match and Keep!","floor":22,"gold_loss":0,"cards_obtained":["Dark Shackles"]}],"is_beta":false,"boss_relics":[{"not_picked":["Velvet Choker","Snecko Eye"],"picked":"Fusion Hammer"}],"items_purged_floors":[],"is_endless":false,"potions_floor_spawned":[7,8,12,24],"killed_by":"Snake Plant","ascension_level":1}}