{"host":"czzthkrvfe6r7fjf","time":1608221831,"event":{"mods":["Act Like it!","BaseMod","Downfall","GungeonMod","Marisa£®ÏF”Í°°ƒß¿Ì…≥£©","Minty Spire (QoL Compilation)","Quick Restart","StSLib","The Servant 0.9.4","Waifu the Spire","°æπ¶ƒ‹Mod°øªÏ„Á÷Æª∑–ﬁ∏¥≤π∂°"],"gold_per_floor":[114,114,3,3,3,3,29,29,108,136,136,41,57,75,75,150,150,167,167,167,167,167,167,195,208,232,232,242,142,173,191,191,264,264,281,281,156,206,223,257,257,257,257,275,275,310,310,6,6,6],"floor_reached":51,"playtime":1866,"items_purged":["Strike_G","Defend_G","Slimebound:Tackle+1","Slimebound:Tackle+1"],"score":1362,"play_id":"5f390399-d37c-4d07-8335-069417971b6a","local_time":"20201218001711","is_ascension_mode":true,"campfire_choices":[{"data":"Catalyst","floor":6.0,"key":"SMITH"},{"data":"Neutralize","floor":8.0,"key":"SMITH"},{"data":"Venomology","floor":11.0,"key":"SMITH"},{"data":"Noxious Fumes","floor":15.0,"key":"SMITH"},{"data":"Adrenaline","floor":23.0,"key":"SMITH"},{"floor":32.0,"key":"REST"},{"data":"Burst","floor":41.0,"key":"SMITH"},{"floor":42.0,"key":"REST"},{"floor":45.0,"key":"REST"},{"floor":49,"key":"DIG"}],"circlet_count":0,"master_deck":["AscendersBane","Defend_G","Defend_G","Defend_G","Survivor","Neutralize+1","Deadly Poison+1","Deadly Poison+1","Catalyst+1","Venomology+1","Noxious Fumes+1","Poisoned Stab","Skewer","Expertise","Adrenaline+1","Deflect","Dagger Spray","Backstab+1","Escape Plan","Well Laid Plans+1","Burst+1","Dodge and Roll+1"],"relics":["Ring of the Serpent","NeowsBlessing","Regal Pillow","Ninja Scroll","Peace Pipe","SacredBark","Enchiridion","Juzu Bracelet","Art of War","Anchor","CatCart","WingedGreaves","DemoMod:PoisonVial","Shovel","Toy Ornithopter","Kunai"],"acts_visited":["Exordium","TheCity","TheBeyond"],"potions_floor_usage":[46,50,50,50,50],"damage_taken":[{"damage":0.0,"enemies":"Small Slimes","floor":1.0,"turns":1.0},{"damage":0.0,"enemies":"Gremlin Nob","floor":7.0,"turns":1.0},{"damage":0.0,"enemies":"3 Sentries","floor":10.0,"turns":1.0},{"damage":0.0,"enemies":"Cultist","floor":13.0,"turns":3.0},{"damage":0.0,"enemies":"Jaw Worm","floor":14.0,"turns":3.0},{"damage":28.0,"enemies":"Hexaghost","floor":16.0,"turns":6.0},{"damage":2.0,"enemies":"Chosen","floor":18.0,"turns":5.0},{"damage":60.0,"enemies":"Slavers","floor":24.0,"turns":7.0},{"damage":4.0,"enemies":"Shell Parasite","floor":25.0,"turns":4.0},{"damage":5.0,"enemies":"3 Cultists","floor":28.0,"turns":4.0},{"damage":0.0,"enemies":"Gremlin Leader","floor":30.0,"turns":4.0},{"damage":0.0,"enemies":"Snake Plant","floor":31.0,"turns":3.0},{"damage":12.0,"enemies":"Collector","floor":33.0,"turns":5.0},{"damage":0.0,"enemies":"3 Shapes","floor":35.0,"turns":4.0},{"damage":4.0,"enemies":"Orin","floor":38.0,"turns":5.0},{"damage":1.0,"enemies":"Orb Walker","floor":39.0,"turns":3.0},{"damage":26.0,"enemies":"Nemesis","floor":40.0,"turns":5.0},{"damage":21.0,"enemies":"Writhing Mass","floor":44.0,"turns":4.0},{"damage":5,"enemies":"Giant Head","floor":46,"turns":6},{"damage":1,"enemies":"Awakened One","floor":50,"turns":13}],"seed_played":"-1017032275344237377","potions_obtained":[{"floor":7.0,"key":"SteroidPotion"},{"floor":33.0,"key":"LiquidMemories"},{"floor":46,"key":"Dexterity Potion"}],"is_trial":false,"path_per_floor":["M","?","$","?","$","R","E","R","T","E","R","$","M","M","R","B",null,"M","?","?","?","?","R","E","M","T","?","M","$","E","M","R","B",null,"M","?","$","?","M","E","R","R","T","M","R","E","?","$","R","B",null],"character_chosen":"THE_SILENT","items_purchased":["Catalyst","Noxious Fumes","Poisoned Stab","Toy Ornithopter"],"campfire_rested":3,"item_purchase_floors":[3,12,12,48],"current_hp_per_floor":[63,63,63,56,56,56,56,56,56,56,56,56,56,56,56,28,60,58,42,42,42,42,42,33,29,29,29,24,24,24,24,60,48,65,65,65,65,61,60,34,34,70,70,49,70,65,65,65,65,69],"gold":6,"neow_bonus":"THREE_ENEMY_KILL","is_daily":false,"chose_seed":false,"campfire_upgraded":6,"win_rate":0.0,"timestamp":1608221831,"path_taken":["M","?","?","?","$","R","E","R","T","E","R","$","M","M","R","BOSS","M","?","?","?","?","R","E","M","T","?","M","$","E","M","R","BOSS","M","?","?","?","M","E","R","R","T","M","R","E","?","$","R","BOSS"],"items_purchased_type":["Card","Card","Card","Relic"],"build_version":"2020-12-13","purchased_purges":4,"victory":true,"max_hp_per_floor":[70,70,70,70,70,70,70,70,70,70,70,70,70,70,70,70,70,70,70,70,70,70,70,70,70,70,70,70,70,70,70,70,70,70,70,70,70,70,70,70,70,70,70,70,70,70,70,70,70,70],"card_choices":[{"not_picked":["Prepared","Dagger Spray"],"picked":"Deadly Poison","floor":1.0},{"not_picked":["Prepared","Dagger Spray"],"picked":"Deadly Poison","floor":1.0},{"not_picked":["Outmaneuver","Doppelganger","Grand Finale"],"picked":"SKIP","floor":7.0},{"not_picked":["Cloak And Dagger","Acrobatics"],"picked":"Venomology","floor":10.0},{"not_picked":["Sucker Punch","Underhanded Strike","Skewer"],"picked":"SKIP","floor":13.0},{"not_picked":["Sucker Punch","Underhanded Strike"],"picked":"Skewer","floor":13.0},{"not_picked":["Terror","Infinite Blades"],"picked":"Expertise","floor":14.0},{"not_picked":["Wraith Form v2","Doppelganger"],"picked":"Adrenaline","floor":16.0},{"not_picked":["Flying Knee","Blur"],"picked":"Deflect","floor":18.0},{"not_picked":["Blur","Glass Knife"],"picked":"Dagger Spray","floor":24.0},{"not_picked":["Leg Sweep","Deadly Poison"],"picked":"Backstab+1","floor":25.0},{"not_picked":["Dagger Throw","Acrobatics"],"picked":"Escape Plan","floor":28.0},{"not_picked":["Deflect","All Out Attack+1"],"picked":"Well Laid Plans+1","floor":30.0},{"not_picked":["Dodge and Roll","Cloak And Dagger","Poisoned Stab"],"picked":"SKIP","floor":31.0},{"not_picked":["Venomology","Glass Knife"],"picked":"Burst","floor":33.0},{"not_picked":["Expertise+1","Outmaneuver","Distraction"],"picked":"SKIP","floor":35.0},{"not_picked":["Cloak And Dagger","Riddle With Holes"],"picked":"Dodge and Roll+1","floor":39.0},{"not_picked":["Wraith Form v2","Backflip+1","Underhanded Strike"],"picked":"SKIP","floor":40.0},{"not_picked":["Cloak And Dagger","Flying Knee+1","Accuracy"],"picked":"SKIP","floor":44.0},{"not_picked":["Outmaneuver","Underhanded Strike","Glass Knife"],"picked":"SKIP","floor":46}],"player_experience":480114,"relics_obtained":[{"floor":7.0,"key":"Regal Pillow"},{"floor":9.0,"key":"Ninja Scroll"},{"floor":10.0,"key":"Peace Pipe"},{"floor":19.0,"key":"Enchiridion"},{"floor":24.0,"key":"Juzu Bracelet"},{"floor":26.0,"key":"Art of War"},{"floor":30.0,"key":"Anchor"},{"floor":38.0,"key":"CatCart"},{"floor":40.0,"key":"WingedGreaves"},{"floor":43.0,"key":"DemoMod:PoisonVial"},{"floor":46,"key":"Shovel"},{"floor":49,"key":"Kunai"}],"event_choices":[{"damage_healed":0.0,"max_hp_gain":0.0,"max_hp_loss":0.0,"gold_gain":0.0,"event_name":"Upgrade Shrine","player_choice":"Upgraded","floor":2.0,"gold_loss":0.0,"damage_taken":0.0,"cards_upgraded":["Deadly Poison"]},{"cards_removed":["Defend_G"],"damage_healed":0.0,"max_hp_gain":0.0,"max_hp_loss":0.0,"gold_gain":0.0,"event_name":"Golden Wing","player_choice":"Card Removal","floor":4.0,"gold_loss":0.0,"damage_taken":7.0},{"damage_healed":0.0,"max_hp_gain":0.0,"max_hp_loss":0.0,"gold_gain":0.0,"event_name":"Cursed Tome","player_choice":"Obtained Book","floor":19.0,"gold_loss":0.0,"damage_taken":16.0},{"damage_healed":0.0,"max_hp_gain":0.0,"max_hp_loss":0.0,"gold_gain":0.0,"event_name":"Ghosts","player_choice":"Ignored","floor":20.0,"gold_loss":0.0,"damage_taken":0.0},{"damage_healed":0.0,"max_hp_gain":0.0,"max_hp_loss":0.0,"gold_gain":0.0,"event_name":"Vampires","player_choice":"Ignored","floor":21.0,"gold_loss":0.0,"damage_taken":0.0},{"cards_removed":["Slimebound:Tackle"],"damage_healed":0.0,"max_hp_gain":0.0,"max_hp_loss":0.0,"gold_gain":0.0,"event_name":"Purifier","player_choice":"Purged","floor":27.0,"gold_loss":0.0,"damage_taken":0.0},{"damage_healed":0.0,"max_hp_gain":0.0,"max_hp_loss":0.0,"gold_gain":0.0,"event_name":"SecretPortal","player_choice":"Ignored","floor":36.0,"gold_loss":0.0,"damage_taken":0.0},{"damage_healed":0.0,"max_hp_gain":0.0,"max_hp_loss":0.0,"gold_gain":0.0,"event_name":"OrinTheCat","player_choice":"Fight","floor":38.0,"gold_loss":0.0,"damage_taken":0.0},{"damage_healed":0,"gold_gain":0,"player_choice":"Memory 1","damage_taken":0,"max_hp_gain":0,"max_hp_loss":0,"event_name":"SensoryStone","floor":47,"gold_loss":0}],"is_beta":false,"boss_relics":[{"not_picked":["SlaversCollar","Philosopher\u0027s Stone"],"picked":"SacredBark"},{"not_picked":["HoveringKite","Black Star"],"picked":"Ring of the Serpent"}],"items_purged_floors":[3,29,37,48],"is_endless":false,"potions_floor_spawned":[7,14,25,33,35,46],"ascension_level":13}}