{"host":"ok3pmhc1fiz31noj","time":1608170412,"event":{"mods":["AchievementEnabler","BaseMod","Colored Map","Colored Powertips","Minty Spire (QoL Compilation)","Quick Restart","Relic Stats","Replay The Spire","StSLib"],"gold_per_floor":[110,110,35,54,54,79,145,145,198,198,217,217,227,227,227,332,332,344,362,374,374,438,438,488,500,577,223,223,236,236,286,286,286,286],"floor_reached":33,"playtime":1244,"items_purged":["Strike_R","Spreading Infection"],"score":320,"play_id":"01f2f4fe-75f5-4efd-9746-c470f1a06978","local_time":"20201217100012","is_ascension_mode":false,"campfire_choices":[{"data":"Intimidate","floor":8.0,"key":"SMITH"},{"data":"Anger","floor":15.0,"key":"SMITH"},{"data":"Infernal Blade","floor":23.0,"key":"SMITH"},{"data":"Rampage","floor":28.0,"key":"SMITH"},{"data":"Flex","floor":30.0,"key":"SMITH"},{"data":"Heavy Blade","floor":32.0,"key":"SMITH"}],"circlet_count":0,"master_deck":["Defend_R","Defend_R","Defend_R+1","Defend_R","Bash+1","Intimidate+1","Anger+1","Heavy Blade+1","Double Tap+1","CommonCold","Voices","Rampage+1","Dark Embrace+1","Infernal Blade+1","Flex+1","Bite","Bite","Bite","Bite","Bite"],"relics":["Burning Blood","NeowsBlessing","Thread and Needle","Snack Pack","Bottled Lightning","ReplayTheSpireMod:TigerMarble","Ginger","Replay:Ancient Bell","Happy Flower","Darkstone Periapt","Torii","SsserpentHead","Replay:Bottled Eggs","Eternal Feather"],"acts_visited":["Exordium","TheCity"],"potions_floor_usage":[33,33,33],"damage_taken":[{"damage":0.0,"enemies":"Jaw Worm","floor":1.0,"turns":1.0},{"damage":0.0,"enemies":"Cultist","floor":4.0,"turns":1.0},{"damage":0.0,"enemies":"3 Sentries","floor":6.0,"turns":2.0},{"damage":2.0,"enemies":"Small Slimes","floor":11.0,"turns":3.0},{"damage":5.0,"enemies":"Looter","floor":13.0,"turns":3.0},{"damage":74.0,"enemies":"Fading Forest","floor":16.0,"turns":11.0},{"damage":33.0,"enemies":"Shell Parasite","floor":18.0,"turns":8.0},{"damage":12.0,"enemies":"Spheric Guardian","floor":19.0,"turns":5.0},{"damage":10.0,"enemies":"Chosen and Byrds","floor":20.0,"turns":5.0},{"damage":22.0,"enemies":"Centurion and Healer","floor":22.0,"turns":8.0},{"damage":38.0,"enemies":"Sentry and Sphere","floor":25.0,"turns":7.0},{"damage":11.0,"enemies":"Snake Plant","floor":29.0,"turns":5.0},{"damage":102,"enemies":"Automaton","floor":33,"turns":8}],"seed_played":"8473935259371641812","potions_obtained":[{"floor":6.0,"key":"Weak Potion"},{"floor":7.0,"key":"Block Potion"},{"floor":11.0,"key":"SteroidPotion"},{"floor":25.0,"key":"SkillPotion"}],"is_trial":false,"path_per_floor":["M","?","$","M","?","E","?","R","T","?","M","?","M","?","R","B",null,"M","M","M","?","M","R","?","M","T","$","R","M","R","?","R","B"],"character_chosen":"IRONCLAD","items_purchased":["Eternal Feather"],"campfire_rested":0,"item_purchase_floors":[27],"current_hp_per_floor":[80,80,80,80,80,80,80,80,80,80,80,64,65,65,65,11,98,71,69,71,71,59,59,59,33,33,33,42,41,50,50,62,0,0],"gold":286,"neow_bonus":"THREE_ENEMY_KILL","is_daily":false,"chose_seed":false,"campfire_upgraded":6,"win_rate":0.0,"timestamp":1608170412,"path_taken":["M","?","$","?","?","E","?","R","T","?","?","?","M","?","R","BOSS","M","M","?","?","?","R","?","M","T","$","R","M","R","?","R","BOSS"],"items_purchased_type":["Relic"],"build_version":"2020-12-13","purchased_purges":2,"victory":false,"max_hp_per_floor":[80,80,80,80,80,80,80,80,80,80,80,80,80,80,80,80,98,98,98,98,98,98,98,98,98,98,98,98,98,98,98,98,98,98],"relic_stats":{"Darkstone Periapt":18,"SsserpentHead":150,"Happy Flower":[15],"Torii":47,"counters":[13,67],"Eternal Feather":30,"Ginger":[12],"obtain_stats":[{"Darkstone Periapt":17,"NeowsBlessing":0,"Happy Flower":17,"Torii":17,"Thread and Needle":5,"Eternal Feather":27,"Replay:Ancient Bell":17,"Ginger":10,"Burning Blood":0,"Blood Vial":24,"SsserpentHead":21,"Snack Pack":6,"ReplayTheSpireMod:TigerMarble":9,"Bottled Lightning":7,"Replay:Bottled Eggs":26},{"Darkstone Periapt":6,"NeowsBlessing":0,"Happy Flower":6,"Torii":6,"Thread and Needle":2,"Eternal Feather":11,"Replay:Ancient Bell":6,"Ginger":3,"Burning Blood":0,"Blood Vial":10,"SsserpentHead":9,"Snack Pack":3,"ReplayTheSpireMod:TigerMarble":3,"Bottled Lightning":3,"Replay:Bottled Eggs":11},{"Darkstone Periapt":21,"NeowsBlessing":0,"Happy Flower":21,"Torii":21,"Thread and Needle":2,"Eternal Feather":54,"Replay:Ancient Bell":21,"Ginger":4,"Burning Blood":0,"Blood Vial":47,"SsserpentHead":39,"Snack Pack":4,"ReplayTheSpireMod:TigerMarble":4,"Bottled Lightning":4,"Replay:Bottled Eggs":54}],"Burning Blood":48},"card_choices":[{"not_picked":["Run Through","Second Wind","Carnage"],"picked":"SKIP","floor":1.0},{"not_picked":["ReplayTheSpireMod:LeadingStrike","Warcry"],"picked":"Shrug It Off","floor":4.0},{"not_picked":["Fire Breathing","Evolve"],"picked":"Intimidate","floor":6.0},{"not_picked":["Thunderclap","Pummel"],"picked":"Anger","floor":7.0},{"not_picked":["Dual Wield","Replay:Many Hands"],"picked":"Heavy Blade","floor":11.0},{"not_picked":["Headbutt","Sword Boomerang","Clothesline"],"picked":"SKIP","floor":13.0},{"not_picked":["Impervious","Limit Break"],"picked":"Double Tap","floor":16.0},{"not_picked":["Decay","ReplayTheSpireMod:Faulty Equipment"],"picked":"Spreading Infection","floor":17.0},{"not_picked":["Pain","Hallucinations"],"picked":"CommonCold","floor":17.0},{"not_picked":["CurseOfTheBell","Normality"],"picked":"Voices","floor":17.0},{"not_picked":["Replay:Undeath\u0027s Touch+1","Flex"],"picked":"Rampage","floor":18.0},{"not_picked":["Iron Wave+1","Anger"],"picked":"Dark Embrace+1","floor":19.0},{"not_picked":["Twin Strike","Blood for Blood","Metallicize"],"picked":"SKIP","floor":20.0},{"not_picked":["Burning Pact","Sever Soul+1"],"picked":"Infernal Blade","floor":22.0},{"not_picked":["Brutality","Second Wind+1","Feel No Pain+1"],"picked":"SKIP","floor":25.0},{"not_picked":["Perfected Strike","Shrug It Off+1"],"picked":"Flex","floor":29.0}],"player_experience":133925,"relics_obtained":[{"floor":6.0,"key":"Snack Pack"},{"floor":7.0,"key":"Bottled Lightning"},{"floor":9.0,"key":"ReplayTheSpireMod:TigerMarble"},{"floor":26.0,"key":"Replay:Bottled Eggs"}],"event_choices":[{"damage_healed":0.0,"max_hp_gain":0.0,"max_hp_loss":0.0,"gold_gain":0.0,"event_name":"Upgrade Shrine","player_choice":"Upgraded","floor":2.0,"gold_loss":0.0,"damage_taken":0.0,"cards_upgraded":["Bash"]},{"damage_healed":0.0,"max_hp_gain":0.0,"max_hp_loss":0.0,"gold_gain":0.0,"event_name":"Big Fish","player_choice":"Box","floor":5.0,"gold_loss":0.0,"damage_taken":0.0,"relics_obtained":["Thread and Needle"],"cards_obtained":["Regret"]},{"cards_removed":["Shrug It Off"],"damage_healed":0.0,"max_hp_gain":0.0,"max_hp_loss":0.0,"gold_gain":0.0,"event_name":"WeMeetAgain","player_choice":"Gave Card","floor":10.0,"gold_loss":0.0,"damage_taken":0.0,"relics_obtained":["Ginger"]},{"damage_healed":0.0,"max_hp_gain":0.0,"max_hp_loss":0.0,"gold_gain":0.0,"event_name":"Shining Light","player_choice":"Entered Light","floor":12.0,"gold_loss":0.0,"damage_taken":16.0,"cards_upgraded":["Strike_R","Defend_R"]},{"cards_removed":["Regret"],"damage_healed":0.0,"max_hp_gain":0.0,"max_hp_loss":0.0,"gold_gain":0.0,"event_name":"Purifier","player_choice":"Purged","floor":14.0,"gold_loss":0.0,"damage_taken":0.0},{"damage_healed":0.0,"max_hp_gain":0.0,"max_hp_loss":0.0,"gold_gain":0.0,"event_name":"FaceTrader","player_choice":"Trade","floor":21.0,"gold_loss":0.0,"damage_taken":0.0,"relics_obtained":["SsserpentHead"]},{"damage_healed":0.0,"max_hp_gain":0.0,"max_hp_loss":0.0,"gold_gain":0.0,"event_name":"Vampires","player_choice":"Became a vampire (Vial)","floor":31.0,"relics_lost":["Blood Vial"],"gold_loss":0.0,"damage_taken":0.0,"cards_obtained":["Bite","Bite","Bite","Bite","Bite"]}],"is_beta":false,"boss_relics":[{"not_picked":["Velvet Choker","Mark of Pain"],"picked":"Replay:Ancient Bell"},{"not_picked":["Juzu Bracelet","Boot"],"picked":"Happy Flower"},{"not_picked":["Replay:Bottled Flurry","Molten Egg 2"],"picked":"Darkstone Periapt"},{"not_picked":["StoneCalendar","Calipers"],"picked":"Torii"}],"items_purged_floors":[3,27],"is_endless":false,"potions_floor_spawned":[6,11,19,25],"killed_by":"Automaton","ascension_level":0}}