{"host":"Ian","time":1608196889,"event":{"mods":["BaseMod","Bestiary","Block Reminder","Colored Map","Highlight Path","Key Reminder","Minty Spire (QoL Compilation)","Relic Stats"],"gold_per_floor":[11,22,32,32,32,32,45,45,45,57,89,102,120,146,146,223,223,198,178,196,214,232,232,262,262,262,287,319,246,258,299,311,395,407,435,463,488,510,536,548,548],"floor_reached":40,"playtime":2547,"items_purged":[],"score":942,"play_id":"14022cc8-4efa-4d58-a379-cff1875ff7ff","local_time":"20201217092129","is_ascension_mode":true,"campfire_choices":[{"data":"Apotheosis","floor":6.0,"key":"SMITH"},{"data":"Disarm","floor":15.0,"key":"SMITH"},{"floor":23.0,"key":"REST"},{"floor":25,"key":"REST"},{"floor":30,"key":"REST"},{"floor":32,"key":"REST"}],"circlet_count":0,"master_deck":["AscendersBane","Strike_R","Strike_R","Strike_R","Defend_R+1","Defend_R","Defend_R+1","Defend_R","Bash+1","Apotheosis+1","Disarm+1","Iron Wave","Clothesline","Cleave+1","Hemokinesis","Inflame","Body Slam","Rage","Feed","Sword Boomerang","True Grit","Barricade","Combust","Spot Weakness"],"relics":["Burning Blood","Mercury Hourglass","TungstenRod","War Paint","Black Star","Ginger","Whetstone","MawBank","Du-Vu Doll","Incense Burner","Bronze Scales","Runic Dome"],"acts_visited":["Exordium","TheCity","TheBeyond"],"potions_floor_usage":[24,31,39,40],"damage_taken":[{"damage":4.0,"enemies":"Small Slimes","floor":1.0,"turns":4.0},{"damage":5.0,"enemies":"Jaw Worm","floor":2.0,"turns":4.0},{"damage":3.0,"enemies":"Cultist","floor":3.0,"turns":4.0},{"damage":0.0,"enemies":"2 Fungi Beasts","floor":7.0,"turns":5.0},{"damage":0.0,"enemies":"Gremlin Gang","floor":10.0,"turns":2.0},{"damage":7.0,"enemies":"3 Sentries","floor":11.0,"turns":5.0},{"damage":7.0,"enemies":"3 Louse","floor":12.0,"turns":3.0},{"damage":0.0,"enemies":"Large Slime","floor":13.0,"turns":5.0},{"damage":7.0,"enemies":"Gremlin Nob","floor":14.0,"turns":3.0},{"damage":40.0,"enemies":"Hexaghost","floor":16.0,"turns":8.0},{"damage":15.0,"enemies":"2 Thieves","floor":18.0,"turns":4.0},{"damage":19.0,"enemies":"Shell Parasite","floor":20.0,"turns":7.0},{"damage":50.0,"enemies":"Cultist and Chosen","floor":21.0,"turns":8.0},{"damage":21.0,"enemies":"Snake Plant","floor":22.0,"turns":4.0},{"damage":40,"enemies":"Gremlin Leader","floor":24,"turns":8},{"damage":39,"enemies":"3 Cultists","floor":27,"turns":6},{"damage":20,"enemies":"Shelled Parasite and Fungi","floor":28,"turns":7},{"damage":8,"enemies":"Book of Stabbing","floor":31,"turns":6},{"damage":58,"enemies":"Automaton","floor":33,"turns":12},{"damage":4,"enemies":"Orb Walker","floor":35,"turns":3},{"damage":15,"enemies":"3 Shapes","floor":36,"turns":7},{"damage":3,"enemies":"3 Darklings","floor":37,"turns":4},{"damage":46,"enemies":"Jaw Worm Horde","floor":38,"turns":7},{"damage":35,"enemies":"Transient","floor":39,"turns":6},{"damage":45,"enemies":"Nemesis","floor":40,"turns":7}],"seed_played":"1664606483302968365","potions_obtained":[{"floor":2.0,"key":"DuplicationPotion"},{"floor":7.0,"key":"CultistPotion"},{"floor":19.0,"key":"Regen Potion"},{"floor":21.0,"key":"BloodPotion"},{"floor":31,"key":"CultistPotion"},{"floor":35,"key":"Fruit Juice"},{"floor":39,"key":"Explosive Potion"}],"is_trial":false,"path_per_floor":["M","M","M","?","?","R","M","$","T","M","E","M","M","E","R","B",null,"M","?","M","M","M","R","E","R","T","M","M","?","R","E","R","B",null,"M","M","M","M","M","E"],"character_chosen":"IRONCLAD","items_purchased":[],"campfire_rested":4,"item_purchase_floors":[],"current_hp_per_floor":[70,71,74,74,74,74,75,75,75,75,74,73,75,74,74,40,66,60,60,51,26,15,42,30,58,58,25,14,14,43,45,75,23,82,87,82,89,49,25,0,0],"gold":548,"neow_bonus":"RANDOM_COLORLESS_2","is_daily":false,"chose_seed":false,"campfire_upgraded":2,"win_rate":0.0,"timestamp":1608196889,"path_taken":["M","M","M","?","?","R","M","$","T","?","E","M","M","E","R","BOSS","M","?","M","?","M","R","E","R","T","M","M","?","R","E","R","BOSS","M","M","M","M","M","E"],"items_purchased_type":[],"build_version":"2020-12-07","purchased_purges":0,"victory":false,"max_hp_per_floor":[75,75,75,75,75,75,75,75,75,75,75,75,75,75,75,75,75,78,78,82,86,90,90,94,94,94,94,97,97,97,101,101,101,101,104,108,112,112,117,117,117],"relic_stats":{"counters":[25,138],"Bronze Scales":[129],"Black Star":2,"Ginger":[0],"Whetstone":["Bash","Cleave"],"War Paint":["Defend_R","Defend_R"],"MawBank":168,"obtain_stats":[{"Du-Vu Doll":29,"Runic Dome":34,"Bronze Scales":31,"Black Star":17,"Incense Burner":31,"Ginger":24,"Whetstone":24,"War Paint":14,"MawBank":26,"Burning Blood":0,"TungstenRod":11,"Mercury Hourglass":9},{"Du-Vu Doll":17,"Runic Dome":19,"Bronze Scales":18,"Black Star":10,"Incense Burner":18,"Ginger":15,"Whetstone":15,"War Paint":9,"MawBank":15,"Burning Blood":0,"TungstenRod":6,"Mercury Hourglass":4},{"Du-Vu Doll":86,"Runic Dome":104,"Bronze Scales":92,"Black Star":42,"Incense Burner":92,"Ginger":73,"Whetstone":73,"War Paint":34,"MawBank":73,"Burning Blood":0,"TungstenRod":24,"Mercury Hourglass":17}],"Burning Blood":129,"TungstenRod":112,"Mercury Hourglass":[432]},"card_choices":[{"not_picked":["Chrysalis","Secret Technique"],"picked":"Apotheosis","floor":0.0},{"not_picked":["Iron Wave","Anger"],"picked":"Disarm","floor":1.0},{"not_picked":["Headbutt","Dropkick"],"picked":"Iron Wave","floor":2.0},{"not_picked":["Perfected Strike","Shrug It Off"],"picked":"Clothesline","floor":3.0},{"not_picked":["Sword Boomerang","Carnage"],"picked":"Cleave","floor":7.0},{"not_picked":["Perfected Strike","Sever Soul"],"picked":"Hemokinesis","floor":10.0},{"not_picked":["Dropkick","Metallicize"],"picked":"Inflame","floor":11.0},{"not_picked":["Shrug It Off","Bludgeon"],"picked":"Body Slam","floor":12.0},{"not_picked":["Evolve","Wild Strike","Ghostly Armor"],"picked":"SKIP","floor":13.0},{"not_picked":["Flex","Wild Strike"],"picked":"Rage","floor":14.0},{"not_picked":["Exhume","Bludgeon"],"picked":"Feed","floor":16.0},{"not_picked":["Wild Strike","Burning Pact"],"picked":"Sword Boomerang","floor":18.0},{"not_picked":["Clothesline","Spot Weakness"],"picked":"True Grit","floor":20.0},{"not_picked":["Sever Soul","Cleave","Armaments"],"picked":"SKIP","floor":21.0},{"not_picked":["Pummel","Reckless Charge","Havoc"],"picked":"SKIP","floor":22.0},{"not_picked":["Headbutt","Body Slam","Pommel Strike"],"picked":"SKIP","floor":24},{"not_picked":["Anger","Flex","Armaments"],"picked":"SKIP","floor":27},{"not_picked":["Heavy Blade","Juggernaut","Wild Strike"],"picked":"SKIP","floor":28},{"not_picked":["Seeing Red","Pummel","Evolve"],"picked":"SKIP","floor":31},{"not_picked":["Double Tap","Offering"],"picked":"Barricade","floor":33},{"not_picked":["Blood for Blood+1","Thunderclap"],"picked":"Combust","floor":35},{"not_picked":["Havoc+1","Warcry","Heavy Blade"],"picked":"SKIP","floor":36},{"not_picked":["Rage","Iron Wave+1","Havoc"],"picked":"SKIP","floor":37},{"not_picked":["Iron Wave+1","Heavy Blade","Sword Boomerang"],"picked":"SKIP","floor":38},{"not_picked":["Headbutt","Thunderclap"],"picked":"Spot Weakness","floor":39}],"player_experience":2536313,"relics_obtained":[{"floor":9.0,"key":"Mercury Hourglass"},{"floor":11.0,"key":"TungstenRod"},{"floor":14.0,"key":"War Paint"},{"floor":24,"key":"Ginger"},{"floor":24,"key":"Whetstone"},{"floor":26,"key":"MawBank"},{"floor":31,"key":"Incense Burner"},{"floor":31,"key":"Bronze Scales"}],"event_choices":[{"cards_removed":["Strike_R"],"damage_healed":0.0,"max_hp_gain":0.0,"max_hp_loss":0.0,"gold_gain":0.0,"event_name":"Living Wall","player_choice":"Forget","floor":4.0,"gold_loss":0.0,"damage_taken":0.0},{"cards_removed":["Strike_R"],"damage_healed":0.0,"max_hp_gain":0.0,"max_hp_loss":0.0,"gold_gain":0.0,"event_name":"Purifier","player_choice":"Purged","floor":5.0,"gold_loss":0.0,"damage_taken":0.0},{"damage_healed":0.0,"max_hp_gain":0.0,"max_hp_loss":0.0,"gold_gain":0.0,"event_name":"The Woman in Blue","player_choice":"Bought 1 Potion","floor":19.0,"gold_loss":0.0,"damage_taken":0.0},{"damage_healed":0,"gold_gain":0,"player_choice":"Obtained Relic","damage_taken":0,"relics_obtained":["Du-Vu Doll"],"max_hp_gain":0,"max_hp_loss":0,"event_name":"Addict","floor":29,"gold_loss":85}],"is_beta":true,"boss_relics":[{"not_picked":["Empty Cage","Tiny House"],"picked":"Black Star"},{"not_picked":["Coffee Dripper","Snecko Eye"],"picked":"Runic Dome"}],"items_purged_floors":[],"is_endless":false,"potions_floor_spawned":[2,7,11,13,20,21,31,35,39],"killed_by":"Nemesis","ascension_level":20}}