{"host":"w3x3n9s6mrz4xpf0","time":1608210017,"event":{"mods":["BaseMod","Minty Spire (QoL Compilation)","StSLib","SuperFastMode"],"gold_per_floor":[119,119,132,143,161,161,196,196,196,213,225,225,56,56,56,133,133,145,145,45,123,73,99,112,146,146,164,199,210,226,257,257,333,333,348,368,387,434,446,478,478,511,511,538,563,577,591,626,638,650],"floor_reached":51,"playtime":1813,"items_purged":["Strike_R","Strike_R"],"score":1886,"play_id":"36986ab9-9d38-4cf0-baf0-c120e0a425cc","local_time":"20201217220017","is_ascension_mode":true,"campfire_choices":[{"data":"Body Slam","floor":6.0,"key":"SMITH"},{"data":"Juggernaut","floor":8.0,"key":"SMITH"},{"data":"Evolve","floor":12.0,"key":"SMITH"},{"data":"Feel No Pain","floor":15.0,"key":"SMITH"},{"data":"Barricade","floor":32.0,"key":"SMITH"},{"data":"Reckless Charge","floor":41.0,"key":"SMITH"},{"floor":49,"key":"REST"}],"circlet_count":0,"master_deck":["AscendersBane","Strike_R","Strike_R","Defend_R","Defend_R","Defend_R","Defend_R","Bash","Reckless Charge+1","Body Slam+1","Evolve+1","Juggernaut+1","Second Wind+1","True Grit+1","Shrug It Off+1","Feel No Pain+1","Barricade+1","Offering+1","Shrug It Off+1","Warcry+1","Impervious+1"],"relics":["Burning Blood","Boot","Toxic Egg 2","Lantern","SacredBark","CultistMask","Kunai","Frozen Egg 2","Pen Nib","Shuriken","Centennial Puzzle","Incense Burner","Cursed Key","Dream Catcher","Potion Belt","Molten Egg 2","Magic Flower","MawBank"],"acts_visited":["Exordium","TheCity","TheBeyond"],"potions_floor_usage":[50,50,50],"damage_taken":[{"damage":4.0,"enemies":"Jaw Worm","floor":1.0,"turns":4.0},{"damage":6.0,"enemies":"Cultist","floor":3.0,"turns":3.0},{"damage":7.0,"enemies":"2 Louse","floor":4.0,"turns":3.0},{"damage":18.0,"enemies":"Red Slaver","floor":5.0,"turns":5.0},{"damage":43.0,"enemies":"Gremlin Nob","floor":7.0,"turns":5.0},{"damage":8.0,"enemies":"Large Slime","floor":10.0,"turns":5.0},{"damage":10.0,"enemies":"2 Fungi Beasts","floor":11.0,"turns":5.0},{"damage":2.0,"enemies":"Hexaghost","floor":16.0,"turns":7.0},{"damage":21.0,"enemies":"2 Thieves","floor":18.0,"turns":5.0},{"damage":36.0,"enemies":"Book of Stabbing","floor":23.0,"turns":6.0},{"damage":0.0,"enemies":"Spheric Guardian","floor":24.0,"turns":5.0},{"damage":18.0,"enemies":"Gremlin Leader","floor":25.0,"turns":6.0},{"damage":6.0,"enemies":"Centurion and Healer","floor":27.0,"turns":7.0},{"damage":6.0,"enemies":"Book of Stabbing","floor":28.0,"turns":4.0},{"damage":6.0,"enemies":"Snecko","floor":29.0,"turns":3.0},{"damage":6.0,"enemies":"Snake Plant","floor":30.0,"turns":2.0},{"damage":6.0,"enemies":"Slavers","floor":31.0,"turns":5.0},{"damage":6.0,"enemies":"Champ","floor":33.0,"turns":6.0},{"damage":6.0,"enemies":"3 Darklings","floor":35.0,"turns":3.0},{"damage":0.0,"enemies":"3 Shapes","floor":36.0,"turns":4.0},{"damage":29.0,"enemies":"Writhing Mass","floor":37.0,"turns":4.0},{"damage":16.0,"enemies":"2 Orb Walkers","floor":38.0,"turns":4.0},{"damage":6.0,"enemies":"Jaw Worm Horde","floor":39.0,"turns":4.0},{"damage":6.0,"enemies":"Giant Head","floor":40.0,"turns":7.0},{"damage":27.0,"enemies":"Nemesis","floor":42.0,"turns":3.0},{"damage":6,"enemies":"Giant Head","floor":44,"turns":6},{"damage":6,"enemies":"Mind Bloom Boss Battle","floor":45,"turns":4},{"damage":6,"enemies":"3 Darklings","floor":46,"turns":5},{"damage":6,"enemies":"4 Shapes","floor":47,"turns":3},{"damage":0,"enemies":"Nemesis","floor":48,"turns":5},{"damage":6,"enemies":"Time Eater","floor":50,"turns":6}],"seed_played":"8670954277648492508","potions_obtained":[{"floor":1.0,"key":"ElixirPotion"},{"floor":3.0,"key":"Energy Potion"},{"floor":10.0,"key":"Swift Potion"},{"floor":18.0,"key":"Explosive Potion"},{"floor":28.0,"key":"Strength Potion"},{"floor":29.0,"key":"PowerPotion"},{"floor":33.0,"key":"Regen Potion"},{"floor":42.0,"key":"Weak Potion"},{"floor":44,"key":"BlessingOfTheForge"},{"floor":48,"key":"LiquidBronze"}],"is_trial":false,"path_per_floor":["M","?","M","M","M","R","E","R","T","M","M","R","$","?","R","B",null,"M","?","$","T","?","E","M","E","T","M","E","M","M","E","R","B",null,"M","M","M","?","M","E","R","E","T","E","?","M","M","E","R","B",null],"character_chosen":"IRONCLAD","items_purchased":["Shrug It Off+1","Feel No Pain"],"campfire_rested":1,"item_purchase_floors":[13,13],"current_hp_per_floor":[70,70,70,69,57,57,20,20,20,18,14,14,14,14,14,18,61,46,46,46,46,46,16,22,10,10,10,10,10,10,10,10,10,59,59,65,42,32,32,75,75,54,54,54,54,57,60,69,75,75],"gold":662,"neow_bonus":"TRANSFORM_CARD","is_daily":false,"chose_seed":false,"campfire_upgraded":6,"win_rate":0.0,"timestamp":1608210017,"path_taken":["M","?","M","?","M","R","E","R","T","M","M","R","$","?","R","BOSS","M","?","$","?","?","E","M","E","T","M","E","?","M","E","R","BOSS","M","M","M","?","M","E","R","E","T","E","?","M","M","E","R","BOSS"],"items_purchased_type":["Card","Card"],"build_version":"2020-12-13","purchased_purges":2,"victory":true,"max_hp_per_floor":[75,75,75,75,75,75,75,75,75,75,75,75,75,75,75,75,75,75,75,75,75,75,75,75,75,75,75,75,75,75,75,75,75,75,75,75,75,75,75,75,75,75,75,75,75,75,75,75,75,75],"card_choices":[{"not_picked":["Dropkick","True Grit"],"picked":"Body Slam","floor":1.0},{"not_picked":["Thunderclap","Shrug It Off"],"picked":"Evolve","floor":3.0},{"not_picked":["Thunderclap","True Grit"],"picked":"Juggernaut","floor":4.0},{"not_picked":["Flex","Anger","Headbutt"],"picked":"SKIP","floor":5.0},{"not_picked":["Battle Trance+1","Sentinel+1"],"picked":"Second Wind+1","floor":7.0},{"not_picked":["Hemokinesis","Inflame","Clothesline"],"picked":"SKIP","floor":10.0},{"not_picked":["Headbutt","Carnage"],"picked":"True Grit+1","floor":11.0},{"not_picked":["Juggernaut","Feed"],"picked":"Barricade","floor":16.0},{"not_picked":["Blood for Blood","Rupture","Twin Strike"],"picked":"SKIP","floor":18.0},{"not_picked":["Cleave","Iron Wave","Thunderclap"],"picked":"SKIP","floor":23.0},{"not_picked":["Searing Blow","Cleave+1","Uppercut"],"picked":"SKIP","floor":24.0},{"not_picked":["Cleave","Reckless Charge"],"picked":"Offering+1","floor":25.0},{"not_picked":["Intimidate+1","Armaments+1","Wild Strike"],"picked":"SKIP","floor":27.0},{"not_picked":["Ghostly Armor+1","Whirlwind","Hemokinesis"],"picked":"SKIP","floor":28.0},{"not_picked":["Burning Pact+1","Headbutt"],"picked":"Shrug It Off+1","floor":29.0},{"not_picked":["Perfected Strike","Body Slam","Sever Soul+1"],"picked":"SKIP","floor":30.0},{"not_picked":["Uppercut","Warcry+1","Twin Strike"],"picked":"SKIP","floor":31.0},{"not_picked":["Uppercut","Twin Strike"],"picked":"Warcry+1","floor":31.0},{"not_picked":["Fiend Fire","Limit Break+1"],"picked":"Impervious+1","floor":33.0},{"not_picked":["Wild Strike","Shrug It Off+1","Twin Strike+1"],"picked":"SKIP","floor":35.0},{"not_picked":["Flame Barrier+1","Blood for Blood","Havoc+1"],"picked":"SKIP","floor":36.0},{"not_picked":["Anger","True Grit+1","Searing Blow"],"picked":"SKIP","floor":37.0},{"not_picked":["Dark Embrace+1","Inflame+1","Reckless Charge"],"picked":"SKIP","floor":39.0},{"not_picked":["Limit Break+1","Anger","Heavy Blade"],"picked":"SKIP","floor":40.0},{"not_picked":["Limit Break+1","Dark Embrace+1","Headbutt"],"picked":"SKIP","floor":42.0},{"not_picked":["Sword Boomerang+1","Fire Breathing+1","Thunderclap+1"],"picked":"SKIP","floor":44},{"not_picked":["Iron Wave+1","Clash+1","Thunderclap+1"],"picked":"SKIP","floor":46},{"not_picked":["Havoc+1","Burning Pact+1","Headbutt+1"],"picked":"SKIP","floor":47},{"not_picked":["Thunderclap+1","Clothesline+1","Havoc+1"],"picked":"SKIP","floor":48}],"player_experience":70815,"relics_obtained":[{"floor":7.0,"key":"Toxic Egg 2"},{"floor":9.0,"key":"Lantern"},{"floor":21.0,"key":"Kunai"},{"floor":23.0,"key":"Frozen Egg 2"},{"floor":25.0,"key":"Pen Nib"},{"floor":26.0,"key":"Shuriken"},{"floor":28.0,"key":"Centennial Puzzle"},{"floor":31.0,"key":"Incense Burner"},{"floor":40.0,"key":"Dream Catcher"},{"floor":42.0,"key":"Potion Belt"},{"floor":44,"key":"Molten Egg 2"},{"floor":45,"key":"Magic Flower"},{"floor":48,"key":"MawBank"}],"event_choices":[{"damage_healed":0.0,"max_hp_gain":0.0,"max_hp_loss":0.0,"gold_gain":0.0,"event_name":"WeMeetAgain","player_choice":"Gave Potion","floor":2.0,"gold_loss":0.0,"damage_taken":0.0,"relics_obtained":["Boot"]},{"damage_healed":0.0,"max_hp_gain":0.0,"max_hp_loss":0.0,"gold_gain":0.0,"event_name":"Shining Light","player_choice":"Ignored","floor":14.0,"gold_loss":0.0,"damage_taken":0.0},{"damage_healed":0.0,"max_hp_gain":0.0,"max_hp_loss":0.0,"gold_gain":0.0,"event_name":"FaceTrader","player_choice":"Trade","floor":19.0,"gold_loss":0.0,"damage_taken":0.0,"relics_obtained":["CultistMask"]},{"damage_healed":0.0,"max_hp_gain":0.0,"max_hp_loss":0.0,"gold_gain":0.0,"event_name":"The Joust","player_choice":"Bet on Murderer","floor":22.0,"gold_loss":50.0,"damage_taken":0.0},{"damage_healed":0.0,"max_hp_gain":0.0,"max_hp_loss":0.0,"gold_gain":0.0,"event_name":"Mysterious Sphere","player_choice":"Fight","floor":38.0,"gold_loss":0.0,"damage_taken":0.0},{"damage_healed":0,"gold_gain":0,"player_choice":"Fight","damage_taken":0,"max_hp_gain":0,"max_hp_loss":0,"event_name":"MindBloom","floor":45,"gold_loss":0}],"is_beta":false,"boss_relics":[{"not_picked":["Runic Cube","Busted Crown"],"picked":"SacredBark"},{"not_picked":["Pandora\u0027s Box","Velvet Choker"],"picked":"Cursed Key"}],"items_purged_floors":[13,20],"is_endless":false,"potions_floor_spawned":[1,3,7,10,11,18,28,29,33,38,42,44,48],"ascension_level":15}}