{"host":"o7j6aatxjwpw1421","time":1608217116,"event":{"mods":["2.2 Compatiblity","BaseMod","Colored Map","DeckTracker","Highlight Path","Keyboard Shortcuts","Minty Spire (QoL Compilation)","Permanent Neow","Quick Restart","StSLib","SuperFastMode","everything is the same but u backflip on backflip"],"gold_per_floor":[114,133,153,172,187,187,199,28,82,117,117,117,130,163,163,263,263,243,263,188,188,188,222,222,256,306,333,356,368,409,437,449,559,571,593,345,1344,1344,1395,1395,1428,1448,1493,1110,1138,1138,1165,1182,1182,1182],"floor_reached":51,"playtime":1998,"items_purged":["Juggernaut","Demon Form"],"score":1160,"play_id":"522eb967-5a45-4b9d-be40-0fb5db79da53","local_time":"20201217235836","is_ascension_mode":true,"campfire_choices":[{"data":"Whirlwind","floor":6,"key":"SMITH"},{"floor":11,"key":"REST"},{"data":"Armaments","floor":15,"key":"SMITH"},{"data":"Perfected Strike","floor":24,"key":"SMITH"},{"data":"Perfected Strike","floor":29,"key":"SMITH"},{"data":"Perfected Strike","floor":32,"key":"SMITH"},{"floor":40,"key":"REST"},{"floor":49,"key":"REST"}],"circlet_count":0,"master_deck":["Strike_R","Strike_R","Strike_R","Strike_R","Strike_R","Defend_R","Defend_R","Defend_R","Defend_R","Bash","Whirlwind+1","Bludgeon","Dual Wield","Perfected Strike+1","Pommel Strike","Armaments+1","Perfected Strike+1","Thunderclap","Wild Strike","Perfected Strike+1","Necronomicurse","Perfected Strike+1","Twin Strike","Inflame+1","Perfected Strike+1","Wild Strike","Twin Strike"],"relics":["Black Blood","Pen Nib","Membership Card","Boot","CaptainsWheel","Shuriken","Letter Opener","Necronomicon","Regal Pillow","Du-Vu Doll","Omamori","MawBank","Gremlin Horn","Fusion Hammer","DollysMirror","Bag of Preparation","PreservedInsect","Gambling Chip","Red Skull","Juzu Bracelet","Pear","Self Forming Clay","Cauldron","Orichalcum","Art of War"],"acts_visited":["Exordium","TheCity","TheBeyond"],"potions_floor_usage":[5,10,16,18,19,25,47,50,50,50,50],"damage_taken":[{"damage":6,"enemies":"Cultist","floor":1,"turns":4},{"damage":12,"enemies":"Small Slimes","floor":2,"turns":2},{"damage":9,"enemies":"2 Louse","floor":3,"turns":2},{"damage":25,"enemies":"Large Slime","floor":4,"turns":7},{"damage":20,"enemies":"3 Louse","floor":5,"turns":3},{"damage":13,"enemies":"Exordium Wildlife","floor":7,"turns":5},{"damage":21,"enemies":"Lagavulin","floor":10,"turns":5},{"damage":7,"enemies":"Looter","floor":13,"turns":3},{"damage":14,"enemies":"Gremlin Nob","floor":14,"turns":4},{"damage":30,"enemies":"Slime Boss","floor":16,"turns":9},{"damage":22,"enemies":"2 Thieves","floor":18,"turns":4},{"damage":0,"enemies":"Shell Parasite","floor":19,"turns":2},{"damage":0,"enemies":"Gremlin Leader","floor":23,"turns":2},{"damage":7,"enemies":"Slavers","floor":25,"turns":2},{"damage":7,"enemies":"Book of Stabbing","floor":27,"turns":2},{"damage":12,"enemies":"Cultist and Chosen","floor":28,"turns":3},{"damage":48,"enemies":"Slavers","floor":30,"turns":3},{"damage":19,"enemies":"Snake Plant","floor":31,"turns":2},{"damage":14,"enemies":"Automaton","floor":33,"turns":4},{"damage":11,"enemies":"3 Darklings","floor":35,"turns":3},{"damage":11,"enemies":"2 Orb Walkers","floor":39,"turns":2},{"damage":0,"enemies":"Giant Head","floor":41,"turns":3},{"damage":4,"enemies":"3 Shapes","floor":42,"turns":2},{"damage":0,"enemies":"Reptomancer","floor":45,"turns":1},{"damage":13,"enemies":"Nemesis","floor":47,"turns":3},{"damage":3,"enemies":"Transient","floor":48,"turns":5},{"damage":28,"enemies":"Donu and Deca","floor":50,"turns":4}],"seed_played":"4940702348318523404","potions_obtained":[{"floor":1,"key":"Swift Potion"},{"floor":5,"key":"Fruit Juice"},{"floor":7,"key":"Strength Potion"},{"floor":13,"key":"SpeedPotion"},{"floor":14,"key":"Weak Potion"},{"floor":18,"key":"Block Potion"},{"floor":25,"key":"Fruit Juice"},{"floor":33,"key":"Swift Potion"},{"floor":39,"key":"EntropicBrew"},{"floor":44,"key":"PowerPotion"}],"is_trial":false,"path_per_floor":["M","M","M","M","M","R","M","$","T","E","R","T","M","E","R","B",null,"M","M","?","?","?","E","R","E","T","E","M","R","E","M","R","B",null,"M","$","?","?","?","R","E","M","T","$","E","?","E","M","R","B",null],"character_chosen":"IRONCLAD","items_purchased":["Membership Card","Armaments","DollysMirror","Bag of Preparation","PreservedInsect","Pear","Self Forming Clay","Cauldron"],"campfire_rested":3,"item_purchase_floors":[8,8,36,36,36,44,44,44],"current_hp_per_floor":[80,74,71,52,43,43,36,36,36,21,46,46,45,37,37,13,85,75,85,85,69,69,81,81,90,90,90,90,90,54,47,47,45,90,90,90,90,90,90,90,90,90,90,100,100,90,89,98,100,84],"gold":1182,"neow_bonus":"RANDOM_COMMON_RELIC","is_daily":false,"chose_seed":false,"campfire_upgraded":5,"win_rate":0.0,"timestamp":1608217116,"path_taken":["M","?","M","M","M","R","M","$","T","E","R","?","M","E","R","BOSS","M","M","?","?","?","E","R","E","T","E","M","R","E","M","R","BOSS","M","$","?","?","?","R","E","M","T","$","E","?","E","M","R","BOSS"],"items_purchased_type":["Relic","Card","Relic","Relic","Relic","Relic","Relic","Relic"],"build_version":"2020-12-13","purchased_purges":2,"victory":true,"max_hp_per_floor":[80,80,80,80,85,85,85,85,85,85,85,85,85,85,85,85,85,85,85,85,85,85,85,85,90,90,90,90,90,90,90,90,90,90,90,90,90,90,90,90,90,90,90,100,100,100,100,100,100,100],"card_choices":[{"not_picked":["Thunderclap","Pommel Strike"],"picked":"Whirlwind","floor":1},{"not_picked":["Rupture","Wild Strike"],"picked":"Bludgeon","floor":2},{"not_picked":["Anger","Entrench"],"picked":"Dual Wield","floor":3},{"not_picked":["Thunderclap","Headbutt"],"picked":"Perfected Strike","floor":4},{"not_picked":["Thunderclap","Evolve"],"picked":"Rampage","floor":5},{"not_picked":["Headbutt","Pummel"],"picked":"Pommel Strike","floor":7},{"not_picked":["Flex","Infernal Blade"],"picked":"Perfected Strike","floor":10},{"not_picked":["Twin Strike","Evolve"],"picked":"Juggernaut","floor":13},{"not_picked":["Headbutt","Flex"],"picked":"Thunderclap","floor":14},{"not_picked":["Bludgeon","Impervious"],"picked":"Demon Form","floor":16},{"not_picked":["Pummel","Pommel Strike"],"picked":"Wild Strike","floor":18},{"not_picked":["Pommel Strike","True Grit+1"],"picked":"Perfected Strike+1","floor":19},{"not_picked":["Power Through","Immolate","Whirlwind"],"picked":"SKIP","floor":23},{"not_picked":["Anger","Searing Blow"],"picked":"Perfected Strike","floor":25},{"not_picked":["Clash+1","Clothesline","Flex"],"picked":"SKIP","floor":27},{"not_picked":["True Grit+1","Intimidate"],"picked":"Twin Strike","floor":28},{"not_picked":["Clash","Heavy Blade+1"],"picked":"Inflame+1","floor":30},{"not_picked":["Blood for Blood","Rage+1","Iron Wave"],"picked":"SKIP","floor":31},{"not_picked":["Sword Boomerang","Metallicize+1","Ghostly Armor"],"picked":"SKIP","floor":35},{"not_picked":["Body Slam","Warcry"],"picked":"Wild Strike","floor":39},{"not_picked":["Shrug It Off+1","Dark Embrace","Disarm"],"picked":"SKIP","floor":41},{"not_picked":["Sword Boomerang","Iron Wave","Body Slam"],"picked":"SKIP","floor":42},{"not_picked":["Evolve","Intimidate","Fiend Fire"],"picked":"SKIP","floor":45},{"not_picked":["Infernal Blade+1","Barricade"],"picked":"Twin Strike","floor":47},{"not_picked":["Sword Boomerang+1","Warcry+1","True Grit"],"picked":"SKIP","floor":48}],"player_experience":251755,"relics_obtained":[{"floor":9,"key":"Boot"},{"floor":10,"key":"CaptainsWheel"},{"floor":12,"key":"Shuriken"},{"floor":14,"key":"Letter Opener"},{"floor":21,"key":"Necronomicon"},{"floor":23,"key":"Regal Pillow"},{"floor":25,"key":"Du-Vu Doll"},{"floor":26,"key":"Omamori"},{"floor":27,"key":"MawBank"},{"floor":30,"key":"Gremlin Horn"},{"floor":39,"key":"Gambling Chip"},{"floor":41,"key":"Red Skull"},{"floor":43,"key":"Juzu Bracelet"},{"floor":45,"key":"Orichalcum"},{"floor":47,"key":"Art of War"}],"event_choices":[{"cards_removed":["Rampage"],"damage_healed":0,"gold_gain":0,"player_choice":"Gave Gold","damage_taken":0,"max_hp_gain":0,"max_hp_loss":0,"event_name":"Beggar","floor":20,"gold_loss":75},{"damage_healed":0,"gold_gain":0,"player_choice":"Obtained Book","damage_taken":16,"max_hp_gain":0,"max_hp_loss":0,"event_name":"Cursed Tome","floor":21,"gold_loss":0},{"damage_healed":0,"gold_gain":0,"player_choice":"Ignored","damage_taken":0,"max_hp_gain":0,"max_hp_loss":0,"event_name":"Vampires","floor":22,"gold_loss":0},{"damage_healed":0,"gold_gain":999,"player_choice":"Gold","damage_taken":0,"max_hp_gain":0,"max_hp_loss":0,"event_name":"MindBloom","floor":37,"gold_loss":0,"cards_obtained":["Normality","Normality"]},{"damage_healed":0,"gold_gain":0,"player_choice":"Ignored","damage_taken":0,"max_hp_gain":0,"max_hp_loss":0,"event_name":"Tomb of Lord Red Mask","floor":38,"gold_loss":0},{"damage_healed":0,"gold_gain":0,"player_choice":"Fight","damage_taken":0,"max_hp_gain":0,"max_hp_loss":0,"event_name":"Mysterious Sphere","floor":39,"gold_loss":0},{"damage_healed":0,"gold_gain":0,"player_choice":"Memory 3","damage_taken":10,"max_hp_gain":0,"max_hp_loss":0,"event_name":"SensoryStone","floor":46,"gold_loss":0}],"is_beta":false,"boss_relics":[{"not_picked":["Runic Cube","SacredBark"],"picked":"Black Blood"},{"not_picked":["Tiny House","Calling Bell"],"picked":"Fusion Hammer"}],"items_purged_floors":[36,44],"is_endless":false,"potions_floor_spawned":[1,5,7,13,14,18,25,33,39,45],"ascension_level":2}}