{"host":"a1eatafr7pisesky","time":1608183305,"event":{"mods":["BaseMod","Colored Map","DeckTracker","Highlight Path","Keyboard Shortcuts","Minty Spire (QoL Compilation)","Permanent Neow","Random Character Button","StSLib","SuperFastMode","everything is the same but u backflip on backflip"],"gold_per_floor":[114,126,76,76,151,151,192,192,192,202,221,241,283,103,103,207,207,226,126,36,88,88,88,140,140,140,153,153,28,106,143,143,250,250,294,314,314,314,314,314,332,359,410,114,151,151,184,123,123,123,123],"floor_reached":50,"playtime":1678,"items_purged":["Strike_P","Defend_P","FlyingSleeves"],"score":636,"play_id":"4c466e3f-2e19-426f-9f81-256ba426eba5","local_time":"20201217143505","is_ascension_mode":true,"campfire_choices":[{"floor":6.0,"key":"REST"},{"data":"Omniscience","floor":8.0,"key":"SMITH"},{"data":"Strike_P","floor":15.0,"key":"PURGE"},{"data":"Strike_P","floor":23.0,"key":"PURGE"},{"floor":25.0,"key":"REST"},{"data":"Ragnarok","floor":28.0,"key":"SMITH"},{"floor":32.0,"key":"REST"},{"floor":40.0,"key":"RECALL"},{"data":"Adaptation","floor":46.0,"key":"SMITH"},{"data":"1","floor":49.0,"key":"LIFT"}],"circlet_count":0,"master_deck":["Eruption+1","Vigilance","Wallop","Blasphemy","Halt","Omniscience+1","FollowUp","Halt","Ragnarok+1","DeusExMachina","Adaptation+1","WreathOfFlame","Indignation","Wish","EmptyMind","Meditate+1","Scrawl","Omniscience+1","MentalFortress"],"relics":["HolyWater","CeramicFish","Pantograph","Peace Pipe","Orrery","Runic Pyramid","Strawberry","Pear","Bag of Preparation","Lantern","DollysMirror","Girya"],"acts_visited":["Exordium","TheCity","TheBeyond"],"potions_floor_usage":[50],"damage_taken":[{"damage":12.0,"enemies":"Cultist","floor":1.0,"turns":3.0},{"damage":2.0,"enemies":"Jaw Worm","floor":2.0,"turns":3.0},{"damage":7.0,"enemies":"Gremlin Nob","floor":7.0,"turns":3.0},{"damage":0.0,"enemies":"Small Slimes","floor":10.0,"turns":2.0},{"damage":0.0,"enemies":"Blue Slaver","floor":11.0,"turns":2.0},{"damage":0.0,"enemies":"Large Slime","floor":12.0,"turns":4.0},{"damage":18.0,"enemies":"3 Sentries","floor":13.0,"turns":6.0},{"damage":21.0,"enemies":"The Guardian","floor":16.0,"turns":8.0},{"damage":10.0,"enemies":"Spheric Guardian","floor":18.0,"turns":3.0},{"damage":6.0,"enemies":"Chosen","floor":21.0,"turns":3.0},{"damage":51.0,"enemies":"Slavers","floor":24.0,"turns":4.0},{"damage":2.0,"enemies":"Centurion and Healer","floor":27.0,"turns":3.0},{"damage":18.0,"enemies":"Chosen and Byrds","floor":30.0,"turns":4.0},{"damage":0.0,"enemies":"3 Cultists","floor":31.0,"turns":3.0},{"damage":3.0,"enemies":"Collector","floor":33.0,"turns":5.0},{"damage":31.0,"enemies":"Orb Walker","floor":35.0,"turns":5.0},{"damage":8.0,"enemies":"3 Shapes","floor":36.0,"turns":1.0},{"damage":7.0,"enemies":"Sphere and 2 Shapes","floor":41.0,"turns":3.0},{"damage":11.0,"enemies":"Reptomancer","floor":42.0,"turns":7.0},{"damage":0.0,"enemies":"Transient","floor":45.0,"turns":5.0},{"damage":0.0,"enemies":"Giant Head","floor":47.0,"turns":1.0},{"damage":61,"enemies":"Awakened One","floor":50,"turns":7}],"seed_played":"2740972471235951282","potions_obtained":[{"floor":1.0,"key":"Fire Potion"},{"floor":10.0,"key":"SmokeBomb"},{"floor":11.0,"key":"SkillPotion"},{"floor":18.0,"key":"Block Potion"},{"floor":33.0,"key":"EssenceOfSteel"},{"floor":35.0,"key":"Energy Potion"},{"floor":47.0,"key":"PowerPotion"}],"is_trial":false,"path_per_floor":["M","M","?","?","?","R","E","R","T","M","M","M","E","$","R","B",null,"M","$","?","M","$","R","E","R","T","M","R","$","M","M","R","B",null,"M","M","?","$","?","R","M","E","T","$","M","R","E","$","R","B"],"character_chosen":"WATCHER","items_purchased":["Orrery","Lantern","DollysMirror","MentalFortress"],"campfire_rested":3,"item_purchase_floors":[14,44,44,48],"current_hp_per_floor":[39,37,37,37,26,47,40,40,40,40,40,40,22,22,22,26,72,62,62,62,56,56,56,12,35,35,33,33,33,15,15,38,60,79,48,40,40,40,40,40,33,32,32,32,32,32,32,32,32,0,0],"gold":123,"neow_bonus":"TRANSFORM_TWO_CARDS","is_daily":false,"chose_seed":false,"campfire_upgraded":3,"win_rate":0.0,"timestamp":1608183305,"path_taken":["M","M","?","?","?","R","E","R","T","M","M","M","E","?","R","BOSS","M","$","?","M","$","R","E","R","T","?","R","$","M","M","R","BOSS","M","M","?","$","?","R","M","E","T","$","M","R","E","$","R","BOSS"],"items_purchased_type":["Relic","Relic","Relic","Card"],"build_version":"2020-12-13","purchased_purges":3,"victory":false,"max_hp_per_floor":[72,72,72,72,72,72,72,72,72,72,72,72,72,72,72,72,72,72,72,72,72,72,72,79,79,79,79,79,79,79,79,79,79,79,79,79,75,75,75,75,75,85,85,85,85,85,85,85,85,85,85],"card_choices":[{"not_picked":["Sanctity","BattleHymn"],"picked":"FlyingSleeves","floor":1.0},{"not_picked":["EmptyBody","CrushJoints"],"picked":"Halt","floor":2.0},{"not_picked":["EmptyBody","Crescendo"],"picked":"Omniscience","floor":7.0},{"not_picked":["ClearTheMind","Weave","Protect"],"picked":"SKIP","floor":10.0},{"not_picked":["JustLucky","Halt"],"picked":"FollowUp","floor":11.0},{"not_picked":["ThirdEye","PathToVictory","Consecrate"],"picked":"SKIP","floor":12.0},{"not_picked":["CutThroughFate","Devotion"],"picked":"Halt","floor":13.0},{"not_picked":["EmptyMind","SignatureMove"],"picked":"Ragnarok","floor":14.0},{"not_picked":["BowlingBash","SignatureMove"],"picked":"DeusExMachina","floor":14.0},{"not_picked":["Pray","FollowUp"],"picked":"Adaptation","floor":14.0},{"not_picked":["SashWhip","FlurryOfBlows"],"picked":"WreathOfFlame","floor":14.0},{"not_picked":["DevaForm","Collect"],"picked":"Indignation","floor":14.0},{"not_picked":["MasterReality","LessonLearned"],"picked":"Wish","floor":16.0},{"not_picked":["Consecrate+1","BowlingBash","ClearTheMind+1"],"picked":"SKIP","floor":18.0},{"not_picked":["PathToVictory","Study+1"],"picked":"EmptyMind","floor":21.0},{"not_picked":["Weave+1","DeceiveReality","EmptyMind"],"picked":"SKIP","floor":24.0},{"not_picked":["WreathOfFlame","ClearTheMind","FollowUp"],"picked":"SKIP","floor":27.0},{"not_picked":["Consecrate+1","Protect+1"],"picked":"Meditate+1","floor":30.0},{"not_picked":["EmptyBody+1","ThirdEye+1","JustLucky"],"picked":"SKIP","floor":31.0},{"not_picked":["Judgement","LessonLearned"],"picked":"Scrawl","floor":33.0},{"not_picked":["Perseverance","JustLucky","CutThroughFate"],"picked":"SKIP","floor":35.0},{"not_picked":["Evaluate+1","Protect","CrushJoints"],"picked":"SKIP","floor":36.0},{"not_picked":["FlurryOfBlows","EmptyBody+1","Protect+1"],"picked":"SKIP","floor":41.0},{"not_picked":["Fasting2+1","Study+1","FlurryOfBlows+1"],"picked":"SKIP","floor":42.0},{"not_picked":["Halt","ForeignInfluence+1","FlurryOfBlows+1"],"picked":"SKIP","floor":45.0},{"not_picked":["FlurryOfBlows","Weave+1","Pray+1"],"picked":"SKIP","floor":47.0}],"player_experience":207735,"relics_obtained":[{"floor":7.0,"key":"CeramicFish"},{"floor":9.0,"key":"Pantograph"},{"floor":13.0,"key":"Peace Pipe"},{"floor":24.0,"key":"Strawberry"},{"floor":42.0,"key":"Pear"},{"floor":43.0,"key":"Bag of Preparation"},{"floor":47.0,"key":"Girya"}],"event_choices":[{"cards_removed":["Defend_P"],"damage_healed":0.0,"max_hp_gain":0.0,"max_hp_loss":0.0,"gold_gain":0.0,"event_name":"The Cleric","player_choice":"Card Removal","floor":3.0,"gold_loss":50.0,"damage_taken":0.0},{"damage_healed":0.0,"max_hp_gain":0.0,"max_hp_loss":0.0,"gold_gain":0.0,"event_name":"Liars Game","player_choice":"Ignored","floor":4.0,"gold_loss":0.0,"damage_taken":0.0},{"damage_healed":0.0,"max_hp_gain":0.0,"max_hp_loss":0.0,"gold_gain":75.0,"event_name":"World of Goop","player_choice":"Gather Gold","floor":5.0,"gold_loss":0.0,"damage_taken":11.0},{"cards_removed":["Defend_P"],"damage_healed":0.0,"max_hp_gain":0.0,"max_hp_loss":0.0,"gold_gain":0.0,"event_name":"Designer","player_choice":"Upgrade and Remove","floor":20.0,"gold_loss":90.0,"damage_taken":0.0,"cards_upgraded":["Eruption"]},{"damage_healed":0.0,"max_hp_gain":0.0,"max_hp_loss":4.0,"gold_gain":0.0,"event_name":"Winding Halls","player_choice":"Max HP","floor":37.0,"gold_loss":0.0,"damage_taken":0.0},{"damage_healed":0.0,"max_hp_gain":0.0,"max_hp_loss":0.0,"gold_gain":0.0,"event_name":"Lab","player_choice":"Got Potions","floor":39.0,"gold_loss":0.0,"damage_taken":0.0}],"is_beta":false,"boss_relics":[{"not_picked":["Astrolabe","Coffee Dripper"],"picked":"Runic Pyramid"},{"not_picked":["Empty Cage","Runic Dome"],"picked":"HolyWater"}],"items_purged_floors":[14,19,29],"is_endless":false,"potions_floor_spawned":[1,10,11,18,21,33,35,36,47],"killed_by":"Awakened One","ascension_level":3}}