{"host":"gcl3kjho9wmyw479","time":1608178909,"event":{"mods":["Act Like it!","BaseMod","Better Note","Minty Spire (QoL Compilation)","Permanent Neow","Quick Restart","Replay The Spire","Shop Mod","StSLib","SuperFastMode","Wandering Minibosses"],"gold_per_floor":[111,127,127,146,157,157,177,177,251,282,301,226,226,126,126,227,227,243,118,368,368,218,218,218,251,251,251,251,251],"floor_reached":28,"playtime":1740,"items_purged":["Infernal Blade","Run Through","Rampage","Iron Wave"],"score":184,"play_id":"0e68e12f-6f32-4a57-9815-6086b208272d","local_time":"20201216232149","daily_mods":["Draft","Heirloom","DeadlyEvents","Elite Swarm"],"is_ascension_mode":false,"campfire_choices":[{"data":"Heavy Blade","floor":6,"key":"SMITH"},{"floor":15,"key":"REST"},{"data":"ReplayTheSpireMod:Muscle Training","floor":23,"key":"SMITH"},{"data":"ReplayTheSpireMod:LeadingStrike","floor":27,"key":"SMITH"}],"circlet_count":0,"master_deck":["Heavy Blade+1","Flex","ReplayTheSpireMod:Muscle Training+1","Spot Weakness","Evolve","Ghostly Armor","Flex","ReplayTheSpireMod:LeadingStrike+1","Pommel Strike","FollowUp"],"relics":["Replay:M_SmolderingBlood","BranchBurnRelic","Unceasing Top","CeramicFish","ReplayTheSpireMod:TigerMarble","Empty Cage","Sundial","Lantern"],"acts_visited":["Exordium","TheCity"],"potions_floor_usage":[16,18,25,25,25,25,25,28],"damage_taken":[{"damage":11,"enemies":"Small Slimes","floor":1,"turns":3},{"damage":6,"enemies":"Cultist","floor":2,"turns":2},{"damage":1,"enemies":"2 Louse","floor":4,"turns":3},{"damage":12,"enemies":"Blue Slaver","floor":5,"turns":2},{"damage":1,"enemies":"Large Slime","floor":7,"turns":4},{"damage":12,"enemies":"Lagavulin","floor":10,"turns":4},{"damage":11,"enemies":"3 Louse","floor":11,"turns":2},{"damage":48,"enemies":"Hexaghost","floor":16,"turns":6},{"damage":55,"enemies":"Shell Parasite","floor":18,"turns":6},{"damage":31,"enemies":"Book of Stabbing","floor":25,"turns":4},{"damage":28,"enemies":"Gremlin Leader","floor":28,"turns":3}],"seed_played":"-3410943875224596237","potions_obtained":[{"floor":4,"key":"Strength Potion"},{"floor":7,"key":"Swift Potion"},{"floor":11,"key":"Explosive Potion"},{"floor":16,"key":"Regen Potion"},{"floor":18,"key":"EntropicBrew"},{"floor":25,"key":"PowerPotion"}],"is_trial":true,"path_per_floor":["M","M","WH","M","M","R","M","?","T","E","M","$","T","$","R","B",null,"M","$","WH","?","$","R","WH","E","T","R","E"],"character_chosen":"IRONCLAD","items_purchased":[],"campfire_rested":1,"item_purchase_floors":[],"current_hp_per_floor":[75,75,75,74,62,62,73,66,66,54,43,43,43,43,67,34,80,25,25,19,19,19,19,19,10,10,10,0,0],"gold":251,"neow_bonus":"REMOVE_TWO","is_daily":false,"chose_seed":false,"campfire_upgraded":3,"win_rate":0.0,"timestamp":1608178909,"path_taken":["M","M","WH","?","M","R","M","?","T","E","M","$","?","$","R","BOSS","M","$","WH","?","$","R","WH","E","T","R","E"],"items_purchased_type":[],"build_version":"2020-12-13","purchased_purges":4,"victory":false,"max_hp_per_floor":[80,80,80,80,80,80,80,80,80,80,80,80,80,80,80,80,80,80,80,80,80,80,80,72,72,72,72,72,72],"card_choices":[{"not_picked":["ReplayTheSpireMod:Strike From Hell","Rampage"],"picked":"Heavy Blade","floor":0},{"not_picked":["Dark Embrace","Sword Boomerang"],"picked":"Replay:Undeath\u0027s Touch","floor":0},{"not_picked":["Thunderclap","Twin Strike"],"picked":"Rampage","floor":0},{"not_picked":["Sentinel","Headbutt"],"picked":"Iron Wave","floor":0},{"not_picked":["Heavy Blade","Searing Blow"],"picked":"Run Through","floor":0},{"not_picked":["Headbutt","Thunderclap"],"picked":"Infernal Blade","floor":0},{"not_picked":["Iron Wave","Anger"],"picked":"Flex","floor":0},{"not_picked":["Havoc","Twin Strike"],"picked":"ReplayTheSpireMod:Muscle Training","floor":0},{"not_picked":["Clash","Sever Soul"],"picked":"Spot Weakness","floor":0},{"not_picked":["Clothesline","Headbutt"],"picked":"Sword Boomerang","floor":0},{"not_picked":["Flame Barrier","Clothesline"],"picked":"Evolve","floor":0},{"not_picked":["Entrench","Run Through"],"picked":"Ghostly Armor","floor":0},{"not_picked":["Entrench","Havoc"],"picked":"Bloodletting","floor":0},{"not_picked":["ReplayTheSpireMod:Strike From Hell","Heavy Blade"],"picked":"Flex","floor":0},{"not_picked":["Dark Embrace","Run Through"],"picked":"Thunderclap","floor":0},{"not_picked":["Warcry","Iron Wave"],"picked":"ReplayTheSpireMod:LeadingStrike","floor":1},{"not_picked":["Combust","Sword Boomerang","Headbutt"],"picked":"SKIP","floor":2},{"not_picked":["Carnage","Run Through"],"picked":"Pommel Strike","floor":4},{"not_picked":["Anger","BowlingBash","Havoc"],"picked":"SKIP","floor":5},{"not_picked":["Reckless Charge","Hemogenesis","Entrench"],"picked":"SKIP","floor":7},{"not_picked":["Ragnarok","Bludgeon","Demon Form"],"picked":"SKIP","floor":10},{"not_picked":["Power Through","Anger"],"picked":"FollowUp","floor":11},{"not_picked":["Rupture","Body Slam","Havoc"],"picked":"SKIP","floor":18},{"not_picked":["Corruption","Impervious","Hemogenesis"],"picked":"SKIP","floor":25}],"player_experience":400164,"relics_obtained":[{"floor":10,"key":"CeramicFish"},{"floor":13,"key":"ReplayTheSpireMod:TigerMarble"},{"floor":25,"key":"Sundial"},{"floor":26,"key":"Lantern"}],"event_choices":[{"damage_healed":0,"gold_gain":0,"player_choice":"Success","damage_taken":7,"relics_obtained":["Unceasing Top"],"max_hp_gain":0,"max_hp_loss":0,"event_name":"Scrap Ooze","floor":8,"gold_loss":0},{"cards_removed":["ReplayTheSpireMod:LeadingStrike"],"damage_healed":0,"gold_gain":0,"player_choice":"Give","damage_taken":0,"max_hp_gain":0,"max_hp_loss":0,"event_name":"betterNote:BetterNote","floor":21,"gold_loss":0,"cards_obtained":["Cleave"]}],"is_beta":false,"boss_relics":[{"not_picked":["Sozu","Calling Bell"],"picked":"Empty Cage"}],"items_purged_floors":[12,14,19,22],"is_endless":false,"potions_floor_spawned":[4,7,11,16,18,25],"killed_by":"Gremlin Leader","ascension_level":0}}