{"host":"85dtmvttrcbdj5h5","time":1608169210,"event":{"mods":["AchievementEnabler","BaseMod","Bestiary","Colored Map","Colored Powertips","Filter the Spire","Minty Spire (QoL Compilation)","RNG Fix","Relic Stats"],"gold_per_floor":[368,387,387,401,401,401,435,452,499,499,514,533,19,29,29,128,128,139,139,139,155,70,98,98,115,183,13,29,61,61,89,89,89,89],"floor_reached":33,"playtime":8976,"items_purged":["Strike_P","Defend_P"],"score":382,"play_id":"a865c517-9047-4736-926f-9058d6ac6041","local_time":"20201216204010","is_ascension_mode":false,"campfire_choices":[{"data":"Eruption","floor":6.0,"key":"SMITH"},{"data":"CrushJoints","floor":10.0,"key":"SMITH"},{"data":"CutThroughFate","floor":15.0,"key":"SMITH"},{"data":"PathToVictory","floor":24,"key":"PURGE"},{"floor":32,"key":"REST"}],"circlet_count":0,"master_deck":["Strike_P+1","Strike_P","Defend_P","Defend_P","Defend_P","Eruption+1","Vigilance","Conclude","CrushJoints+1","WindmillStrike","Consecrate","CutThroughFate+1","Vengeance","Brilliance+1","WheelKick","Blasphemy","FlyingSleeves","Protect","CutThroughFate","Worship","BattleHymn","Jack Of All Trades","ThirdEye"],"relics":["PureWater","Matryoshka","Omamori","Ancient Tea Set","Anchor","Melange","Ginger","Cursed Key","Enchiridion","Oddly Smooth Stone","Peace Pipe","Whetstone","Mummified Hand","Darkstone Periapt","Orichalcum"],"acts_visited":["Exordium","TheCity"],"potions_floor_usage":[23,23,23,23,29,31,33,33],"damage_taken":[{"damage":0.0,"enemies":"2 Louse","floor":1.0,"turns":2.0},{"damage":0.0,"enemies":"Cultist","floor":2.0,"turns":4.0},{"damage":0.0,"enemies":"Small Slimes","floor":4.0,"turns":3.0},{"damage":0.0,"enemies":"Gremlin Nob","floor":7.0,"turns":2.0},{"damage":0.0,"enemies":"Blue Slaver","floor":8.0,"turns":1.0},{"damage":2.0,"enemies":"2 Fungi Beasts","floor":11.0,"turns":2.0},{"damage":0.0,"enemies":"Large Slime","floor":12.0,"turns":2.0},{"damage":0.0,"enemies":"Red Slaver","floor":14.0,"turns":2.0},{"damage":0.0,"enemies":"Slime Boss","floor":16.0,"turns":5.0},{"damage":5.0,"enemies":"2 Thieves","floor":18.0,"turns":3.0},{"damage":0.0,"enemies":"Spheric Guardian","floor":21.0,"turns":3.0},{"damage":10,"enemies":"Slavers","floor":23,"turns":4},{"damage":0,"enemies":"Cultist and Chosen","floor":25,"turns":4},{"damage":0,"enemies":"Snake Plant","floor":28,"turns":2},{"damage":2,"enemies":"Book of Stabbing","floor":29,"turns":3},{"damage":27,"enemies":"Gremlin Leader","floor":31,"turns":4},{"damage":33,"enemies":"Collector","floor":33,"turns":3}],"seed_played":"-6103087516158189571","potions_obtained":[{"floor":1.0,"key":"Regen Potion"},{"floor":4.0,"key":"BlessingOfTheForge"},{"floor":8.0,"key":"EssenceOfSteel"},{"floor":16.0,"key":"Dexterity Potion"},{"floor":21.0,"key":"EntropicBrew"},{"floor":28,"key":"Block Potion"},{"floor":29,"key":"AttackPotion"}],"is_trial":false,"path_per_floor":["M","M","?","M","T","R","E","M","T","R","M","M","$","M","R","B",null,"M","?","?","M","?","E","R","M","T","$","M","E","?","E","R","B"],"character_chosen":"WATCHER","items_purchased":["Melange","Ginger","Protect","CutThroughFate"],"campfire_rested":1,"item_purchase_floors":[13,13,27,27],"current_hp_per_floor":[51,51,44,44,44,44,44,44,44,44,42,42,42,42,42,56,72,67,67,51,51,51,41,41,41,41,41,41,39,39,12,33,0,0],"gold":89,"neow_bonus":"TWO_FIFTY_GOLD","is_daily":false,"chose_seed":false,"campfire_upgraded":3,"win_rate":0.0,"timestamp":1608169210,"path_taken":["M","M","?","M","?","R","E","M","T","R","?","M","$","M","R","BOSS","M","?","?","M","?","E","R","M","T","$","M","E","?","E","R","BOSS"],"items_purchased_type":["Relic","Relic","Card","Card"],"build_version":"2020-12-13","purchased_purges":2,"victory":false,"max_hp_per_floor":[72,72,72,72,72,72,72,72,72,72,72,72,72,72,72,72,72,72,72,72,72,72,72,72,72,72,72,72,72,72,72,72,72,72],"relic_stats":{"Peace Pipe":1,"Darkstone Periapt":0,"counters":[17,49],"Mummified Hand":[8],"Melange":[21],"Ginger":[3],"Whetstone":["Brilliance","Strike_P"],"Orichalcum":[0],"Cursed Key":1,"obtain_stats":[{"Darkstone Periapt":29,"Melange":13,"Enchiridion":20,"Oddly Smooth Stone":22,"Omamori":7,"Ginger":13,"Whetstone":26,"Orichalcum":31,"Ancient Tea Set":9,"Cursed Key":17,"Peace Pipe":23,"Anchor":9,"Matryoshka":5,"Mummified Hand":26,"PureWater":0},{"Darkstone Periapt":15,"Melange":7,"Enchiridion":10,"Oddly Smooth Stone":11,"Omamori":4,"Ginger":7,"Whetstone":13,"Orichalcum":16,"Ancient Tea Set":5,"Cursed Key":9,"Peace Pipe":12,"Anchor":5,"Matryoshka":3,"Mummified Hand":13,"PureWater":0},{"Darkstone Periapt":42,"Melange":16,"Enchiridion":26,"Oddly Smooth Stone":29,"Omamori":11,"Ginger":16,"Whetstone":37,"Orichalcum":46,"Ancient Tea Set":12,"Cursed Key":23,"Peace Pipe":33,"Anchor":12,"Matryoshka":9,"Mummified Hand":37,"PureWater":0}]},"card_choices":[{"not_picked":["EmptyBody","EmptyFist"],"picked":"Conclude","floor":1.0},{"not_picked":["Evaluate","ForeignInfluence"],"picked":"CrushJoints","floor":2.0},{"not_picked":["FlyingSleeves","ClearTheMind"],"picked":"WindmillStrike","floor":4.0},{"not_picked":["EmptyFist","Crescendo"],"picked":"Consecrate","floor":7.0},{"not_picked":["MasterReality","ClearTheMind","Prostrate"],"picked":"SKIP","floor":8.0},{"not_picked":["JustLucky","BowlingBash"],"picked":"PathToVictory","floor":11.0},{"not_picked":["Collect","Adaptation"],"picked":"CutThroughFate","floor":12.0},{"not_picked":["FlyingSleeves","Prostrate"],"picked":"Vengeance","floor":14.0},{"not_picked":["MasterReality","Devotion"],"picked":"Brilliance","floor":16.0},{"not_picked":["FlurryOfBlows","Crescendo+1","Weave"],"picked":"SKIP","floor":18.0},{"not_picked":["WindmillStrike","BowlingBash+1"],"picked":"WheelKick","floor":21.0},{"not_picked":["ClearTheMind","Vengeance"],"picked":"Blasphemy","floor":23},{"not_picked":["PathToVictory","ReachHeaven"],"picked":"FlyingSleeves","floor":25},{"not_picked":["Conclude","SashWhip+1"],"picked":"Worship","floor":28},{"not_picked":["Tantrum","Consecrate+1"],"picked":"BattleHymn","floor":29},{"not_picked":["EmptyBody","PathToVictory"],"picked":"ThirdEye","floor":31}],"player_experience":70385,"relics_obtained":[{"floor":5.0,"key":"Matryoshka"},{"floor":7.0,"key":"Omamori"},{"floor":9.0,"key":"Ancient Tea Set"},{"floor":9.0,"key":"Anchor"},{"floor":20.0,"key":"Enchiridion"},{"floor":23,"key":"Peace Pipe"},{"floor":26,"key":"Whetstone"},{"floor":26,"key":"Mummified Hand"},{"floor":29,"key":"Darkstone Periapt"},{"floor":31,"key":"Orichalcum"}],"event_choices":[{"cards_removed":["Strike_P"],"damage_healed":0.0,"max_hp_gain":0.0,"max_hp_loss":0.0,"gold_gain":0.0,"event_name":"Golden Wing","player_choice":"Card Removal","floor":3.0,"gold_loss":0.0,"damage_taken":7.0},{"damage_healed":0.0,"max_hp_gain":0.0,"max_hp_loss":0.0,"gold_gain":0.0,"event_name":"Ghosts","player_choice":"Ignored","floor":19.0,"gold_loss":0.0,"damage_taken":0.0},{"damage_healed":0.0,"max_hp_gain":0.0,"max_hp_loss":0.0,"gold_gain":0.0,"event_name":"Cursed Tome","player_choice":"Obtained Book","floor":20.0,"gold_loss":0.0,"damage_taken":16.0},{"damage_healed":0.0,"max_hp_gain":0.0,"max_hp_loss":0.0,"gold_gain":0.0,"event_name":"Addict","player_choice":"Obtained Relic","floor":22.0,"gold_loss":85.0,"damage_taken":0.0,"relics_obtained":["Oddly Smooth Stone"]},{"damage_healed":0,"gold_gain":0,"player_choice":"1 cards matched","damage_taken":0,"max_hp_gain":0,"max_hp_loss":0,"event_name":"Match and Keep!","floor":30,"gold_loss":0,"cards_obtained":["Jack Of All Trades"]}],"is_beta":false,"boss_relics":[{"not_picked":["Busted Crown","Empty Cage"],"picked":"Cursed Key"}],"items_purged_floors":[13,27],"is_endless":false,"potions_floor_spawned":[1,4,8,16,21,28,29],"killed_by":"Collector","ascension_level":0}}