{"host":"f0gpob8hq9vgebej","time":1608188086,"event":{"mods":["AchievementEnabler","BaseMod","Googly Eyes","Minty Spire (QoL Compilation)","Quick Restart","SuperFastMode"],"gold_per_floor":[16,27,45,58,77,47,47,47],"floor_reached":7,"playtime":253,"items_purged":[],"score":70,"play_id":"9dbc4234-5d3e-4a9c-8a2d-454eec277254","local_time":"20201217155446","is_ascension_mode":true,"campfire_choices":[],"circlet_count":0,"master_deck":["AscendersBane","Strike_G","Strike_G","Strike_G","Strike_G","Strike_G","Defend_G","Defend_G","Defend_G","Defend_G","Defend_G","Survivor","Neutralize","Secret Weapon","PiercingWail","Escape Plan","Dash","Prepared","Adrenaline","Reflex"],"relics":["Ring of the Snake"],"acts_visited":["Exordium"],"potions_floor_usage":[],"damage_taken":[{"damage":0,"enemies":"Cultist","floor":1,"turns":4},{"damage":4,"enemies":"Small Slimes","floor":2,"turns":4},{"damage":0,"enemies":"2 Louse","floor":3,"turns":4},{"damage":10,"enemies":"Lots of Slimes","floor":4,"turns":6},{"damage":13,"enemies":"Gremlin Gang","floor":5,"turns":10},{"damage":1,"enemies":"Looter","floor":6,"turns":4},{"damage":0,"enemies":"Lagavulin","floor":7,"turns":2}],"seed_played":"4401028253393524031","potions_obtained":[{"floor":5,"key":"Ancient Potion"}],"is_trial":false,"path_per_floor":["M","M","M","M","M","M","E"],"character_chosen":"THE_SILENT","items_purchased":[],"campfire_rested":0,"item_purchase_floors":[],"current_hp_per_floor":[63,59,59,49,36,35,35,35],"gold":47,"neow_bonus":"RANDOM_COLORLESS_2","is_daily":false,"chose_seed":false,"campfire_upgraded":0,"win_rate":0.0,"timestamp":1608188086,"path_taken":["M","M","M","?","M","M","E"],"items_purchased_type":[],"build_version":"2020-12-13","purchased_purges":0,"victory":false,"max_hp_per_floor":[70,70,70,70,70,70,70,70],"card_choices":[{"not_picked":["Chrysalis","Magnetism"],"picked":"Secret Weapon","floor":0},{"not_picked":["Dagger Throw","Bane"],"picked":"PiercingWail","floor":1},{"not_picked":["Underhanded Strike","Deflect"],"picked":"Escape Plan","floor":2},{"not_picked":["Finisher","Dodge and Roll"],"picked":"Dash","floor":3},{"not_picked":["PiercingWail","Underhanded Strike"],"picked":"Prepared","floor":4},{"not_picked":["Deflect","Catalyst"],"picked":"Adrenaline","floor":5},{"not_picked":["Dagger Throw","Blur"],"picked":"Reflex","floor":6}],"player_experience":170577,"relics_obtained":[],"event_choices":[],"is_beta":false,"boss_relics":[],"items_purged_floors":[],"is_endless":false,"potions_floor_spawned":[5],"killed_by":"Lagavulin","ascension_level":11}}