{"host":"usewcu4ohw2wtmxk","time":1608234745,"event":{"mods":["AchievementEnabler","BaseMod","BetterRewards","Colored Powertips","Minty Spire (QoL Compilation)","Permanent Neow","Quick Restart","Relic Sorter","Relic Stats","Shop Mod","StSLib"],"gold_per_floor":[158,189,189,114,147,147,228,228,228,292,322,352,352,352,352],"floor_reached":14,"playtime":271,"items_purged":[],"score":196,"play_id":"08f0856d-2467-4764-8639-a703b0c0fe7f","local_time":"20201218035225","is_ascension_mode":true,"campfire_choices":[{"data":"HandOfGreed","floor":6.0,"key":"SMITH"},{"floor":8.0,"key":"REST"},{"floor":13.0,"key":"REST"}],"circlet_count":0,"master_deck":["AscendersBane","Strike_G","Strike_G","Strike_G","Strike_G","Defend_G","Defend_G","Defend_G","Defend_G","Defend_G","Survivor","Neutralize","HandOfGreed+1","Infinite Blades","Tactician","Prepared"],"relics":["Ring of the Snake","Mercury Hourglass","Calipers"],"acts_visited":["Exordium"],"potions_floor_usage":[14],"damage_taken":[{"damage":4.0,"enemies":"Small Slimes","floor":1.0,"turns":4.0},{"damage":4.0,"enemies":"Jaw Worm","floor":2.0,"turns":5.0},{"damage":0.0,"enemies":"2 Louse","floor":5.0,"turns":2.0},{"damage":12.0,"enemies":"3 Sentries","floor":7.0,"turns":8.0},{"damage":0.0,"enemies":"Exordium Thugs","floor":10.0,"turns":5.0},{"damage":30.0,"enemies":"Gremlin Nob","floor":11.0,"turns":4.0},{"damage":24,"enemies":"Lagavulin","floor":14,"turns":7}],"seed_played":"4220210545743983160","potions_obtained":[{"floor":1.0,"key":"PowerPotion"},{"floor":11.0,"key":"Weak Potion"}],"is_trial":false,"path_per_floor":["M","M","?","?","M","R","E","R","T","M","E","?","R","E"],"character_chosen":"THE_SILENT","items_purchased":[],"campfire_rested":2,"item_purchase_floors":[],"current_hp_per_floor":[40,36,36,36,36,36,24,43,43,43,13,13,32,8,8],"gold":352,"neow_bonus":"RANDOM_COLORLESS_2","is_daily":false,"chose_seed":false,"campfire_upgraded":1,"win_rate":0.0,"timestamp":1608234745,"path_taken":["M","M","?","?","M","R","E","R","T","M","E","?","R","E"],"items_purchased_type":[],"build_version":"2020-12-13","purchased_purges":0,"victory":false,"max_hp_per_floor":[66,66,66,66,66,66,66,66,66,66,66,66,66,66,66],"relic_stats":{"counters":[7,35],"obtain_stats":[{"Calipers":11,"Ring of the Snake":0,"Mercury Hourglass":7},{"Calipers":6,"Ring of the Snake":0,"Mercury Hourglass":4},{"Calipers":28,"Ring of the Snake":0,"Mercury Hourglass":19}],"Ring of the Snake":[14],"Mercury Hourglass":[48]},"card_choices":[{"not_picked":["Mayhem","Thinking Ahead"],"picked":"HandOfGreed","floor":0.0},{"not_picked":["PiercingWail","Poisoned Stab","Riddle With Holes"],"picked":"SKIP","floor":1.0},{"not_picked":["Deflect","Accuracy"],"picked":"Infinite Blades","floor":2.0},{"not_picked":["Bane","Acrobatics"],"picked":"Tactician","floor":5.0},{"not_picked":["Underhanded Strike","Outmaneuver","Dodge and Roll"],"picked":"SKIP","floor":7.0},{"not_picked":["Skewer","Dagger Spray","PiercingWail"],"picked":"SKIP","floor":10.0},{"not_picked":["Envenom","Dagger Spray"],"picked":"Prepared","floor":11.0}],"player_experience":283559,"relics_obtained":[{"floor":7.0,"key":"Mercury Hourglass"},{"floor":11.0,"key":"Calipers"}],"event_choices":[{"damage_healed":0.0,"max_hp_gain":0.0,"max_hp_loss":0.0,"gold_gain":0.0,"event_name":"Liars Game","player_choice":"Ignored","floor":3.0,"gold_loss":0.0,"damage_taken":0.0},{"cards_removed":["Strike_G"],"damage_healed":0.0,"max_hp_gain":0.0,"max_hp_loss":0.0,"gold_gain":0.0,"event_name":"The Cleric","player_choice":"Card Removal","floor":4.0,"gold_loss":75.0,"damage_taken":0.0},{"damage_healed":0.0,"max_hp_gain":0.0,"max_hp_loss":0.0,"gold_gain":30.0,"event_name":"Dead Adventurer","player_choice":"Searched \u00271\u0027 times","floor":12.0,"gold_loss":0.0,"damage_taken":0.0}],"is_beta":false,"boss_relics":[],"items_purged_floors":[],"is_endless":false,"potions_floor_spawned":[1,11],"killed_by":"Lagavulin","ascension_level":20}}