{"host":"k5dhp0bkccqfauyu","time":1608201793,"event":{"mods":["BaseMod","Better Note","Better Skull","Better Vampires","Colored Map","Colored Powertips","DeckTracker","Minty Spire (QoL Compilation)","Permanent Neow","StSLib","SuperFastMode"],"gold_per_floor":[118,133,143,158,158,190,190,217,217,217,217],"floor_reached":10,"playtime":420,"items_purged":[],"score":156,"play_id":"f977ebcd-601a-4aaf-a8a5-57fe6791fb2d","local_time":"20201217214313","is_ascension_mode":true,"campfire_choices":[{"floor":7,"key":"REST"}],"circlet_count":0,"master_deck":["AscendersBane","Strike_R","Strike_R","Strike_R","Strike_R","Defend_R","Defend_R","Defend_R","Defend_R","Bash","Fiend Fire","Anger","Armaments","Thunderclap","Carnage","Immolate","Impervious"],"relics":["Burning Blood","Omamori","Bottled Flame","Dead Branch"],"acts_visited":["Exordium"],"potions_floor_usage":[3,10],"damage_taken":[{"damage":3,"enemies":"2 Louse","floor":1,"turns":3},{"damage":0,"enemies":"Cultist","floor":2,"turns":3},{"damage":11,"enemies":"Small Slimes","floor":3,"turns":3},{"damage":8,"enemies":"Blue Slaver","floor":4,"turns":4},{"damage":67,"enemies":"Gremlin Nob","floor":6,"turns":5},{"damage":25,"enemies":"3 Sentries","floor":8,"turns":5},{"damage":13,"enemies":"Lagavulin","floor":10,"turns":7}],"seed_played":"8296362485511750028","potions_obtained":[{"floor":2,"key":"BlessingOfTheForge"},{"floor":8,"key":"Dexterity Potion"}],"is_trial":false,"path_per_floor":["M","M","M","M","?","E","R","E","T","E"],"character_chosen":"IRONCLAD","items_purchased":[],"campfire_rested":1,"item_purchase_floors":[],"current_hp_per_floor":[71,75,70,68,68,7,29,10,10,0,0],"gold":217,"neow_bonus":"ONE_RANDOM_RARE_CARD","is_daily":false,"chose_seed":false,"campfire_upgraded":0,"win_rate":0.0,"timestamp":1608201793,"path_taken":["M","M","M","M","?","E","R","E","T","E"],"items_purchased_type":[],"build_version":"2020-12-13","purchased_purges":0,"victory":false,"max_hp_per_floor":[75,75,75,75,75,75,75,75,75,75,75],"card_choices":[{"not_picked":["Dark Embrace","Iron Wave"],"picked":"Anger","floor":1},{"not_picked":["Twin Strike","Perfected Strike"],"picked":"Armaments","floor":2},{"not_picked":["Searing Blow","Twin Strike"],"picked":"Thunderclap","floor":3},{"not_picked":["Metallicize","Iron Wave"],"picked":"Carnage","floor":4},{"not_picked":["Body Slam","Anger"],"picked":"Immolate","floor":6},{"not_picked":["Carnage","Sword Boomerang"],"picked":"Impervious","floor":8}],"player_experience":1770009,"relics_obtained":[{"floor":6,"key":"Omamori"},{"floor":8,"key":"Bottled Flame"},{"floor":9,"key":"Dead Branch"}],"event_choices":[{"cards_removed":["Strike_R"],"damage_healed":0,"gold_gain":0,"player_choice":"Purged","damage_taken":0,"max_hp_gain":0,"max_hp_loss":0,"event_name":"Purifier","floor":5,"gold_loss":0}],"is_beta":false,"boss_relics":[],"items_purged_floors":[],"is_endless":false,"potions_floor_spawned":[2,8],"killed_by":"Lagavulin","ascension_level":20}}