{"host":"mq7pyadb5kndcn8l","time":1608238162,"event":{"mods":["AchievementEnabler","Act Like it!","Aspiration","BaseMod","Better Altar","Better Match","Better Note","Better Sensory Stone","Better Skull","Better Third Choice","BetterRewards","Block Reminder","CCEM","Challenge The Spire","ChefMod","Colored Map","Colored Powertips","Conspire","Defuse TimeMaze Blight","Dio Mod","Displayed Cursed Tome","Dota2Spire","Downfall","Duelist Mod","Energized Spire","Friendly Minions","GifTheSpireLib","Gremlin Skip","Highlight Path","Hubris","Ironclad Rager","Jedi Mod","Mad Scientist","Marked Mod","Mimic Mod","Minty Spire (QoL Compilation)","Permanent Neow","QueenMod","Quick Restart","Random Character Button","Rare Cards Sparkle","Relic Filter","Relic Sorter","Replay The Spire","Reworked Bosses","Shade Mod","Shop Mod","Spicy Shops","Spikes Relics","StSLib","Stuff the Spire","SuperFastMode","The Blue Laboratory","The Death Knight","The Exalted","The Necromancer","The Poker Player","TheBandit","Thieving Mod","Thrall Mod","Trackpad","Transform Curses","Unceasing Turn Reminder","Wandering Minibosses","vexMod"],"gold_per_floor":[114,289,0,15,15,15,25,85,85,85,119,119,153,13,13,114,114,130,56,71,71,71,71,82,82,82,117,132,132,149,149,149,246,246,262,331,182,196,196,227,242,242,278,278,278,308,308,327,327,327],"floor_reached":51,"playtime":3023,"items_purged":["Shade:CarefulCut","Doubt","Shade:Defend_Shade","Shade:Defend_Shade","Shade:Defend_Shade"],"score":1543,"play_id":"4086b182-21d8-4346-88d7-d9a263dca6f1","local_time":"20201217154922","is_ascension_mode":true,"campfire_choices":[{"floor":6,"key":"DIG"},{"floor":12,"key":"DIG"},{"data":"Shade:AnimateDead","floor":15,"key":"SMITH"},{"data":"Reforge","floor":23,"key":"SMITH"},{"floor":25,"key":"DIG"},{"floor":29,"key":"DIG"},{"floor":32,"key":"DIG"},{"floor":42,"key":"DIG"},{"floor":45,"key":"DIG"},{"floor":47,"key":"DIG"},{"floor":49,"key":"DIG"}],"circlet_count":0,"master_deck":["Shade:Strike_Shade","Shade:Strike_Shade","Shade:Strike_Shade","Shade:Strike_Shade","Shade:Defend_Shade","Shade:AnimateDead+1","Shade:StitchTogether+1","Shade:CommandSoldier","Shade:Carnophage","Shade:GraveStillness","Shade:GraveStillness","Shade:GraveStillness","Shade:FleshToFlesh+1","Shade:Brains","Shade:FuneraryJewels","Shade:AblativeArmor","Shade:AuraOfUnlife","expansioncontent:DashGenerateEvil","Shade:SpectralStrikes","Reforge+1","StuffTheSpire:PestControl+1","Shade:Bonestorm","Shade:Brains","Shade:LichForm","Loop+1","FIFO Queue","Shade:Bonestorm","Shade:AuraOfUnlife+1"],"relics":["Shade:YorickPolishedSkull","Dota2Spire:ArmletOfMordiggian","Dota2Spire:Bloodstone","Thread and Needle","Cracked Core","MerchantsRug","Dota2Spire:Butterfly","Shovel","Membership Card","aspiration:HummingbirdHeart","betterAltar:BloodRelic","StuffTheSpire:Barrel","Tiny Chest","TungstenRod","CCEMRelics:SpiritsEdge","vexMod:TanglingVine","aspiration:DefectSkillbook","Black Star","Bloody Idol","CCEMRelics:CocoNut","InkBottle","FossilizedHelix","LugNut","Meat on the Bone","aspiration:FrozenJewel","hubris:PeanutButter","Omamori","ReplayTheSpireMod:CursedCoin","StuffTheSpire:Mouthbags","Centennial Puzzle","jedi:heavyjacket","hubris:64BitClover","Shade:Thing","aspiration:ChemicalBlood","Bromod:ArcaneDeflection","vexMod:FocusSash","Replay:Arrowhead"],"acts_visited":["Exordium","TheCity","TheBeyond"],"potions_floor_usage":[],"damage_taken":[{"damage":0,"enemies":"Small Slimes","floor":1,"turns":4},{"damage":0,"enemies":"conspire:RoseBush","floor":4,"turns":4},{"damage":0,"enemies":"Jaw Worm","floor":7,"turns":4},{"damage":0,"enemies":"Lagavulin Event","floor":8,"turns":10},{"damage":0,"enemies":"3 Sentries","floor":11,"turns":11},{"damage":24,"enemies":"Gremlin Nob","floor":13,"turns":6},{"damage":0,"enemies":"Fading Forest","floor":16,"turns":11},{"damage":0,"enemies":"Spheric Guardian","floor":18,"turns":3},{"damage":0,"enemies":"2 Thieves","floor":20,"turns":3},{"damage":0,"enemies":"Cultist and Chosen","floor":24,"turns":5},{"damage":0,"enemies":"Snake Plant","floor":27,"turns":4},{"damage":0,"enemies":"Snake Plant","floor":28,"turns":2},{"damage":0,"enemies":"Centurion and Healer","floor":30,"turns":4},{"damage":0,"enemies":"Automaton","floor":33,"turns":8},{"damage":0,"enemies":"Orb Walker","floor":35,"turns":3},{"damage":0,"enemies":"3 Shapes","floor":38,"turns":2},{"damage":0,"enemies":"Giant Head","floor":40,"turns":5},{"damage":0,"enemies":"3 Darklings","floor":41,"turns":3},{"damage":0,"enemies":"Transient","floor":43,"turns":5},{"damage":0,"enemies":"Reptomancer","floor":46,"turns":4},{"damage":0,"enemies":"Transient","floor":48,"turns":5},{"damage":0,"enemies":"bossMod:newShapes","floor":50,"turns":3}],"seed_played":"-4867479127876021477","potions_obtained":[{"floor":4,"key":"DeathKnight:RimePotion"},{"floor":8,"key":"Keypotion"},{"floor":16,"key":"LifebloodPotion"},{"floor":30,"key":"blueLaboratory:EnragingPotion"}],"is_trial":false,"path_per_floor":["M","?","$","M","?","R","M","?","T","?","E","R","E","$","R","B",null,"M","$","M","?","?","R","M","R","T","MIM","M","R","M","?","R","B",null,"M","T","$","M","?","E","M","R","MIM","?","R","E","R","M","R","B",null],"character_chosen":"SHADE","items_purchased":["Thread and Needle","Shade:StitchTogether+1","aspiration:Nostalgia","MerchantsRug","Shade:CommandSoldier","Shade:Carnophage","Shade:GraveStillness","Dota2Spire:Butterfly","Shovel","Membership Card","Shade:Bonestorm","Shade:GraveStillness","aspiration:HummingbirdHeart","Blood Vial","Shade:Brains","expansioncontent:DashGenerateEvil","Shade:SpectralStrikes","Reforge","hubris:PeanutButter","Omamori","ReplayTheSpireMod:CursedCoin"],"campfire_rested":0,"item_purchase_floors":[0,0,0,0,0,0,0,0,0,0,0,0,3,3,3,14,14,19,37,37,37],"current_hp_per_floor":[34,34,34,46,40,40,60,65,65,65,65,65,41,41,41,61,64,65,65,65,48,14,14,34,39,39,59,69,69,70,70,70,70,70,70,70,70,70,70,70,70,70,70,70,70,70,70,70,70,70],"gold":327,"neow_bonus":"","is_daily":false,"chose_seed":false,"campfire_upgraded":2,"win_rate":0.0,"timestamp":1608238162,"path_taken":["M","?","$","M","?","R","?","?","T","?","E","R","E","$","R","BOSS","M","$","M","?","?","R","M","R","T","?","?","R","?","?","R","BOSS","M","?","$","M","?","E","M","R","MIM","?","R","E","R","?","R","BOSS"],"items_purchased_type":["Relic","Card","Relic","Relic","Card","Card","Card","Relic","Relic","Relic","Card","Card","Relic","Relic","Card","Card","Card","Card","Relic","Relic","Relic"],"build_version":"2020-12-13","purchased_purges":5,"victory":true,"max_hp_per_floor":[65,65,65,65,65,65,65,65,65,65,65,65,65,65,65,65,65,65,65,65,65,65,65,65,70,70,70,70,70,70,70,70,70,70,70,70,70,70,70,70,70,70,70,70,70,70,70,70,70,70],"card_choices":[{"not_picked":["Shade:CoffinDance","Shade:BoneShards"],"picked":"Shade:FleshToFlesh","floor":1},{"not_picked":["Shade:GraveStillness","Shade:TouchOfTheGrave","Shade:FingerOfDeath"],"picked":"SKIP","floor":4},{"not_picked":["Shade:Frenzy","Shade:Tombstone"],"picked":"Shade:FuneraryJewels","floor":7},{"not_picked":["Shade:StitchTogether","Shade:FingerOfDeath"],"picked":"Shade:AblativeArmor","floor":8},{"not_picked":["Shade:WallOfFlesh","Shade:FleshLikeOak"],"picked":"Shade:AuraOfUnlife","floor":11},{"not_picked":["Shade:FreshBones","Shade:Premonition","Shade:FleshOffering"],"picked":"SKIP","floor":13},{"not_picked":["Shade:FuneraryArmor","Ball Lightning","Compile Driver+1","Lockon"],"picked":"SKIP","floor":18},{"not_picked":["Shade:CommandSoldier+1","jedi:locknload","Shade:FeralStrike","jedi:blockon+1"],"picked":"SKIP","floor":20},{"not_picked":["Streamline+1","Rebound","Shade:SkeletonHug","Shade:ClawBack+1"],"picked":"SKIP","floor":24},{"not_picked":["Go for the Eyes","Reinforced Body","Shade:FleshLikeOak"],"picked":"Shade:Bonestorm","floor":27},{"not_picked":["Conserve Battery","Sweeping Beam","Mirror Shield","Stack"],"picked":"SKIP","floor":28},{"not_picked":["Shade:WallOfFlesh","Shade:PressTheAttack","BasicCrystalCard"],"picked":"Shade:Brains","floor":30},{"not_picked":["hubris:SpecializedCircuitry","Shade:Tombstone","StuffTheSpire:ForEach"],"picked":"Shade:LichForm","floor":33},{"not_picked":["Gash","ReplaySort+1","Shade:FeralStrike","jedi:BurstFrost"],"picked":"SKIP","floor":35},{"not_picked":["Steam Power","Go for the Eyes","Beam Cell+1"],"picked":"Loop+1","floor":38},{"not_picked":["Shade:FleshToFlesh","StuffTheSpire:CleanHardDrive+1","Shade:Frenzy"],"picked":"FIFO Queue","floor":40},{"not_picked":["StuffTheSpire:SnapShoot+1","Beam Cell","Shade:Frenzy+1","Melter+1"],"picked":"SKIP","floor":41},{"not_picked":["Shade:AncientSpear","Shade:WallOfFlesh+1","Shade:Bonestorm","Tempest"],"picked":"SKIP","floor":46},{"not_picked":["Loop","ReplaySolidLightProjector+1","ReplayTheSpireMod:GoodbyeWorld"],"picked":"Shade:AuraOfUnlife+1","floor":48}],"player_experience":860808,"relics_obtained":[{"floor":6,"key":"StuffTheSpire:Barrel"},{"floor":8,"key":"Tiny Chest"},{"floor":11,"key":"Dota2Spire:ArmletOfMordiggian"},{"floor":12,"key":"TungstenRod"},{"floor":13,"key":"CCEMRelics:SpiritsEdge"},{"floor":25,"key":"CCEMRelics:CocoNut"},{"floor":26,"key":"InkBottle"},{"floor":27,"key":"FossilizedHelix"},{"floor":29,"key":"LugNut"},{"floor":32,"key":"Meat on the Bone"},{"floor":36,"key":"aspiration:FrozenJewel"},{"floor":40,"key":"StuffTheSpire:Mouthbags"},{"floor":40,"key":"Centennial Puzzle"},{"floor":42,"key":"jedi:heavyjacket"},{"floor":43,"key":"hubris:64BitClover"},{"floor":45,"key":"Shade:Thing"},{"floor":46,"key":"aspiration:ChemicalBlood"},{"floor":46,"key":"Bromod:ArcaneDeflection"},{"floor":47,"key":"vexMod:FocusSash"},{"floor":49,"key":"Replay:Arrowhead"}],"event_choices":[{"damage_healed":0,"gold_gain":175,"player_choice":"AGREE","damage_taken":114,"max_hp_gain":0,"max_hp_loss":0,"event_name":"betterThird:BetterSerpent","floor":2,"gold_loss":0},{"damage_healed":0,"gold_gain":0,"player_choice":"Damaged","damage_taken":6,"max_hp_gain":0,"max_hp_loss":0,"event_name":"Wheel of Change","floor":5,"gold_loss":0},{"damage_healed":0,"gold_gain":0,"player_choice":"Searched \u00271\u0027 times","damage_taken":0,"max_hp_gain":0,"max_hp_loss":0,"event_name":"Dead Adventurer","floor":8,"gold_loss":0},{"damage_healed":0,"gold_gain":0,"player_choice":" RottenVial Idol ","damage_taken":36,"relics_obtained":["betterAltar:BloodRelic","Bloody Idol"],"max_hp_gain":48,"max_hp_loss":14,"event_name":"betterAltar:BetterAltar","floor":22,"potions_obtained":[],"relics_lost":["Blood Vial"],"gold_loss":0},{"damage_healed":0,"gold_gain":0,"player_choice":"Ignored","damage_taken":0,"max_hp_gain":0,"max_hp_loss":0,"event_name":"Vampires","floor":31,"gold_loss":0},{"damage_healed":0,"gold_gain":0,"player_choice":"Forge","damage_taken":0,"max_hp_gain":0,"max_hp_loss":0,"event_name":"Accursed Blacksmith","floor":39,"gold_loss":0,"cards_upgraded":["StuffTheSpire:PestControl"]},{"damage_healed":0,"gold_gain":0,"player_choice":"Ignored","damage_taken":0,"max_hp_gain":0,"max_hp_loss":0,"event_name":"betterThird:BetterPortal","floor":44,"gold_loss":0}],"is_beta":false,"boss_relics":[{"not_picked":["StuffTheSpire:ModemDavis","SlaversCollar"],"picked":"Replay:Grab Bag"},{"not_picked":["energizedSpire:CursedPentagram","conspire:SeveredTorchhead"],"picked":"Dota2Spire:Bloodstone"},{"not_picked":["Replay:Bronze Core","Replay:Wanted Poster"],"picked":"vexMod:TanglingVine"},{"not_picked":["vexMod:MysteryBossChallenge","aspiration:WatcherSkillbook"],"picked":"aspiration:DefectSkillbook"},{"not_picked":["StuffTheSpire:RunicHypercube","SacredBark"],"picked":"Black Star"},{"not_picked":["Replay:Ancient Bell","hubris:TerracottaHorce"],"picked":"Shade:YorickPolishedSkull"}],"items_purged_floors":[0,3,19,37,37],"is_endless":false,"potions_floor_spawned":[4,8,16,18,24,28,30,38,46,48],"ascension_level":5}}