{"host":"szbnbddwah33j004","time":1608193282,"event":{"mods":["2.2 Compatiblity","AchievementEnabler","Act Like it!","BaseMod","BetterRewards","Colored Map","Energized Spire","Hubris","Minty Spire (QoL Compilation)","StSLib","Strawberry Spire"],"gold_per_floor":[117,136,136,136,193,227,227,227,305,305,63,63,63],"floor_reached":12,"playtime":328,"items_purged":[],"score":99,"play_id":"75e82593-179c-41cc-b8de-79c908ea7bb5","local_time":"20201217022122","is_ascension_mode":false,"campfire_choices":[{"data":"Prostrate","floor":10,"key":"SMITH"}],"circlet_count":0,"master_deck":["Strike_P","Strike_P","Strike_P","Strike_P","Defend_P","Defend_P","Defend_P","Defend_P","Eruption","Vigilance","ReachHeaven","Prostrate+1","Clumsy","DeceiveReality","HandOfGreed"],"relics":["PureWater","NeowsBlessing","strawberrySpire:KineticCharger","strawberrySpire:Swiftfruit","Blood Vial","InkBottle"],"acts_visited":["Exordium"],"potions_floor_usage":[12,12],"damage_taken":[{"damage":0,"enemies":"Cultist","floor":1,"turns":1},{"damage":0,"enemies":"2 Louse","floor":2,"turns":1},{"damage":0,"enemies":"3 Sentries","floor":6,"turns":2},{"damage":99999,"enemies":"Gremlin Nob","floor":12,"turns":3}],"seed_played":"-4517931487295123160","potions_obtained":[{"floor":2,"key":"LiquidBronze"},{"floor":6,"key":"SkillPotion"}],"is_trial":false,"path_per_floor":["M","M","$","?","?","E","R","?","T","R","$","E"],"character_chosen":"WATCHER","items_purchased":["HandOfGreed","SkillPotion"],"campfire_rested":0,"item_purchase_floors":[11,11],"current_hp_per_floor":[72,72,72,72,72,72,72,72,72,72,72,0,0],"gold":63,"neow_bonus":"THREE_ENEMY_KILL","is_daily":false,"chose_seed":false,"campfire_upgraded":1,"win_rate":0.0,"timestamp":1608193282,"path_taken":["M","M","$","?","?","E","R","?","T","R","$","E"],"items_purchased_type":["Card","Potion"],"build_version":"2020-12-13","purchased_purges":0,"victory":false,"max_hp_per_floor":[72,72,72,72,72,72,72,72,72,72,72,72,72],"card_choices":[{"not_picked":["FlyingSleeves","Protect"],"picked":"ReachHeaven","floor":1},{"not_picked":["Protect","EmptyFist"],"picked":"Prostrate","floor":2},{"not_picked":["ThirdEye","BowlingBash"],"picked":"DeceiveReality","floor":6}],"player_experience":63563,"relics_obtained":[{"floor":6,"key":"strawberrySpire:KineticCharger"},{"floor":7,"key":"strawberrySpire:Swiftfruit"},{"floor":9,"key":"InkBottle"}],"event_choices":[{"damage_healed":0,"gold_gain":57,"player_choice":"Gained Gold","damage_taken":0,"max_hp_gain":0,"max_hp_loss":0,"event_name":"Golden Wing","floor":5,"gold_loss":0},{"damage_healed":0,"gold_gain":0,"player_choice":"Gave Potion","damage_taken":0,"relics_obtained":["Blood Vial"],"max_hp_gain":0,"max_hp_loss":0,"event_name":"WeMeetAgain","floor":8,"gold_loss":0}],"is_beta":false,"boss_relics":[],"items_purged_floors":[],"is_endless":false,"potions_floor_spawned":[2,6],"killed_by":"Gremlin Nob","ascension_level":0}}