{"host":"nox","time":1608171190,"event":{"mods":["BaseMod","Colored Powertips","Minty Spire (QoL Compilation)","Quick Restart","Replay The Spire","StSLib"],"gold_per_floor":[112,112,124,142,156,181,181,196,219,219,219],"floor_reached":10,"playtime":340,"items_purged":[],"score":98,"play_id":"2eef66fa-fc3d-4383-a409-b99c9c8abc06","local_time":"20201217091310","is_ascension_mode":true,"campfire_choices":[{"data":"Spot Weakness","floor":7.0,"key":"SMITH"}],"circlet_count":0,"master_deck":["Strike_R","Strike_R","Strike_R","Strike_R","Strike_R","Defend_R","Defend_R","Defend_R","Bash","Offering","Perfected Strike","Spot Weakness+1"],"relics":["Burning Blood","Nunchaku","Replay:Baseball"],"acts_visited":["Exordium"],"potions_floor_usage":[],"damage_taken":[{"damage":6.0,"enemies":"2 Louse","floor":1.0,"turns":4.0},{"damage":1.0,"enemies":"Cultist","floor":3.0,"turns":4.0},{"damage":7.0,"enemies":"Small Slimes","floor":4.0,"turns":2.0},{"damage":15.0,"enemies":"Red Slaver","floor":5.0,"turns":2.0},{"damage":26.0,"enemies":"3 Sentries","floor":6.0,"turns":8.0},{"damage":13.0,"enemies":"Gremlin Gang","floor":8.0,"turns":4.0},{"damage":21,"enemies":"Lagavulin","floor":10,"turns":4}],"seed_played":"9063741810085864164","potions_obtained":[{"floor":1.0,"key":"Block Potion"},{"floor":5.0,"key":"Strength Potion"}],"is_trial":false,"path_per_floor":["M","?","M","M","M","E","R","M","T","E"],"character_chosen":"IRONCLAD","items_purchased":[],"campfire_rested":0,"item_purchase_floors":[],"current_hp_per_floor":[51,51,56,55,46,26,26,19,19,0,0],"gold":219,"neow_bonus":"THREE_RARE_CARDS","is_daily":false,"chose_seed":false,"campfire_upgraded":1,"win_rate":0.0,"timestamp":1608171190,"path_taken":["M","?","M","M","M","E","R","M","T","E"],"items_purchased_type":[],"build_version":"2020-11-17","purchased_purges":0,"victory":false,"max_hp_per_floor":[80,80,80,80,80,80,80,80,80,80,80],"card_choices":[{"not_picked":["Impervious","Exhume"],"picked":"Offering","floor":0.0},{"not_picked":["Ghostly Armor","Blood for Blood","Iron Wave"],"picked":"SKIP","floor":1.0},{"not_picked":["Armaments","Iron Wave"],"picked":"Perfected Strike","floor":3.0},{"not_picked":["Burning Pact","Shrug It Off","Warcry"],"picked":"SKIP","floor":4.0},{"not_picked":["Massacre","Dark Embrace","Sword Boomerang"],"picked":"SKIP","floor":5.0},{"not_picked":["ReplayTheSpireMod:Muscle Training","Combust"],"picked":"Spot Weakness","floor":6.0},{"not_picked":["Anger","Armaments","Flex"],"picked":"SKIP","floor":8.0}],"player_experience":149149,"relics_obtained":[{"floor":6.0,"key":"Nunchaku"},{"floor":9.0,"key":"Replay:Baseball"}],"event_choices":[{"cards_removed":["Defend_R"],"damage_healed":0.0,"max_hp_gain":0.0,"max_hp_loss":0.0,"gold_gain":0.0,"event_name":"Purifier","player_choice":"Purged","floor":2.0,"gold_loss":0.0,"damage_taken":0.0}],"is_beta":true,"boss_relics":[],"items_purged_floors":[],"is_endless":false,"potions_floor_spawned":[1,5],"killed_by":"Lagavulin","ascension_level":8}}