{"host":"ss2ocoam53r2lno0","time":1608210623,"event":{"mods":["Act Like it!","BaseMod","ChefMod","Colored Powertips","Displayed Cursed Tome","Downfall","Googly Eyes","Hallownest","Highlight Path","Minty Spire (QoL Compilation)","Rare Cards Sparkle","Robot Space Explorer","Shade Mod","Shop Mod","Spicy Shops","StSLib"],"gold_per_floor":[112,112,213,213,229,229,245,245,245],"floor_reached":8,"playtime":1130,"items_purged":[],"score":96,"play_id":"d11d836e-38c1-4e82-83cd-ad14590b5488","local_time":"20201217141023","is_ascension_mode":false,"campfire_choices":[],"circlet_count":0,"master_deck":["chefmod:Strike","chefmod:Strike","chefmod:Defend","chefmod:Defend","chefmod:Defend","chefmod:QuickThaw","chefmod:TodaysSpecial","chefmod:BaoBuns","chefmod:FullCourseMeal","chefmod:FryPan+1","chefmod:LiquidNitrogen+1","chefmod:FiveAlarmChili+1","chefmod:IcePick","chefmod:Gelato+1","chefmod:IceCreamCone","chefmod:SliceAndDice"],"relics":["chefmod:TrustyPot","NeowsBlessing","Astrolabe"],"acts_visited":["Hallownest:Greenpath","Hallownest:CityofTears"],"potions_floor_usage":[5,8],"damage_taken":[{"damage":0,"enemies":"Hallownest:monsterHuskGuard","floor":1,"turns":1},{"damage":0,"enemies":"Hallownest:BossFalseKnight","floor":3,"turns":1},{"damage":5,"enemies":"Hallownest:Flukemon_and_Top","floor":5,"turns":3},{"damage":54,"enemies":"Hallownest:2_Mistakes","floor":7,"turns":12},{"damage":22,"enemies":"Hallownest:3_Mistakes","floor":8,"turns":4}],"seed_played":"1408047166861668486","potions_obtained":[{"floor":1,"key":"Explosive Potion"},{"floor":5,"key":"Fruit Juice"}],"is_trial":false,"path_per_floor":["M","?","B",null,"M","?","M","M"],"character_chosen":"THE_CHEF","items_purchased":[],"campfire_rested":0,"item_purchase_floors":[],"current_hp_per_floor":[76,76,76,76,76,76,22,0,0],"gold":245,"neow_bonus":"THREE_ENEMY_KILL","is_daily":false,"chose_seed":false,"campfire_upgraded":0,"win_rate":0.0,"timestamp":1608210623,"path_taken":["M","?","BOSS","M","?","M","?"],"items_purchased_type":[],"build_version":"2020-12-13","purchased_purges":0,"victory":false,"max_hp_per_floor":[76,76,76,76,81,81,81,81,81],"card_choices":[{"not_picked":["chefmod:DinoKale","chefmod:Escargot"],"picked":"chefmod:BaoBuns","floor":1},{"not_picked":["chefmod:RaidPantry","chefmod:CandyBowl"],"picked":"chefmod:FullCourseMeal","floor":3},{"not_picked":["chefmod:Puree","chefmod:Chop"],"picked":"chefmod:IcePick","floor":5},{"not_picked":["chefmod:Bruschetta+1","chefmod:BaoBuns"],"picked":"chefmod:Gelato+1","floor":6},{"not_picked":["chefmod:Granita","chefmod:Sorbet+1"],"picked":"chefmod:IceCreamCone","floor":6},{"not_picked":["chefmod:FryPan+1","chefmod:IcePick"],"picked":"chefmod:SliceAndDice","floor":7}],"player_experience":559019,"relics_obtained":[],"event_choices":[],"is_beta":false,"boss_relics":[{"not_picked":["Sozu","chefmod:PepperMill"],"picked":"Astrolabe"}],"items_purged_floors":[],"is_endless":false,"potions_floor_spawned":[1,5],"killed_by":"Hallownest:3_Mistakes","ascension_level":0}}