{"host":"reretk0dz0kj8f1n","time":1608202297,"event":{"mods":["BaseMod","Colored Map","Lobotomy","Minty Spire (QoL Compilation)","StSLib"],"gold_per_floor":[119,131,143,143,123,123,157,157,157,196,216,249,274,288,288,418,418,436,290,314,229,229,229,272,284,321,367,379,391,474,530,542,554,554],"floor_reached":33,"playtime":1984,"items_purged":["Injury"],"score":390,"play_id":"f58f0d3a-eeee-422d-b589-fecf20465033","local_time":"20201217195137","is_ascension_mode":true,"campfire_choices":[{"data":"Neutralize","floor":6,"key":"SMITH"},{"data":"Night Terror","floor":8,"key":"SMITH"},{"floor":15,"key":"REST"},{"data":"Footwork","floor":23,"key":"SMITH"},{"data":"Envenom","floor":25,"key":"SMITH"},{"data":"Prepared","floor":29,"key":"SMITH"},{"data":"Acrobatics","floor":32,"key":"SMITH"}],"circlet_count":0,"master_deck":["Strike_G","Strike_G","Strike_G","Strike_G","Strike_G","Defend_G","Defend_G+1","Defend_G","Defend_G","Defend_G","Survivor","Neutralize+1","Backstab","Backflip","Backflip","MHz","Night Terror+1","Deflect+1","Deadly Poison","Reflex","Footwork+1","Envenom+1","Prepared+1","Well Laid Plans","Escape Plan","Tactician+1","CherryBlossoms","Catalyst","Acrobatics+1","Escape Plan"],"relics":["Ring of the Snake","CogitoBucket","RabbitCall","Golden Idol","Letter Opener","InkBottle","Ancient Tea Set","AspirationHeart","Matryoshka","SlaversCollar","LuminousBracelet","Frozen Egg 2","MawBank","Vajra","Tiny Chest","Regal Pillow","SsserpentHead","War Paint"],"acts_visited":["Exordium","TheCity"],"potions_floor_usage":[7,7,7,11,16,27,30,33],"damage_taken":[{"damage":1,"enemies":"Cultist","floor":1,"turns":5},{"damage":0,"enemies":"2 Louse","floor":2,"turns":2},{"damage":0,"enemies":"Jaw Worm","floor":3,"turns":3},{"damage":18,"enemies":"Lagavulin","floor":7,"turns":6},{"damage":33,"enemies":"Gremlin Nob","floor":10,"turns":6},{"damage":7,"enemies":"2 Fungi Beasts","floor":11,"turns":4},{"damage":0,"enemies":"3 Sentries","floor":12,"turns":3},{"damage":6,"enemies":"3 Louse","floor":13,"turns":2},{"damage":3,"enemies":"Large Slime","floor":14,"turns":6},{"damage":18,"enemies":"The Guardian","floor":16,"turns":10},{"damage":25,"enemies":"Chosen","floor":18,"turns":9},{"damage":16,"enemies":"Spheric Guardian","floor":20,"turns":8},{"damage":19,"enemies":"Gremlin Leader","floor":24,"turns":8},{"damage":8,"enemies":"Slavers","floor":27,"turns":6},{"damage":15,"enemies":"Snecko","floor":30,"turns":6},{"damage":9,"enemies":"Book of Stabbing","floor":31,"turns":6},{"damage":46,"enemies":"Collector","floor":33,"turns":6}],"seed_played":"5708402704594367690","potions_obtained":[{"floor":1,"key":"SkillPotion"},{"floor":3,"key":"LiquidMemories"},{"floor":5,"key":"Swift Potion"},{"floor":10,"key":"Swift Potion"},{"floor":12,"key":"Fire Potion"},{"floor":14,"key":"PowerPotion"},{"floor":16,"key":"CultistPotion"},{"floor":27,"key":"ColorlessPotion"}],"is_trial":false,"path_per_floor":["M","M","M","?","?","R","E","R","T","E","M","E","M","M","R","B",null,"M","$","M","?","?","R","E","R","T","E","?","R","M","E","R","B"],"character_chosen":"THE_SILENT","items_purchased":["Well Laid Plans"],"campfire_rested":1,"item_purchase_floors":[19],"current_hp_per_floor":[69,69,69,69,69,69,51,51,51,18,21,21,15,12,36,18,80,70,70,58,58,58,58,46,46,46,40,40,40,26,20,20,0,0],"gold":554,"neow_bonus":"","is_daily":false,"chose_seed":false,"campfire_upgraded":6,"win_rate":0.0,"timestamp":1608202297,"path_taken":["M","?","M","?","?","R","E","R","T","E","M","E","M","?","R","BOSS","M","$","M","?","?","R","E","R","T","E","?","R","?","E","R","BOSS"],"items_purchased_type":["Card"],"build_version":"2020-12-13","purchased_purges":1,"victory":false,"max_hp_per_floor":[70,70,70,70,70,70,70,70,70,70,80,80,80,80,80,80,80,95,95,95,95,95,95,95,95,95,95,95,95,95,95,95,95,95],"card_choices":[{"not_picked":["SpiderBud","CrumblingArmor","HappyTeddy"],"picked":"Singing Bowl","floor":1},{"not_picked":["Distraction","Dodge and Roll"],"picked":"Backstab","floor":1},{"not_picked":["BlackSwan","SpiderBud","VoidDream"],"picked":"Singing Bowl","floor":2},{"not_picked":["Blade Dance","All Out Attack"],"picked":"Backflip","floor":2},{"not_picked":["Scorched","VoidDream","Wellcheers"],"picked":"Singing Bowl","floor":3},{"not_picked":["Flying Knee","Deadly Poison"],"picked":"Backflip","floor":3},{"not_picked":["NakedNest","QueenBee"],"picked":"MHz","floor":7},{"not_picked":["Blur","Dagger Spray"],"picked":"Night Terror","floor":7},{"not_picked":["FairyFestival","MeatLantern","FieryBird"],"picked":"Singing Bowl","floor":10},{"not_picked":["Dagger Throw","Sucker Punch"],"picked":"Deflect","floor":10},{"not_picked":["BlackSwan","ShyLook","VoidDream"],"picked":"Singing Bowl","floor":11},{"not_picked":["Outmaneuver","Poisoned Stab"],"picked":"Deadly Poison","floor":11},{"not_picked":["FairyFestival","BeautyBeast","LittlePrince"],"picked":"Singing Bowl","floor":12},{"not_picked":["Cloak And Dagger","Dagger Throw"],"picked":"Reflex","floor":12},{"not_picked":["Laetitia","Funeral","LongBird"],"picked":"Singing Bowl","floor":13},{"not_picked":["Deadly Poison","Deflect"],"picked":"Footwork","floor":13},{"not_picked":["FairyFestival","Bloodbath","LittleHelper"],"picked":"Singing Bowl","floor":14},{"not_picked":["Slice","Outmaneuver","Dodge and Roll"],"picked":"SKIP","floor":14},{"not_picked":["Porccubus","QueenOfHatred","GreedKing"],"picked":"Singing Bowl","floor":16},{"not_picked":["After Image","Phantasmal Killer"],"picked":"Envenom","floor":16},{"not_picked":["Scarecrow","VoidDream","MeatLantern"],"picked":"Singing Bowl","floor":18},{"not_picked":["Eviscerate","Poisoned Stab+1"],"picked":"Prepared","floor":18},{"not_picked":["WallGazer","Variant","BlackSwan"],"picked":"Singing Bowl","floor":20},{"not_picked":["Sucker Punch","Leg Sweep"],"picked":"Escape Plan","floor":20},{"not_picked":["Bloodbath","QueenBee","CrumblingArmor"],"picked":"Singing Bowl","floor":24},{"not_picked":["Bane+1","Unload"],"picked":"Tactician+1","floor":24},{"not_picked":["UniverseFragment","DreamingCurrent","GalaxyChild"],"picked":"Singing Bowl","floor":27},{"not_picked":["QueenOfHatred","DespairKnight"],"picked":"CherryBlossoms","floor":27},{"not_picked":["Blade Dance","Quick Slash+1"],"picked":"Catalyst","floor":27},{"not_picked":["SnowQueen","WhiteNight","SilentOrchestra"],"picked":"Singing Bowl","floor":30},{"not_picked":["Glass Knife","Slice"],"picked":"Acrobatics","floor":30},{"not_picked":["HappyTeddy","Wellcheers","Yin"],"picked":"Singing Bowl","floor":31},{"not_picked":["Noxious Fumes+1","Outmaneuver"],"picked":"Escape Plan","floor":31}],"player_experience":229215,"relics_obtained":[{"floor":7,"key":"Letter Opener"},{"floor":9,"key":"InkBottle"},{"floor":10,"key":"Ancient Tea Set"},{"floor":12,"key":"Matryoshka"},{"floor":24,"key":"MawBank"},{"floor":26,"key":"Vajra"},{"floor":26,"key":"Tiny Chest"},{"floor":27,"key":"Regal Pillow"},{"floor":31,"key":"War Paint"}],"event_choices":[{"damage_healed":0,"gold_gain":0,"player_choice":"Take Wound","damage_taken":0,"relics_obtained":["Golden Idol"],"max_hp_gain":0,"max_hp_loss":0,"event_name":"Golden Idol","floor":4,"gold_loss":0,"cards_obtained":["Injury"]},{"damage_healed":0,"gold_gain":0,"player_choice":"Bought 1 Potion","damage_taken":0,"max_hp_gain":0,"max_hp_loss":0,"event_name":"The Woman in Blue","floor":5,"gold_loss":0},{"damage_healed":0,"gold_gain":0,"player_choice":"Obtained Relic","damage_taken":0,"relics_obtained":["Frozen Egg 2"],"max_hp_gain":0,"max_hp_loss":0,"event_name":"Addict","floor":21,"gold_loss":85},{"damage_healed":0,"gold_gain":0,"player_choice":"Ignored","damage_taken":0,"max_hp_gain":0,"max_hp_loss":0,"event_name":"Vampires","floor":22,"gold_loss":0},{"damage_healed":0,"gold_gain":0,"player_choice":"Trade","damage_taken":0,"relics_obtained":["SsserpentHead"],"max_hp_gain":0,"max_hp_loss":0,"event_name":"FaceTrader","floor":28,"gold_loss":0}],"is_beta":false,"boss_relics":[{"not_picked":["SacredBark","Ectoplasm"],"picked":"SlaversCollar"}],"items_purged_floors":[19],"is_endless":false,"potions_floor_spawned":[1,3,10,12,14,16,27],"killed_by":"Collector","ascension_level":1}}