{"host":"0uumfqrc8aynrssa","time":1608190943,"event":{"mods":["AchievementEnabler","Act Like it!","AlwaysNeverKeys","Aspiration","Astrologer","BaseMod","Better Altar","Better Match","Better Note","Better Sensory Stone","Better Skull","Better Third Choice","Better Vampires","CapriCore","Colored Map","Colored Powertips","Conspire","Downfall","Energized Spire","Gensokyo","GifTheSpireLib","Hallownest","Hermit","Highlight Path","Infinite Spire","Jorbs\u0027s Wanderer Trilogy","Koishi","Marisa????????","Marked Mod","Minty Spire (QoL Compilation)","Pale of the Ancients","Permanent Neow","RNG Fix","Random Character Button","Rare Cards Sparkle","Reimu??????","Relic Sorter","Remilia??????","Robot Space Explorer","Shop Mod","Spikes Relics","StSLib","Stuff the Spire","The Animator","The Awakened One except there are too many feathers","The Bug Knight","The Cursed","The Hierophant","The Immortal","The IronCluck","The Mystic","The Runesmith","TheBandit","TheFirefly","Trackpad","egg","everything is the same but u backflip on backflip","slay the spire mod where everything is the same but ironclad has a cowboy hat","vexMod"],"gold_per_floor":[99,26,52,52,62,77,103,113,38,59,59,59,72,180,199,199,199],"floor_reached":16,"playtime":1720,"items_purged":[],"score":135,"play_id":"e59a71a1-67b3-4425-9b92-1440d4a490ee","local_time":"20201217024223","is_ascension_mode":false,"campfire_choices":[{"floor":1,"key":"RECALL"},{"data":"sneckomod:DiceBoulder","floor":9,"key":"SMITH"}],"circlet_count":0,"master_deck":["sneckomod:Strike","sneckomod:Strike","sneckomod:Defend","sneckomod:Defend","sneckomod:Defend","sneckomod:TailWhip","sneckomod:SnekBite","sneckomod:Unknown","sneckomod:Unknown","sneckomod:SlitherStrike","sneckomod:DiceBoulder+1","sneckomod:DiceCrush","sneckomod:RainOfDice","sneckomod:UnknownClassHIEROPHANT_GOLD_COLOR","sneckomod:UnknownClassBLESSING","sneckomod:UnknownCommonSkill","sneckomod:UnknownClassROBOT_ORANGE_COLOR","sneckomod:Cheat","hierophant:Doubloon","sneckomod:UnknownUncommonSkill","sneckomod:WideSting"],"relics":["sneckomod:SneckoSoul","downfall:HeartsMalice","sneckomod:LoadedDie","White Beast Statue","downfall:HeartBlessingRed","StuffTheSpire:HeavyRock","downfall:CloakOfManyFaces","CultistMask","FaceOfCleric","NlothsMask","GremlinMask","SsserpentHead"],"acts_visited":["Exordium"],"potions_floor_usage":[10,13,14,14,14,16,16,16],"damage_taken":[{"damage":0,"enemies":"downfall:FleeingMerchant","floor":2,"turns":1},{"damage":0,"enemies":"Lagavulin","floor":3,"turns":1},{"damage":0,"enemies":"Cultist","floor":4,"turns":1},{"damage":8,"enemies":"Jaw Worm","floor":5,"turns":2},{"damage":0,"enemies":"Small Slimes","floor":6,"turns":2},{"damage":34,"enemies":"Gremlin Nob","floor":8,"turns":4},{"damage":0,"enemies":"3 Louse","floor":10,"turns":4},{"damage":21,"enemies":"Exordium Wildlife","floor":13,"turns":5},{"damage":16,"enemies":"downfall:FaceTrader","floor":14,"turns":7},{"damage":0,"enemies":"Large Slime","floor":15,"turns":4},{"damage":22,"enemies":"downfall:Defect","floor":16,"turns":4}],"seed_played":"-530436991106606004","potions_obtained":[{"floor":3,"key":"Energy Potion"},{"floor":5,"key":"GamblersBrew"},{"floor":8,"key":"Explosive Potion"},{"floor":10,"key":"Ancient Potion"},{"floor":13,"key":"SteroidPotion"},{"floor":14,"key":"sneckomod:MuddlingPotion"},{"floor":15,"key":"BlessingOfTheForge"}],"is_trial":false,"path_per_floor":["R","$","E","M","M","M","T","E","R","M","?","?","M","?","M","B"],"character_chosen":"THE_SNECKO","items_purchased":["sneckomod:DiceBoulder"],"campfire_rested":0,"item_purchase_floors":[2],"current_hp_per_floor":[90,90,90,90,83,84,84,51,51,52,45,45,24,9,10,0,0],"gold":199,"neow_bonus":"THREE_ENEMY_KILL","is_daily":false,"chose_seed":false,"campfire_upgraded":1,"win_rate":0.0,"timestamp":1608190943,"path_taken":["R","$","E","M","M","M","T","E","R","M","?","?","M","?","M","BOSS"],"items_purchased_type":["Card"],"build_version":"2020-12-13","purchased_purges":0,"victory":false,"max_hp_per_floor":[90,90,90,90,91,92,92,93,93,94,94,94,94,95,96,96,96],"card_choices":[{"not_picked":["sneckomod:DiceBlock","sneckomod:Nope"],"picked":"sneckomod:SlitherStrike","floor":2},{"not_picked":["sneckomod:UnknownVulnerable","sneckomod:TrashToTreasure"],"picked":"sneckomod:DiceCrush","floor":3},{"not_picked":["sneckomod:UnknownClassFIREFLY_COLOR","sneckomod:DiceBoulder"],"picked":"sneckomod:RainOfDice","floor":4},{"not_picked":["sneckomod:Unknown2Cost","sneckomod:IronFang"],"picked":"sneckomod:UnknownClassHIEROPHANT_GOLD_COLOR","floor":5},{"not_picked":["sneckomod:UnknownClassTHE_CURSED_PURPLE","sneckomod:SoulRoll"],"picked":"sneckomod:UnknownClassBLESSING","floor":6},{"not_picked":["sneckomod:UnknownClassASTROLOGER","sneckomod:ImprovisedAttack"],"picked":"sneckomod:UnknownCommonSkill","floor":8},{"not_picked":["sneckomod:UnknownCommonAttack","sneckomod:UnknownUncommonPower"],"picked":"sneckomod:UnknownClassROBOT_ORANGE_COLOR","floor":10},{"not_picked":["sneckomod:UnknownStrike","sneckomod:UnknownClassPURPLE"],"picked":"sneckomod:Cheat","floor":13},{"not_picked":["sneckomod:Unknown1Cost","sneckomod:RainOfDice"],"picked":"sneckomod:UnknownUncommonSkill","floor":14},{"not_picked":["sneckomod:Unknown0Cost","sneckomod:RainOfDice"],"picked":"sneckomod:WideSting","floor":15}],"player_experience":791533,"relics_obtained":[{"floor":3,"key":"sneckomod:LoadedDie"},{"floor":8,"key":"White Beast Statue"},{"floor":14,"key":"downfall:CloakOfManyFaces"}],"event_choices":[{"damage_healed":0,"gold_gain":0,"player_choice":"Relic ","damage_taken":7,"max_hp_gain":0,"max_hp_loss":0,"event_name":"betterThird:BetterScrap","floor":11,"gold_loss":0,"cards_obtained":["Rupture"]}],"is_beta":false,"boss_relics":[],"items_purged_floors":[],"is_endless":false,"potions_floor_spawned":[3,5,8,10,13,14,15],"killed_by":"downfall:Defect","ascension_level":0}}