{"host":"sdjng9zhqonqi3uc","time":1608218162,"event":{"mods":["AchievementEnabler","BaseMod","BetterRewards","Colored Powertips","Hero for Fun","Minty Spire (QoL Compilation)","StSLib","Td1madao Mod"],"gold_per_floor":[16,28,39,39,39,39,39,73,73,107,123,123,123,135,135,233,233,245,170,185,198,209,209,241,253,278,296,296,296,308,208,208,304,304,316,191,211,227,246,273,273,286,286,286,318,331,181,194,194,194],"floor_reached":51,"playtime":429,"items_purged":["Defend_Y","Defend_Y","Defend_Y","Defend_Y"],"score":1197,"play_id":"2d4b5c69-2b7d-4e6e-ac8d-4addfb67485f","local_time":"20201217161602","is_ascension_mode":true,"campfire_choices":[{"data":"Strike_Y","floor":6,"key":"SMITH"},{"data":"Slap","floor":13,"key":"SMITH"},{"data":"Slap","floor":15,"key":"SMITH"},{"data":"Serious_Punch","floor":23,"key":"SMITH"},{"data":"Strike_Y","floor":29,"key":"SMITH"},{"data":"Strike_Y","floor":32,"key":"SMITH"},{"data":"Strike_Y","floor":41,"key":"SMITH"},{"data":"Strike_Y","floor":44,"key":"SMITH"},{"floor":49,"key":"REST"}],"circlet_count":0,"master_deck":["Strike_Y+1","Strike_Y+1","Strike_Y+1","Strike_Y+1","Strike_Y+1","Slap+1","Slap+1","Serious_Punch+1"],"relics":["Cape"],"acts_visited":["Exordium","TheCity","TheBeyond"],"potions_floor_usage":[],"damage_taken":[{"damage":0,"enemies":"Jaw Worm","floor":1,"turns":1},{"damage":0,"enemies":"2 Louse","floor":2,"turns":1},{"damage":0,"enemies":"Cultist","floor":3,"turns":1},{"damage":0,"enemies":"Gremlin Nob","floor":8,"turns":1},{"damage":0,"enemies":"Lagavulin","floor":10,"turns":1},{"damage":0,"enemies":"3 Louse","floor":11,"turns":1},{"damage":0,"enemies":"Exordium Thugs","floor":14,"turns":1},{"damage":0,"enemies":"Hexaghost","floor":16,"turns":1},{"damage":0,"enemies":"3 Byrds","floor":18,"turns":1},{"damage":0,"enemies":"2 Thieves","floor":20,"turns":1},{"damage":0,"enemies":"Snake Plant","floor":21,"turns":1},{"damage":0,"enemies":"Cultist and Chosen","floor":22,"turns":1},{"damage":0,"enemies":"Gremlin Leader","floor":24,"turns":1},{"damage":0,"enemies":"Centurion and Healer","floor":25,"turns":1},{"damage":0,"enemies":"Snake Plant","floor":27,"turns":1},{"damage":0,"enemies":"Chosen and Byrds","floor":30,"turns":1},{"damage":0,"enemies":"Automaton","floor":33,"turns":1},{"damage":0,"enemies":"3 Shapes","floor":35,"turns":1},{"damage":0,"enemies":"3 Darklings","floor":37,"turns":1},{"damage":0,"enemies":"Writhing Mass","floor":38,"turns":1},{"damage":0,"enemies":"4 Shapes","floor":39,"turns":2},{"damage":0,"enemies":"Giant Head","floor":40,"turns":1},{"damage":0,"enemies":"Transient","floor":42,"turns":1},{"damage":0,"enemies":"Reptomancer","floor":45,"turns":1},{"damage":0,"enemies":"Writhing Mass","floor":46,"turns":1},{"damage":0,"enemies":"Jaw Worm Horde","floor":48,"turns":1},{"damage":0,"enemies":"Time Eater","floor":50,"turns":1}],"seed_played":"529817415924182184","potions_obtained":[],"is_trial":false,"path_per_floor":["M","M","M","?","$","R","?","E","T","E","M","T","R","M","R","B",null,"M","$","M","M","M","R","E","M","T","M","?","R","M","$","R","B",null,"M","$","M","M","M","E","R","M","T","R","E","M","$","M","R","B",null],"character_chosen":"OPM","items_purchased":[],"campfire_rested":1,"item_purchase_floors":[],"current_hp_per_floor":[999,999,999,999,999,999,999,999,999,999,999,999,999,999,999,999,999,999,999,999,999,999,999,999,999,999,999,999,999,999,999,999,999,999,999,999,999,999,999,999,999,999,999,999,999,999,999,999,999,999],"gold":194,"neow_bonus":"TRANSFORM_CARD","is_daily":false,"chose_seed":false,"campfire_upgraded":8,"win_rate":0.0,"timestamp":1608218162,"path_taken":["M","M","M","?","$","R","?","E","T","E","M","?","R","M","R","BOSS","M","$","M","?","M","R","E","M","T","M","?","R","M","?","R","BOSS","M","$","M","M","M","E","R","M","T","R","E","M","?","M","R","BOSS"],"items_purchased_type":[],"build_version":"2020-12-13","purchased_purges":4,"victory":true,"max_hp_per_floor":[999,999,999,999,999,999,999,999,999,999,999,999,999,999,999,999,999,999,999,999,999,999,999,999,999,999,999,999,999,999,999,999,999,999,999,999,999,999,999,999,999,999,999,999,999,999,999,999,999,999],"card_choices":[{"not_picked":["Yawn","Toss_Stone","Slap"],"picked":"SKIP","floor":1},{"not_picked":["Side_Hop","Consecutive_Normal_Punch","Yawn"],"picked":"SKIP","floor":2},{"not_picked":["Side_Hop","Yawn","Do_Nothing"],"picked":"SKIP","floor":3},{"not_picked":["Normal_Punch","Side_Hop","Consecutive_Normal_Punch"],"picked":"SKIP","floor":8},{"not_picked":["Do_Nothing","Serious_Side_Hops"],"picked":"Slap","floor":10},{"not_picked":["Yawn","Ignore","Slap"],"picked":"SKIP","floor":11},{"not_picked":["Yawn","Hop","Normal_Punch"],"picked":"SKIP","floor":14},{"not_picked":["Get_Hopes_Up","Serious_Side_Hops"],"picked":"Serious_Punch","floor":16},{"not_picked":["Yawn","Slap","Ignore"],"picked":"SKIP","floor":18},{"not_picked":["Ignore+1","Yawn+1","Slap"],"picked":"SKIP","floor":20},{"not_picked":["Hop","Do_Nothing+1","Get_Hopes_Up"],"picked":"SKIP","floor":21},{"not_picked":["Normal_Punch+1","Consecutive_Normal_Punch","Hop+1"],"picked":"SKIP","floor":22},{"not_picked":["Wear_Disguise","Yawn","Normal_Punch"],"picked":"SKIP","floor":24},{"not_picked":["Ignore+1","Serious_Punch","Side_Hop"],"picked":"SKIP","floor":25},{"not_picked":["Yawn","Hop","Normal_Punch"],"picked":"SKIP","floor":27},{"not_picked":["Side_Hop","Toss_Stone","Slap"],"picked":"SKIP","floor":30},{"not_picked":["Slap","Do_Nothing+1","Hop"],"picked":"SKIP","floor":35},{"not_picked":["Yawn","Consecutive_Normal_Punch","Do_Nothing+1"],"picked":"SKIP","floor":37},{"not_picked":["Yawn","Ignore+1","Normal_Punch+1"],"picked":"SKIP","floor":38},{"not_picked":["Slap","Do_Nothing","Wear_Disguise+1"],"picked":"SKIP","floor":39},{"not_picked":["Ignore","Normal_Punch","Slap+1"],"picked":"SKIP","floor":40},{"not_picked":["Hop+1","Normal_Punch+1","Slap"],"picked":"SKIP","floor":42},{"not_picked":["Get_Hopes_Up","Wear_Disguise+1","Yawn+1"],"picked":"SKIP","floor":45},{"not_picked":["Consecutive_Normal_Punch+1","Normal_Punch+1","Slap+1"],"picked":"SKIP","floor":46},{"not_picked":["Ignore+1","Yawn","Consecutive_Normal_Punch"],"picked":"SKIP","floor":48}],"player_experience":203449,"relics_obtained":[],"event_choices":[{"damage_healed":0,"gold_gain":0,"player_choice":"Ignored","damage_taken":0,"max_hp_gain":0,"max_hp_loss":0,"event_name":"Golden Idol","floor":4,"gold_loss":0},{"damage_healed":0,"gold_gain":0,"player_choice":"Searched \u00270\u0027 times","damage_taken":0,"max_hp_gain":0,"max_hp_loss":0,"event_name":"Dead Adventurer","floor":7,"gold_loss":0},{"damage_healed":0,"gold_gain":0,"player_choice":"Ignored","damage_taken":0,"max_hp_gain":0,"max_hp_loss":0,"event_name":"Vampires","floor":28,"gold_loss":0}],"is_beta":false,"boss_relics":[{"not_picked":["Fusion Hammer","Astrolabe","Ectoplasm"]},{"not_picked":["Cursed Key","Busted Crown","Snecko Eye"]}],"items_purged_floors":[19,31,36,47],"is_endless":false,"potions_floor_spawned":[3,10,11,16,18,22,24,33,38,39,40],"ascension_level":2}}