{"host":"cyh4fejqtcjbfr7k","time":1608187304,"event":{"mods":["2.2 Compatiblity","AchievementEnabler","BaseMod","Colored Map","Colored Powertips","DeckTracker","Downfall","Googly Eyes","Hubris","Infinite Spire","Minty Spire (QoL Compilation)","Replay The Spire","Shop Mod","StSLib","SuperFastMode","Unceasing Turn Reminder"],"gold_per_floor":[117,188,208,208,208,236,236,236,236,252,252,265,277,302,302,398,398,411,28,28,47,47,47,80,93,93,93,108,128,128,328,328,432,432,448,448,468,487,487,487],"floor_reached":39,"playtime":1791,"items_purged":[],"score":582,"play_id":"b74a70dc-495e-4d79-8f06-5fd26f22b599","local_time":"20201216234144","is_ascension_mode":true,"campfire_choices":[{"floor":7,"key":"REST"},{"data":"Catalyst","floor":11,"key":"SMITH"},{"data":"Terror","floor":15,"key":"SMITH"},{"data":"Noxious Fumes","floor":23,"key":"SMITH"},{"floor":27,"key":"REST"},{"floor":32,"key":"REST"}],"circlet_count":0,"master_deck":["Strike_G","Strike_G","Strike_G","Strike_G","Strike_G","Defend_G","Defend_G","Defend_G","Defend_G","Survivor","Neutralize","Poisoned Stab","Deflect","Deadly Poison","Footwork+1","Terror+1","Catalyst+1","Distraction","Flying Knee","PiercingWail","ReplayTheSpireMod:Necrosis","Bane","Noxious Fumes+1","Crippling Poison+1","Caltrops+1","Deflect","PiercingWail+1","Outmaneuver+1"],"relics":["Ring of the Serpent","NeowsBlessing","hubris:SlimyHat","The Courier","hubris:CuriousFeather","infinitespire:ShieldingShard","Black Star","Lee\u0027s Waffle","infinitespire:Bottled Soul","ReplayTheSpireMod:TigerMarble","Basket Of Snakes","Kunai"],"acts_visited":["Exordium","TheCity","TheBeyond"],"potions_floor_usage":[12,14,24,24,30,38],"damage_taken":[{"damage":0,"enemies":"Jaw Worm","floor":1,"turns":1},{"damage":0,"enemies":"2 Louse","floor":3,"turns":1},{"damage":0,"enemies":"Gremlin Nob","floor":6,"turns":1},{"damage":0,"enemies":"Cultist","floor":10,"turns":3},{"damage":0,"enemies":"Looter","floor":12,"turns":2},{"damage":0,"enemies":"Large Slime","floor":13,"turns":5},{"damage":0,"enemies":"Lagavulin","floor":14,"turns":5},{"damage":32,"enemies":"Slime Boss","floor":16,"turns":13},{"damage":31,"enemies":"Spheric Guardian","floor":18,"turns":6},{"damage":12,"enemies":"Shell Parasite","floor":21,"turns":5},{"damage":1,"enemies":"Gremlin Leader","floor":24,"turns":6},{"damage":27,"enemies":"Snake Plant","floor":25,"turns":5},{"damage":11,"enemies":"Snecko","floor":28,"turns":5},{"damage":16,"enemies":"Centurion and Healer","floor":29,"turns":7},{"damage":0,"enemies":"Slavers","floor":30,"turns":1},{"damage":35,"enemies":"hubris:MusketHawk","floor":33,"turns":8},{"damage":20,"enemies":"Orb Walker","floor":35,"turns":5},{"damage":0,"enemies":"3 Shapes","floor":37,"turns":4},{"damage":12,"enemies":"Maw","floor":38,"turns":8},{"damage":54,"enemies":"Transient","floor":39,"turns":4}],"seed_played":"3600448601294198365","potions_obtained":[{"floor":2,"key":"CunningPotion"},{"floor":2,"key":"Flashbang"},{"floor":10,"key":"Milkshake"},{"floor":12,"key":"Strength Potion"},{"floor":16,"key":"infinitespire:BlackPotion"},{"floor":29,"key":"SmokeBomb"},{"floor":33,"key":"Venom Potion"}],"is_trial":false,"path_per_floor":["M","?","M","?","?","E","R","$","T","M","R","M","M","E","R","B",null,"M","$","?","M","?","R","E","M","T","R","M","M","E","?","R","B",null,"M","?","M","M","M"],"character_chosen":"THE_SILENT","items_purchased":["Noxious Fumes","Lee\u0027s Waffle","infinitespire:Bottled Soul"],"campfire_rested":3,"item_purchase_floors":[19,19,19],"current_hp_per_floor":[70,42,42,42,42,42,63,63,63,63,63,63,63,63,63,31,70,39,77,77,65,65,65,64,37,37,60,49,33,33,33,56,21,77,57,57,57,45,0,0],"gold":487,"neow_bonus":"THREE_ENEMY_KILL","is_daily":false,"chose_seed":false,"campfire_upgraded":3,"win_rate":0.0,"timestamp":1608187304,"path_taken":["M","?","M","?","?","E","R","$","T","M","R","?","M","E","R","BOSS","M","$","?","M","?","R","E","M","T","R","?","M","E","?","R","BOSS","M","?","?","M","M"],"items_purchased_type":["Card","Relic","Relic"],"build_version":"2020-12-13","purchased_purges":0,"victory":false,"max_hp_per_floor":[70,70,70,70,70,70,70,70,70,70,70,70,70,70,70,70,70,70,77,77,77,77,77,77,77,77,77,77,77,77,77,77,77,77,77,77,77,77,77,77],"card_choices":[{"not_picked":["Hidden Blade","Bane"],"picked":"Poisoned Stab","floor":1},{"not_picked":["Flying Knee","Predator"],"picked":"Deflect","floor":2},{"not_picked":["Endless Agony","Acrobatics"],"picked":"Deadly Poison","floor":3},{"not_picked":["Draining Mist","PiercingWail"],"picked":"Terror","floor":6},{"not_picked":["Dagger Spray","Prepared"],"picked":"Catalyst","floor":10},{"not_picked":["All Out Attack","Venomology"],"picked":"Distraction","floor":12},{"not_picked":["ReplayTheSpireMod:Speed Training","PiercingWail"],"picked":"Flying Knee","floor":13},{"not_picked":["Acrobatics","All Out Attack"],"picked":"PiercingWail","floor":14},{"not_picked":["Venomology","Doppelganger"],"picked":"ReplayTheSpireMod:Necrosis","floor":16},{"not_picked":["Acrobatics","Blade Dance"],"picked":"Bane","floor":18},{"not_picked":["Fluid Movement","Dagger Spray"],"picked":"Crippling Poison+1","floor":21},{"not_picked":["Expertise","Hidden Blade","Underhanded Strike+1"],"picked":"SKIP","floor":24},{"not_picked":["Blur+1","Backflip"],"picked":"Caltrops+1","floor":25},{"not_picked":["Deflect","PiercingWail","Tools of the Trade"],"picked":"SKIP","floor":28},{"not_picked":["Fluid Movement","Wraith Form v2"],"picked":"Deflect","floor":29},{"not_picked":["Flying Knee","Acrobatics+1"],"picked":"PiercingWail+1","floor":35},{"not_picked":["ReplayTheSpireMod:Tripwire","All Out Attack+1","Hidden Blade"],"picked":"SKIP","floor":37},{"not_picked":["Backflip","hubris:SlightOfHand+1"],"picked":"Outmaneuver+1","floor":38}],"player_experience":572646,"relics_obtained":[{"floor":2,"key":"hubris:SlimyHat"},{"floor":6,"key":"The Courier"},{"floor":9,"key":"hubris:CuriousFeather"},{"floor":14,"key":"infinitespire:ShieldingShard"},{"floor":24,"key":"ReplayTheSpireMod:TigerMarble"},{"floor":24,"key":"Basket Of Snakes"},{"floor":26,"key":"Kunai"}],"event_choices":[{"damage_healed":0,"gold_gain":0,"player_choice":"Leave","damage_taken":0,"max_hp_gain":0,"max_hp_loss":0,"event_name":"FaceTrader","floor":5,"gold_loss":0},{"damage_healed":0,"gold_gain":0,"player_choice":"Ignored","damage_taken":0,"max_hp_gain":0,"max_hp_loss":0,"event_name":"Vampires","floor":22,"gold_loss":0},{"damage_healed":0,"gold_gain":200,"player_choice":"Gold","damage_taken":0,"max_hp_gain":0,"max_hp_loss":0,"event_name":"Wheel of Change","floor":31,"gold_loss":0},{"damage_healed":0,"gold_gain":0,"player_choice":"Bought 0 Potions","damage_taken":0,"max_hp_gain":0,"max_hp_loss":0,"event_name":"The Woman in Blue","floor":36,"gold_loss":0}],"is_beta":false,"boss_relics":[{"not_picked":["Snecko Eye","infinitespire:Cupcake"],"picked":"Black Star"},{"not_picked":["hubris:Stopwatch","Coffee Dripper"],"picked":"Ring of the Serpent"}],"items_purged_floors":[],"is_endless":false,"potions_floor_spawned":[10,12,13,16,21,29,33],"killed_by":"Transient","ascension_level":3}}