{"host":"ixbvfs3so5a39bhe","time":1608200296,"event":{"mods":["BaseMod","Minty Spire (QoL Compilation)","Quick Restart","StSLib"],"gold_per_floor":[117,127,202,377,69,100,25,25,25,25,40,73,83,83,83,83,83],"floor_reached":16,"playtime":552,"items_purged":["Doubt"],"score":133,"play_id":"0dfb39c7-6900-46a3-bba0-7eb20c8b0385","local_time":"20201217181816","is_ascension_mode":false,"campfire_choices":[{"data":"1","floor":8.0,"key":"LIFT"},{"data":"2","floor":15,"key":"LIFT"}],"circlet_count":0,"master_deck":["Strike_R","Strike_R","Strike_R","Strike_R","Strike_R","Defend_R","Defend_R","Defend_R","Defend_R","Iron Wave","Body Slam"],"relics":["Burning Blood","NeowsBlessing","Unceasing Top","Girya","Question Card"],"acts_visited":["Exordium"],"potions_floor_usage":[12],"damage_taken":[{"damage":0.0,"enemies":"Jaw Worm","floor":1.0,"turns":1.0},{"damage":0.0,"enemies":"Small Slimes","floor":2.0,"turns":1.0},{"damage":0.0,"enemies":"Lagavulin","floor":6.0,"turns":1.0},{"damage":1.0,"enemies":"Cultist","floor":11.0,"turns":4.0},{"damage":27,"enemies":"3 Sentries","floor":12,"turns":9},{"damage":9,"enemies":"Blue Slaver","floor":13,"turns":4},{"damage":36,"enemies":"Hexaghost","floor":16,"turns":9}],"seed_played":"3822201930159905931","potions_obtained":[{"floor":1.0,"key":"Energy Potion"},{"floor":11.0,"key":"Dexterity Potion"}],"is_trial":false,"path_per_floor":["M","M","?","?","$","E","$","R","T","$","M","E","M","?","R","B"],"character_chosen":"IRONCLAD","items_purchased":["Unceasing Top"],"campfire_rested":0,"item_purchase_floors":[5],"current_hp_per_floor":[80,80,69,69,69,75,75,75,75,75,80,59,56,56,56,20,20],"gold":83,"neow_bonus":"THREE_ENEMY_KILL","is_daily":false,"chose_seed":false,"campfire_upgraded":0,"win_rate":0.0,"timestamp":1608200296,"path_taken":["M","M","?","?","?","E","$","R","T","$","M","E","?","?","R","BOSS"],"items_purchased_type":["Relic"],"build_version":"2020-12-13","purchased_purges":1,"victory":false,"max_hp_per_floor":[80,80,80,80,80,80,80,80,80,80,80,80,80,80,80,80,80],"card_choices":[{"not_picked":["Second Wind","Warcry"],"picked":"Iron Wave","floor":1.0},{"not_picked":["Wild Strike","Pummel"],"picked":"Body Slam","floor":2.0},{"not_picked":["Combust","Shockwave","Whirlwind"],"picked":"SKIP","floor":6.0},{"not_picked":["Perfected Strike","Warcry","Armaments"],"picked":"SKIP","floor":11.0},{"not_picked":["Sever Soul","Warcry","Intimidate"],"picked":"SKIP","floor":12},{"not_picked":["Sword Boomerang","Corruption","Cleave","Headbutt"],"picked":"SKIP","floor":13}],"player_experience":176761,"relics_obtained":[{"floor":6.0,"key":"Girya"},{"floor":12,"key":"Question Card"}],"event_choices":[{"damage_healed":0.0,"max_hp_gain":0.0,"max_hp_loss":0.0,"gold_gain":75.0,"event_name":"World of Goop","player_choice":"Gather Gold","floor":3.0,"gold_loss":0.0,"damage_taken":11.0},{"damage_healed":0.0,"max_hp_gain":0.0,"max_hp_loss":0.0,"gold_gain":175.0,"event_name":"Liars Game","player_choice":"AGREE","floor":4.0,"gold_loss":0.0,"damage_taken":0.0,"cards_obtained":["Doubt"]},{"cards_removed":["Bash"],"damage_healed":0,"gold_gain":0,"player_choice":"Purged","damage_taken":0,"max_hp_gain":0,"max_hp_loss":0,"event_name":"Purifier","floor":14,"gold_loss":0}],"is_beta":false,"boss_relics":[],"items_purged_floors":[7],"is_endless":false,"potions_floor_spawned":[1,11],"killed_by":"Hexaghost","ascension_level":0}}