{"host":"sav7uxregyirlf69","time":1608174670,"event":{"mods":["AchievementEnabler","BaseMod","Colored Map","DeckTracker","Keyboard Shortcuts","Minty Spire (QoL Compilation)","READ ME - Guardian Mod","StSLib","SuperFastMode"],"gold_per_floor":[119,119,131,131,131,164,180,0,27,27,42,42,67,78,78,78,78],"floor_reached":16,"playtime":280,"items_purged":["Strike_G"],"score":220,"play_id":"2ba0cd09-09fa-4a0f-b2a5-5204ea96c0cb","local_time":"20201217121110","is_ascension_mode":true,"campfire_choices":[{"floor":10,"key":"REST"},{"data":"Panache","floor":12,"key":"SMITH"},{"floor":15,"key":"REST"}],"circlet_count":0,"master_deck":["AscendersBane","Strike_G+1","Strike_G","Strike_G","Defend_G","Defend_G","Defend_G","Defend_G","Defend_G","Survivor","Neutralize","Panache+1","Backstab","Cloak And Dagger+1","Escape Plan","Flash of Steel","Blur"],"relics":["Ring of the Snake","Orichalcum","Strawberry","Molten Egg 2"],"acts_visited":["Exordium"],"potions_floor_usage":[16,16],"damage_taken":[{"damage":6,"enemies":"Small Slimes","floor":1,"turns":4},{"damage":0,"enemies":"2 Louse","floor":3,"turns":2},{"damage":15,"enemies":"3 Sentries","floor":6,"turns":9},{"damage":0,"enemies":"Jaw Worm","floor":7,"turns":2},{"damage":8,"enemies":"3 Louse","floor":11,"turns":3},{"damage":24,"enemies":"Lagavulin","floor":13,"turns":8},{"damage":0,"enemies":"2 Fungi Beasts","floor":14,"turns":4},{"damage":33,"enemies":"Slime Boss","floor":16,"turns":6}],"seed_played":"2143558927387352844","potions_obtained":[{"floor":3,"key":"EssenceOfSteel"},{"floor":13,"key":"AttackPotion"}],"is_trial":false,"path_per_floor":["M","?","M","?","?","E","M","$","T","R","M","R","E","M","R","B"],"character_chosen":"THE_SILENT","items_purchased":["Flash of Steel"],"campfire_rested":2,"item_purchase_floors":[8],"current_hp_per_floor":[53,46,46,46,28,13,13,13,20,40,32,32,8,8,28,0,0],"gold":78,"neow_bonus":"RANDOM_COLORLESS_2","is_daily":false,"chose_seed":false,"campfire_upgraded":1,"win_rate":0.0,"timestamp":1608174670,"path_taken":["M","?","M","?","?","E","M","$","T","R","M","R","E","M","R","BOSS"],"items_purchased_type":["Card"],"build_version":"2020-12-13","purchased_purges":1,"victory":false,"max_hp_per_floor":[60,60,60,60,60,60,60,60,67,67,67,67,67,67,67,67,67],"card_choices":[{"not_picked":["Mayhem","Secret Technique"],"picked":"Panache","floor":0},{"not_picked":["Underhanded Strike","Skewer"],"picked":"Backstab","floor":1},{"not_picked":["Deflect","Deadly Poison"],"picked":"Cloak And Dagger","floor":3},{"not_picked":["Night Terror","Outmaneuver"],"picked":"Escape Plan","floor":6},{"not_picked":["Dagger Throw","Slice","Deadly Poison"],"picked":"SKIP","floor":7},{"not_picked":["Acrobatics","Dagger Spray","Prepared"],"picked":"SKIP","floor":11},{"not_picked":["Night Terror","Quick Slash+1","Bane+1"],"picked":"SKIP","floor":13},{"not_picked":["PiercingWail","Poisoned Stab+1"],"picked":"Blur","floor":14}],"player_experience":934123,"relics_obtained":[{"floor":6,"key":"Orichalcum"},{"floor":9,"key":"Strawberry"},{"floor":13,"key":"Molten Egg 2"}],"event_choices":[{"cards_removed":["Strike_G"],"damage_healed":0,"gold_gain":0,"player_choice":"Card Removal","damage_taken":7,"max_hp_gain":0,"max_hp_loss":0,"event_name":"Golden Wing","floor":2,"gold_loss":0},{"damage_healed":0,"gold_gain":0,"player_choice":"Ignored","damage_taken":0,"max_hp_gain":0,"max_hp_loss":0,"event_name":"Liars Game","floor":4,"gold_loss":0},{"damage_healed":0,"gold_gain":0,"player_choice":"Entered Light","damage_taken":18,"max_hp_gain":0,"max_hp_loss":0,"event_name":"Shining Light","floor":5,"gold_loss":0,"cards_upgraded":["Strike_G","Cloak And Dagger"]}],"is_beta":false,"boss_relics":[],"items_purged_floors":[8],"is_endless":false,"potions_floor_spawned":[3,13],"killed_by":"Slime Boss","ascension_level":20}}