{"host":"jak4ncvfzor9mys0","time":1608228168,"event":{"mods":["2.2 Compatiblity","AchievementEnabler","BaseMod","Better Altar","Better Match","Better Note","Better Sensory Stone","Better Skull","Better Third Choice","BetterRewards","Block Reminder","Colored Map","Colored Powertips","Energized Spire","Gold Saver","Hubris","Infinite Spire","Key Reminder","Minty Spire (QoL Compilation)","Rare Cards Sparkle","Red Circlet Mod","Relic Sorter","Relic Stats","Replay The Spire","Retaliation","StSLib","SuperFastMode","The Blue Laboratory"],"gold_per_floor":[223,223,148,148,166,181,193,203,271,290,290,308,324,29,29,127,127,139,154,154,168,178,194,244,244,269,269,269,269,304,357,357,513,513,559,589,604,604],"floor_reached":37,"playtime":1124,"items_purged":["Strike_R","Thunderclap","Pommel Strike"],"score":387,"play_id":"0e98ee08-e6da-4c10-ad0c-b904a1133c96","local_time":"20201217100248","is_ascension_mode":false,"campfire_choices":[{"data":"Perfected Strike","floor":11,"key":"SMITH"},{"data":"hubris:ReadiedAction","floor":15,"key":"SMITH"},{"data":"Twin Strike","floor":25,"key":"SMITH"},{"data":"Strike_R","floor":28,"key":"SMITH"},{"data":"Strike_R","floor":32,"key":"SMITH"}],"circlet_count":0,"master_deck":["Strike_R","Strike_R","Strike_R+1","Strike_R+1","Defend_R+2","Defend_R+1","Defend_R","Bash+1","Twin Strike+1","hubris:ReadiedAction+1","Twin Strike+1","Perfected Strike+1","Perfected Strike+1","Demon Form"],"relics":["Burning Blood","Replay:Bandana","Velvet Choker","ReplayTheSpireMod:Ninjato","Membership Card","Simple Rune","Tiny House","hubris:ToyBattleship"],"acts_visited":["Exordium","TheCity","TheBeyond"],"potions_floor_usage":[7,30,30,30,30,30,33],"damage_taken":[{"damage":5,"enemies":"Small Slimes","floor":1,"turns":4},{"damage":11,"enemies":"Jaw Worm","floor":5,"turns":2},{"damage":0,"enemies":"Cultist","floor":6,"turns":3},{"damage":8,"enemies":"Lots of Slimes","floor":7,"turns":5},{"damage":3,"enemies":"Large Slime","floor":8,"turns":4},{"damage":15,"enemies":"3 Louse","floor":10,"turns":3},{"damage":0,"enemies":"Gremlin Gang","floor":12,"turns":3},{"damage":2,"enemies":"Looter","floor":13,"turns":3},{"damage":25,"enemies":"The Guardian","floor":16,"turns":8},{"damage":0,"enemies":"Spheric Guardian","floor":18,"turns":3},{"damage":8,"enemies":"2 Thieves","floor":19,"turns":3},{"damage":3,"enemies":"Snecko","floor":21,"turns":4},{"damage":0,"enemies":"3 Cultists","floor":22,"turns":4},{"damage":13,"enemies":"Centurion and Healer","floor":23,"turns":4},{"damage":4,"enemies":"Nightmare","floor":30,"turns":6},{"damage":0,"enemies":"Cultist and Chosen","floor":31,"turns":3},{"damage":44,"enemies":"Champ","floor":33,"turns":6},{"damage":15,"enemies":"3 Darklings","floor":35,"turns":3},{"damage":37,"enemies":"Orb Walker","floor":36,"turns":5},{"damage":49,"enemies":"2 Orb Walkers","floor":37,"turns":2}],"seed_played":"-6862427001808731471","potions_obtained":[{"floor":6,"key":"CultistPotion"},{"floor":8,"key":"ElixirPotion"},{"floor":12,"key":"blueLaboratory:EnragingPotion"},{"floor":13,"key":"blueLaboratory:PhilterOfMotion"},{"floor":19,"key":"LifebloodPotion"},{"floor":24,"key":"EntropicBrew"},{"floor":31,"key":"blueLaboratory:HorrorPotion"},{"floor":33,"key":"blueLaboratory:BottleOfRum"}],"is_trial":false,"path_per_floor":["M","?","$","?","M","M","M","M","T","M","R","M","M","$","R","B",null,"M","M","?","M","M","M","AVR","R","T","?","R","?","NM","M","R","B",null,"M","M","?"],"character_chosen":"IRONCLAD","items_purchased":["Membership Card","Pommel Strike","Simple Rune"],"campfire_rested":0,"item_purchase_floors":[14,14,14],"current_hp_per_floor":[80,80,80,80,75,80,78,80,80,71,71,77,80,80,80,61,80,80,78,78,80,80,73,78,78,78,78,78,78,80,85,85,47,85,76,45,0,0],"gold":604,"neow_bonus":"UPGRADE_CARD","is_daily":false,"chose_seed":false,"campfire_upgraded":5,"win_rate":0.0,"timestamp":1608228168,"path_taken":["M","?","$","?","M","M","M","M","T","M","R","M","M","$","R","BOSS","M","M","?","?","M","M","AVR","R","T","?","R","?","NM","?","R","BOSS","M","M","?"],"items_purchased_type":["Relic","Card","Relic"],"build_version":"2020-12-13","purchased_purges":3,"victory":false,"max_hp_per_floor":[80,80,80,80,80,80,80,80,80,80,80,80,80,80,80,80,80,80,80,80,80,80,80,85,85,85,85,85,85,85,85,85,85,85,85,85,85,85],"relic_stats":{"counters":[20,78],"obtain_stats":[{"Replay:Bandana":30,"ReplayTheSpireMod:Ninjato":9,"Tiny House":24,"Velvet Choker":17,"Simple Rune":14,"hubris:ToyBattleship":24,"Membership Card":14,"Burning Blood":0},{"Replay:Bandana":15,"ReplayTheSpireMod:Ninjato":5,"Tiny House":14,"Velvet Choker":9,"Simple Rune":8,"hubris:ToyBattleship":14,"Membership Card":8,"Burning Blood":0},{"Replay:Bandana":59,"ReplayTheSpireMod:Ninjato":18,"Tiny House":53,"Velvet Choker":35,"Simple Rune":27,"hubris:ToyBattleship":53,"Membership Card":27,"Burning Blood":0}],"Burning Blood":96},"card_choices":[{"not_picked":["Headbutt","Flex"],"picked":"Twin Strike","floor":1},{"not_picked":["DDmod:SpikeMailSkill","Body Slam"],"picked":"hubris:ReadiedAction","floor":5},{"not_picked":["Body Slam","Warcry","DDmod:EasePowerCard"],"picked":"SKIP","floor":6},{"not_picked":["DDmod:CallousedSkill","ReplayTheSpireMod:Muscle Training"],"picked":"Twin Strike","floor":7},{"not_picked":["infinitespire:OneForAll","Dark Embrace"],"picked":"Thunderclap","floor":8},{"not_picked":["Dark Embrace","DDmod:EasePowerCard"],"picked":"Perfected Strike","floor":10},{"not_picked":["Impervious","Heavy Blade","Reckless Charge"],"picked":"SKIP","floor":12},{"not_picked":["Cleave","Warcry","Run Through"],"picked":"SKIP","floor":13},{"not_picked":["Reckless Charge","Anger+1","Rupture"],"picked":"SKIP","floor":18},{"not_picked":["Clothesline","Sword Boomerang","Clash"],"picked":"SKIP","floor":19},{"not_picked":["Pommel Strike","Reckless Charge","Blood for Blood"],"picked":"SKIP","floor":21},{"not_picked":["Armaments","Sword Boomerang","Replay:Undeath\u0027s Touch"],"picked":"SKIP","floor":22},{"not_picked":["DDmod:PokeAttack+1","DDmod:RechargeSkill"],"picked":"Perfected Strike","floor":23},{"not_picked":["Sever Soul","DDmod:RapidStrikeAttack","Headbutt"],"picked":"SKIP","floor":30},{"not_picked":["DDmod:SpikeMailSkill","Clash","Shockwave+1"],"picked":"SKIP","floor":31},{"not_picked":["Fiend Fire","Replay:Many Hands"],"picked":"Demon Form","floor":33},{"not_picked":["Headbutt","ReplayReversal+1","Defy Death"],"picked":"SKIP","floor":35},{"not_picked":["Power Through","Flex","DDmod:EasePowerCard"],"picked":"SKIP","floor":36}],"player_experience":2631163,"relics_obtained":[{"floor":9,"key":"ReplayTheSpireMod:Ninjato"},{"floor":30,"key":"Replay:Bandana"}],"event_choices":[{"damage_healed":0,"gold_gain":0,"player_choice":"Grow","damage_taken":0,"max_hp_gain":0,"max_hp_loss":0,"event_name":"Living Wall","floor":2,"gold_loss":0,"cards_upgraded":["Twin Strike"]},{"cards_removed":["Strike_R"],"damage_healed":0,"gold_gain":0,"player_choice":"Give","damage_taken":0,"max_hp_gain":0,"max_hp_loss":0,"event_name":"betterNote:BetterNote","floor":20,"gold_loss":0,"cards_obtained":["Strike_B"]},{"damage_healed":0,"gold_gain":0,"player_choice":"Ignored","damage_taken":0,"max_hp_gain":0,"max_hp_loss":0,"event_name":"Beggar","floor":27,"gold_loss":0},{"cards_removed":["Defend_R"],"damage_healed":0,"gold_gain":0,"player_choice":"Card Removal","damage_taken":0,"max_hp_gain":0,"max_hp_loss":0,"event_name":"Wheel of Change","floor":29,"gold_loss":0},{"damage_healed":0,"gold_gain":0,"player_choice":"Fight","damage_taken":0,"max_hp_gain":0,"max_hp_loss":0,"event_name":"Mysterious Sphere","floor":37,"gold_loss":0}],"is_beta":false,"boss_relics":[{"not_picked":["Ectoplasm","energizedSpire:EnergizedDie"],"picked":"Velvet Choker"},{"not_picked":["energizedSpire:OgreHead","Pandora\u0027s Box","ChewingGum"]}],"items_purged_floors":[3,14,24],"is_endless":true,"potions_floor_spawned":[1,6,8,12,13,19,31,33,36],"killed_by":"2 Orb Walkers","ascension_level":0}}