{"host":"dntw6kil9p09eemm","time":1608242382,"event":{"mods":["BaseMod","Become a monster €›?Œ÷","BetterRewards","Colored Powertips","Hermit","Minty Spire (QoL Compilation)","Permanent Neow","Shop Mod","Spicy Shops","StSLib","The Runesmith","Waifu the Spire","vexMod"],"gold_per_floor":[99,118,118,130,130,144,144,185,198,198,103,103,116,38,56,56,187,187,210,223,223,138,138,138,178,178,224,236,79,92,92,106,106,235,901,916,916,939,857,920,960,978,994,1039,1039,1039,1039,1055,536,536,536],"floor_reached":52,"playtime":1915,"items_purged":["Strike_B","Strike_B","Defend_B","Defend_B","Defend_B"],"score":800,"play_id":"b813c07e-1b08-4bbb-8efb-5dfdd7bb7288","local_time":"20201218065942","is_ascension_mode":false,"campfire_choices":[{"data":"Zap","floor":7,"key":"SMITH"},{"data":"Dualcast","floor":12,"key":"SMITH"},{"data":"Redo","floor":16,"key":"SMITH"},{"data":"Ghostly","floor":24,"key":"SMITH"},{"floor":26,"key":"REST"},{"data":"Ghostly","floor":28,"key":"SMITH"},{"floor":33,"key":"REST"},{"floor":46,"key":"REST"},{"data":"Ghostly","floor":50,"key":"SMITH"}],"circlet_count":0,"master_deck":["Defend_B","Zap+1","Dualcast+1","Hyperbeam","Beam Cell","Double Energy","Static Discharge","Ball Lightning","Redo+1","Core Surge","Ball Lightning","Beam Cell","Ghostly+1","Ghostly+1","Ghostly+1","Ghostly","Ghostly","Ball Lightning+1","Turbo","Turbo","Defragment","Loop","Sweeping Beam","Conserve Battery+1","Leap","Dramatic Entrance","Ball Lightning+1","Seek"],"relics":["Cracked Core","Golden Idol","MerchantsRug","DataDisk","Inserter","Lantern","Membership Card","vexMod:BarristanHead","vexMod:RockOfEvil","Omamori","Bag of Marbles","vexMod:FocusSash","Blood Vial","Lee\u0027s Waffle","Medical Kit","Thread and Needle"],"acts_visited":["Exordium","TheCity","TheBeyond"],"potions_floor_usage":[8,25,51,51],"damage_taken":[{"damage":0,"enemies":"3 Shapes","floor":2,"turns":1},{"damage":0,"enemies":"2 Louse","floor":4,"turns":1},{"damage":1,"enemies":"Jaw Worm","floor":6,"turns":3},{"damage":25,"enemies":"3 Sentries","floor":8,"turns":6},{"damage":0,"enemies":"Lots of Slimes","floor":9,"turns":1},{"damage":5,"enemies":"Looter","floor":13,"turns":2},{"damage":0,"enemies":"3 Louse","floor":15,"turns":2},{"damage":40,"enemies":"The Guardian","floor":17,"turns":7},{"damage":24,"enemies":"3 Byrds","floor":19,"turns":3},{"damage":20,"enemies":"Spheric Guardian","floor":20,"turns":4},{"damage":16,"enemies":"Slavers","floor":25,"turns":4},{"damage":5,"enemies":"Snake Plant","floor":30,"turns":3},{"damage":4,"enemies":"3 Cultists","floor":32,"turns":5},{"damage":40,"enemies":"Collector","floor":34,"turns":8},{"damage":6,"enemies":"3 Shapes","floor":36,"turns":5},{"damage":1,"enemies":"Orb Walker","floor":38,"turns":4},{"damage":26,"enemies":"Mind Bloom Boss Battle","floor":40,"turns":6},{"damage":21,"enemies":"Reptomancer","floor":41,"turns":7},{"damage":1,"enemies":"Maw","floor":42,"turns":7},{"damage":0,"enemies":"4 Shapes","floor":43,"turns":1},{"damage":15,"enemies":"Transient","floor":48,"turns":5},{"damage":75,"enemies":"Donu and Deca","floor":51,"turns":9}],"seed_played":"-900184324443484141","potions_obtained":[{"floor":3,"key":"SkillPotion"},{"floor":3,"key":"PotionOfCapacity"},{"floor":3,"key":"Regen Potion"},{"floor":4,"key":"FairyPotion"},{"floor":8,"key":"Fire Potion"},{"floor":17,"key":"Block Potion"},{"floor":20,"key":"Weak Potion"},{"floor":30,"key":"BlessingOfTheForge"},{"floor":41,"key":"FairyPotion"}],"is_trial":false,"path_per_floor":["M","M","?","M","?","M","R","E","M","T","$","R","M","$","M","R","B",null,"M","M","?","?","?","R","E","R","T","R","$","M","T","M","R","B",null,"M","?","M","$","?","E","M","M","T","?","R","?","M","$","R","B",null],"character_chosen":"DEFECT","items_purchased":["MerchantsRug","DataDisk","Membership Card","Loop","vexMod:FocusSash","Blood Vial","Lee\u0027s Waffle","Medical Kit","Thread and Needle","Seek","Strength Potion","FocusPotion"],"campfire_rested":3,"item_purchase_floors":[11,14,29,39,49,49,49,49,49,49,49,49],"current_hp_per_floor":[75,75,75,75,69,68,68,71,71,71,71,71,66,66,66,66,26,83,59,39,39,39,39,39,23,35,35,35,35,30,36,32,46,6,47,41,41,40,40,14,14,13,13,13,17,31,31,16,54,54,16],"gold":536,"neow_bonus":"ONE_RANDOM_RARE_CARD","is_daily":false,"chose_seed":false,"campfire_upgraded":6,"win_rate":0.0,"timestamp":1608242382,"path_taken":["M","?","?","?","M","R","E","M","T","$","R","M","$","M","R","BOSS","M","M","?","?","?","R","E","R","T","R","$","M","?","M","R","BOSS","M","?","?","$","?","E","M","M","T","?","R","?","?","$","R","BOSS"],"items_purchased_type":["Relic","Relic","Relic","Card","Relic","Relic","Relic","Relic","Relic","Card","Potion","Potion"],"build_version":"2020-12-13","purchased_purges":5,"victory":true,"max_hp_per_floor":[75,75,75,75,69,69,69,83,83,83,83,83,83,83,83,83,83,83,83,83,41,41,41,41,41,41,41,41,41,41,47,47,47,47,47,47,47,47,47,47,47,47,47,47,47,47,47,47,54,54,54],"card_choices":[{"not_picked":["Stack","Blizzard"],"picked":"Beam Cell","floor":2},{"not_picked":["Steam","Rebound"],"picked":"Double Energy","floor":4},{"not_picked":["Aggregate","Leap"],"picked":"Static Discharge","floor":6},{"not_picked":["Capacitor","Hyperbeam"],"picked":"Ball Lightning","floor":8},{"not_picked":["Force Field","Barrage","Go for the Eyes"],"picked":"SKIP","floor":9},{"not_picked":["Blizzard","Consume","Darkness"],"picked":"SKIP","floor":13},{"not_picked":["Defragment","Leap"],"picked":"Redo","floor":15},{"not_picked":["Rainbow","Reboot"],"picked":"Core Surge","floor":17},{"not_picked":["Darkness","Hologram"],"picked":"Ball Lightning","floor":19},{"not_picked":["Go for the Eyes+1","White Noise"],"picked":"Beam Cell","floor":20},{"not_picked":["Compile Driver","Rebound"],"picked":"Ball Lightning+1","floor":25},{"not_picked":["Go for the Eyes","Sunder"],"picked":"Turbo","floor":30},{"not_picked":["Barrage+1","Chill"],"picked":"Turbo","floor":32},{"not_picked":["Streamline","Stack","Steam"],"picked":"SKIP","floor":36},{"not_picked":["Auto Shields+1","Genetic Algorithm+1"],"picked":"Defragment","floor":38},{"not_picked":["Streamline","Gash"],"picked":"Sweeping Beam","floor":40},{"not_picked":["Multi-Cast","Redo+1"],"picked":"Conserve Battery+1","floor":41},{"not_picked":["Coolheaded+1","Blizzard","Rebound+1"],"picked":"SKIP","floor":42},{"not_picked":["Rebound+1","Doom and Gloom"],"picked":"Leap","floor":43},{"not_picked":["Forethought","Jack Of All Trades"],"picked":"Dramatic Entrance","floor":47},{"not_picked":["Turbo+1","Leap+1"],"picked":"Ball Lightning+1","floor":48}],"player_experience":184492,"relics_obtained":[{"floor":8,"key":"Mango"},{"floor":10,"key":"Ginger"},{"floor":25,"key":"Matryoshka"},{"floor":27,"key":"MawBank"},{"floor":27,"key":"Lantern"},{"floor":31,"key":"vexMod:BerryBomb"},{"floor":31,"key":"vexMod:BarristanHead"},{"floor":40,"key":"vexMod:RedPlottingStone"},{"floor":41,"key":"Omamori"},{"floor":44,"key":"Bag of Marbles"}],"event_choices":[{"damage_healed":0,"gold_gain":0,"player_choice":"Got Potions","damage_taken":0,"max_hp_gain":0,"max_hp_loss":0,"event_name":"Lab","floor":3,"gold_loss":0},{"damage_healed":0,"gold_gain":0,"player_choice":"Lose Max HP","damage_taken":0,"relics_obtained":["Golden Idol"],"max_hp_gain":0,"max_hp_loss":6,"event_name":"Golden Idol","floor":5,"gold_loss":0},{"damage_healed":0,"gold_gain":0,"player_choice":"Became a Ghost","damage_taken":0,"max_hp_gain":0,"max_hp_loss":42,"event_name":"Ghosts","floor":21,"gold_loss":0,"cards_obtained":["Ghostly","Ghostly","Ghostly","Ghostly","Ghostly"]},{"damage_healed":0,"gold_gain":0,"player_choice":"Obtained Relic","damage_taken":0,"relics_obtained":["Ancient Tea Set"],"max_hp_gain":0,"max_hp_loss":0,"event_name":"Addict","floor":22,"gold_loss":85},{"cards_removed":["Strike_B"],"damage_healed":0,"gold_gain":0,"player_choice":"Elegance","damage_taken":0,"max_hp_gain":0,"max_hp_loss":0,"event_name":"Back to Basics","floor":23,"gold_loss":0},{"cards_removed":["Strike_B"],"damage_healed":0,"gold_gain":0,"player_choice":"Purged","damage_taken":0,"max_hp_gain":0,"max_hp_loss":0,"event_name":"Purifier","floor":37,"gold_loss":0},{"damage_healed":0,"gold_gain":0,"player_choice":"Fight","damage_taken":0,"max_hp_gain":0,"max_hp_loss":0,"event_name":"MindBloom","floor":40,"gold_loss":0},{"damage_healed":0,"gold_gain":0,"player_choice":"Memory 1","damage_taken":0,"max_hp_gain":0,"max_hp_loss":0,"event_name":"SensoryStone","floor":47,"gold_loss":0}],"is_beta":false,"boss_relics":[{"not_picked":["Snecko Eye","Empty Cage"],"picked":"Inserter"},{"not_picked":["Runic Dome","FrozenCore"],"picked":"vexMod:RockOfEvil"}],"items_purged_floors":[29,29,39,39,49],"is_endless":false,"potions_floor_spawned":[4,8,17,20,30,36,38,41],"ascension_level":0}}