{"host":"2ttsipbxjlhedj1t","time":1608238723,"event":{"mods":["2.2 Compatiblity","Act Like it!","BaseMod","Colored Map","Colored Powertips","Curses Come First","Highlight Path","Minty Spire (QoL Compilation)","Quick Restart","Robot Space Explorer","Shop Mod","StSLib"],"gold_per_floor":[109,38,113,63,83,83,118,128,203,233,252,252,272,272,272,397,397,420,71,95,5,5,48,48,66,91,91,111,135,60,80,80,201,201,221,221,246,17,17,17,32,32,57,57,77,92,110,152,152,152],"floor_reached":51,"playtime":3290,"items_purged":[],"score":809,"play_id":"75dbf8a3-02c1-4f7a-98ef-bfd0d3b78e9d","local_time":"20201217155843","is_ascension_mode":false,"campfire_choices":[{"data":"RobotSpaceExplorer:BlastShield","floor":6,"key":"SMITH"},{"floor":15,"key":"REST"},{"data":"RobotSpaceExplorer:DroneSwarm","floor":24,"key":"SMITH"},{"floor":32,"key":"REST"},{"data":"1","floor":40,"key":"LIFT"},{"data":"2","floor":42,"key":"LIFT"},{"data":"3","floor":44,"key":"LIFT"},{"data":"RobotSpaceExplorer:Probe","floor":49,"key":"SMITH"}],"circlet_count":0,"master_deck":["RobotSpaceExplorer:Strike","RobotSpaceExplorer:Strike","RobotSpaceExplorer:Strike","RobotSpaceExplorer:Defend","RobotSpaceExplorer:Defend","RobotSpaceExplorer:Defend","RobotSpaceExplorer:Scan","RobotSpaceExplorer:MiniLasers+1","RobotSpaceExplorer:BlastShield+1","RobotSpaceExplorer:Discharger","RobotSpaceExplorer:StarLightning","RobotSpaceExplorer:StarLightning","RobotSpaceExplorer:ShockKick","RobotSpaceExplorer:DroneSwarm+1","RobotSpaceExplorer:Pulsar","RobotSpaceExplorer:ShockKick","RobotSpaceExplorer:Probe+1","CurseOfTheBell","RobotSpaceExplorer:Probe+1","RobotSpaceExplorer:RigExplosive+1","Master of Strategy","Dark Shackles","RobotSpaceExplorer:JunkDive+1","RobotSpaceExplorer:ShockKick+1","RobotSpaceExplorer:Probe+1"],"relics":["RobotSpaceExplorer:TurboCore","NeowsBlessing","Boot","Ornamental Fan","RobotSpaceExplorer:PlasmaHourglass","Golden Idol","NlothsMask","MerchantsRug","Toolbox","Chemical X","Mummified Hand","Oddly Smooth Stone","Meat on the Bone","Girya","MealTicket","Strawberry","CeramicFish"],"acts_visited":["Exordium","TheCity","TheBeyond"],"potions_floor_usage":[10,10,33,33,45,47,48,50,50,50,50,50],"damage_taken":[{"damage":0,"enemies":"Small Slimes","floor":1,"turns":1},{"damage":0,"enemies":"2 Louse","floor":5,"turns":1},{"damage":0,"enemies":"Lagavulin","floor":7,"turns":1},{"damage":0,"enemies":"Jaw Worm","floor":8,"turns":3},{"damage":17,"enemies":"Gremlin Nob","floor":10,"turns":4},{"damage":1,"enemies":"Blue Slaver","floor":11,"turns":3},{"damage":0,"enemies":"Lots of Slimes","floor":13,"turns":4},{"damage":5,"enemies":"Hexaghost","floor":16,"turns":9},{"damage":2,"enemies":"Chosen","floor":18,"turns":4},{"damage":4,"enemies":"2 Thieves","floor":20,"turns":4},{"damage":21,"enemies":"Gremlin Leader","floor":23,"turns":6},{"damage":5,"enemies":"Snecko","floor":25,"turns":5},{"damage":4,"enemies":"Snake Plant","floor":28,"turns":3},{"damage":0,"enemies":"Centurion and Healer","floor":29,"turns":5},{"damage":0,"enemies":"Shelled Parasite and Fungi","floor":31,"turns":5},{"damage":0,"enemies":"Champ","floor":33,"turns":10},{"damage":0,"enemies":"3 Shapes","floor":35,"turns":3},{"damage":0,"enemies":"Orb Walker","floor":37,"turns":3},{"damage":0,"enemies":"4 Shapes","floor":41,"turns":3},{"damage":10,"enemies":"Jaw Worm Horde","floor":45,"turns":3},{"damage":4,"enemies":"Maw","floor":46,"turns":8},{"damage":1,"enemies":"Spire Growth","floor":47,"turns":4},{"damage":0,"enemies":"Nemesis","floor":48,"turns":7},{"damage":15,"enemies":"Awakened One","floor":50,"turns":14}],"seed_played":"-4267147816161804491","potions_obtained":[{"floor":1,"key":"SkillPotion"},{"floor":8,"key":"Fire Potion"},{"floor":10,"key":"Swift Potion"},{"floor":13,"key":"Swift Potion"},{"floor":20,"key":"Ancient Potion"},{"floor":29,"key":"Explosive Potion"},{"floor":31,"key":"RobotSpaceExplorer:LiquidFusion"},{"floor":33,"key":"PowerPotion"},{"floor":41,"key":"RobotSpaceExplorer:PlasmaFlask"}],"is_trial":false,"path_per_floor":["M","$","?","?","M","R","E","M","T","E","M","?","M","?","R","B",null,"M","$","M","$","?","E","R","M","T","?","M","M","$","M","R","B",null,"M","?","M","$","T","R","M","R","T","R","M","M","M","E","R","B",null],"character_chosen":"RobotSpaceExplorer","items_purchased":["RobotSpaceExplorer:BlastShield","MerchantsRug","RobotSpaceExplorer:Pulsar","Toolbox","Chemical X","LiquidMemories","Master of Strategy","Dark Shackles"],"campfire_rested":2,"item_purchase_floors":[2,19,19,19,21,30,38,38],"current_hp_per_floor":[75,75,64,64,64,64,64,64,64,47,46,46,46,46,66,61,69,67,67,63,63,63,42,42,37,37,37,33,33,33,33,53,53,69,69,69,69,69,69,69,69,69,76,76,66,62,61,61,61,46],"gold":152,"neow_bonus":"THREE_ENEMY_KILL","is_daily":false,"chose_seed":false,"campfire_upgraded":3,"win_rate":0.0,"timestamp":1608238723,"path_taken":["M","$","?","?","M","R","E","M","T","E","M","?","?","?","R","BOSS","M","$","M","?","?","E","R","?","T","?","M","?","$","M","R","BOSS","M","?","?","$","?","R","?","R","T","R","M","M","M","E","R","BOSS"],"items_purchased_type":["Card","Relic","Card","Relic","Relic","Potion","Card","Card"],"build_version":"2020-12-13","purchased_purges":0,"victory":true,"max_hp_per_floor":[75,75,75,75,75,75,75,75,75,75,75,69,69,69,69,69,69,69,69,69,69,69,69,69,69,69,69,69,69,69,69,69,69,69,69,69,69,69,69,69,69,69,76,76,76,76,76,76,76,76],"card_choices":[{"not_picked":["RobotSpaceExplorer:FrostMissile","RobotSpaceExplorer:SwiftStep"],"picked":"RobotSpaceExplorer:IronShell","floor":1},{"not_picked":["RobotSpaceExplorer:ShockKick","RobotSpaceExplorer:ScrapMissile"],"picked":"RobotSpaceExplorer:Discharger","floor":5},{"not_picked":["RobotSpaceExplorer:Pulsar","RobotSpaceExplorer:ImprovisedAttack","RobotSpaceExplorer:SwiftStep"],"picked":"SKIP","floor":7},{"not_picked":["RobotSpaceExplorer:FrostMissile","RobotSpaceExplorer:SurgingShield","RobotSpaceExplorer:SwiftStep"],"picked":"SKIP","floor":8},{"not_picked":["RobotSpaceExplorer:DroneSwarm","RobotSpaceExplorer:MiniDrones"],"picked":"RobotSpaceExplorer:StarLightning","floor":10},{"not_picked":["RobotSpaceExplorer:MiniDrones","RobotSpaceExplorer:ShockKick"],"picked":"RobotSpaceExplorer:StarLightning","floor":11},{"not_picked":["RobotSpaceExplorer:Counterblock","RobotSpaceExplorer:DualCore"],"picked":"RobotSpaceExplorer:ShockKick","floor":13},{"not_picked":["RobotSpaceExplorer:Asteroid","RobotSpaceExplorer:Multitool"],"picked":"RobotSpaceExplorer:DroneSwarm","floor":16},{"not_picked":["RobotSpaceExplorer:GlueShot","RobotSpaceExplorer:SelfCleaning+1","RobotSpaceExplorer:MetalStrike"],"picked":"SKIP","floor":18},{"not_picked":["RobotSpaceExplorer:GlueShot","RobotSpaceExplorer:ExhaustFan","RobotSpaceExplorer:Jetpack+1"],"picked":"SKIP","floor":20},{"not_picked":["RobotSpaceExplorer:Counterblock+1","RobotSpaceExplorer:DoubleBlock","RobotSpaceExplorer:FreezingShield"],"picked":"SKIP","floor":23},{"not_picked":["RobotSpaceExplorer:StunGrenade","RobotSpaceExplorer:DoubleBlock","RobotSpaceExplorer:ImprovisedAttack"],"picked":"SKIP","floor":25},{"not_picked":["RobotSpaceExplorer:DoubleBlock+1","RobotSpaceExplorer:Blitz+1","RobotSpaceExplorer:MetalStrike"],"picked":"SKIP","floor":28},{"not_picked":["RobotSpaceExplorer:GlueShot","RobotSpaceExplorer:MakeshiftVolley","RobotSpaceExplorer:Autoloader"],"picked":"SKIP","floor":29},{"not_picked":["RobotSpaceExplorer:FreezeRay+1","RobotSpaceExplorer:SurgingStrike"],"picked":"RobotSpaceExplorer:Probe+1","floor":31},{"not_picked":["RobotSpaceExplorer:Multitool","RobotSpaceExplorer:Asteroid"],"picked":"RobotSpaceExplorer:Wormhole","floor":33},{"not_picked":["RobotSpaceExplorer:Blitz","RobotSpaceExplorer:TurboDodge+1"],"picked":"RobotSpaceExplorer:Probe","floor":35},{"not_picked":["RobotSpaceExplorer:SlimeMissile","RobotSpaceExplorer:GearShield"],"picked":"RobotSpaceExplorer:RigExplosive+1","floor":37},{"not_picked":["RobotSpaceExplorer:Calculate+1","RobotSpaceExplorer:PowerGlove"],"picked":"RobotSpaceExplorer:JunkDive+1","floor":41},{"not_picked":["RobotSpaceExplorer:BigMissile+1","RobotSpaceExplorer:MetalStrike+1","RobotSpaceExplorer:ScrapMissile+1"],"picked":"SKIP","floor":45},{"not_picked":["RobotSpaceExplorer:SurgingStrike","RobotSpaceExplorer:MiniDrones"],"picked":"RobotSpaceExplorer:ShockKick+1","floor":46},{"not_picked":["RobotSpaceExplorer:Ammunition","RobotSpaceExplorer:MiniBoosters+1","RobotSpaceExplorer:Jetpack+1"],"picked":"SKIP","floor":47},{"not_picked":["RobotSpaceExplorer:Wormhole","RobotSpaceExplorer:SwiftStep+1"],"picked":"RobotSpaceExplorer:Probe+1","floor":48}],"player_experience":351100,"relics_obtained":[{"floor":7,"key":"Boot"},{"floor":9,"key":"Ornamental Fan"},{"floor":10,"key":"RobotSpaceExplorer:PlasmaHourglass"},{"floor":23,"key":"Mummified Hand"},{"floor":34,"key":"Oddly Smooth Stone"},{"floor":34,"key":"Meat on the Bone"},{"floor":34,"key":"Girya"},{"floor":39,"key":"MealTicket"},{"floor":43,"key":"Strawberry"},{"floor":48,"key":"CeramicFish"}],"event_choices":[{"damage_healed":0,"gold_gain":75,"player_choice":"Gather Gold","damage_taken":11,"max_hp_gain":0,"max_hp_loss":0,"event_name":"World of Goop","floor":3,"gold_loss":0},{"cards_removed":["RobotSpaceExplorer:Defend"],"damage_healed":0,"gold_gain":0,"player_choice":"Card Removal","damage_taken":0,"max_hp_gain":0,"max_hp_loss":0,"event_name":"The Cleric","floor":4,"gold_loss":50},{"damage_healed":0,"gold_gain":0,"player_choice":"Lose Max HP","damage_taken":0,"relics_obtained":["Golden Idol"],"max_hp_gain":0,"max_hp_loss":6,"event_name":"Golden Idol","floor":12,"gold_loss":0},{"damage_healed":0,"gold_gain":0,"player_choice":"Trade","damage_taken":0,"relics_obtained":["NlothsMask"],"max_hp_gain":0,"max_hp_loss":0,"event_name":"FaceTrader","floor":14,"gold_loss":0},{"damage_healed":0,"gold_gain":0,"player_choice":"Copied","damage_taken":0,"max_hp_gain":0,"max_hp_loss":0,"event_name":"Duplicator","floor":22,"gold_loss":0,"cards_obtained":["RobotSpaceExplorer:ShockKick"]},{"damage_healed":0,"gold_gain":0,"player_choice":"Upgraded","damage_taken":0,"max_hp_gain":0,"max_hp_loss":0,"event_name":"Upgrade Shrine","floor":27,"gold_loss":0,"cards_upgraded":["RobotSpaceExplorer:MiniLasers"]},{"cards_removed":["RobotSpaceExplorer:IronShell"],"damage_healed":0,"gold_gain":0,"player_choice":"Offered Uncommon","damage_taken":0,"max_hp_gain":0,"max_hp_loss":0,"event_name":"Bonfire Elementals","floor":36,"gold_loss":0}],"is_beta":false,"boss_relics":[{"not_picked":["Ectoplasm","Velvet Choker"],"picked":"RobotSpaceExplorer:TurboCore"},{"not_picked":["Philosopher\u0027s Stone","Empty Cage"],"picked":"Calling Bell"}],"items_purged_floors":[],"is_endless":false,"potions_floor_spawned":[1,8,10,13,20,29,31,33,41,47],"ascension_level":0}}