{"host":"2n2g1vowfllvjtvi","time":1608202629,"event":{"mods":["AchievementEnabler","BaseMod","Custom Start","GifTheSpireLib","Keyboard Shortcuts","Minty Spire (QoL Compilation)","Quick Restart","Rare Cards Sparkle","StSLib","SuperFastMode"],"gold_per_floor":[111,111,124,124,145,145,158,158,158,229,229,250,250,269,269,360,360,383,0,18,68,68,68],"floor_reached":22,"playtime":508,"items_purged":[],"score":396,"play_id":"246617aa-7b82-4ec8-b8d6-15bdf28535c0","local_time":"20201217195709","is_ascension_mode":true,"campfire_choices":[{"data":"Backstab","floor":6.0,"key":"SMITH"},{"data":"Footwork","floor":8.0,"key":"SMITH"},{"data":"Well Laid Plans","floor":11.0,"key":"SMITH"},{"floor":13.0,"key":"REST"},{"floor":15.0,"key":"REST"}],"circlet_count":0,"master_deck":["AscendersBane","Strike_G","Strike_G","Strike_G","Strike_G","Strike_G","Defend_G","Defend_G","Defend_G","Defend_G","Defend_G","Survivor","Neutralize","Well Laid Plans+1","Backstab+1","Pain","Backflip","Footwork+1","Underhanded Strike+1","Acrobatics","Underhanded Strike+1","Phantasmal Killer","Backstab+1","Dagger Throw+1"],"relics":["Ring of the Snake","NeowsBlessing","Golden Idol","WarpedTongs","Ancient Tea Set","Molten Egg 2","SacredBark"],"acts_visited":["Exordium","TheCity"],"potions_floor_usage":[],"damage_taken":[{"damage":0.0,"enemies":"Small Slimes","floor":1.0,"turns":2.0},{"damage":0.0,"enemies":"2 Louse","floor":3.0,"turns":1.0},{"damage":0.0,"enemies":"Cultist","floor":5.0,"turns":2.0},{"damage":9.0,"enemies":"Large Slime","floor":7.0,"turns":7.0},{"damage":23.0,"enemies":"3 Sentries","floor":10.0,"turns":11.0},{"damage":5.0,"enemies":"Blue Slaver","floor":12.0,"turns":3.0},{"damage":2.0,"enemies":"3 Louse","floor":14.0,"turns":3.0},{"damage":4.0,"enemies":"The Guardian","floor":16.0,"turns":12.0},{"damage":14.0,"enemies":"Shell Parasite","floor":18.0,"turns":7.0},{"damage":0,"enemies":"Spheric Guardian","floor":20,"turns":3},{"damage":0,"enemies":"Centurion and Healer","floor":22,"turns":1}],"seed_played":"-1326940860242381968","potions_obtained":[{"floor":1.0,"key":"Poison Potion"},{"floor":3.0,"key":"LiquidMemories"},{"floor":10.0,"key":"EssenceOfSteel"}],"is_trial":false,"path_per_floor":["M","?","M","?","M","R","M","R","T","?","R","M","R","M","R","B",null,"M","?","M","?","M"],"character_chosen":"THE_SILENT","items_purchased":[],"campfire_rested":2,"item_purchase_floors":[],"current_hp_per_floor":[59,59,59,59,59,59,50,50,50,27,27,22,40,38,56,52,58,44,44,44,44,44,44],"gold":68,"neow_bonus":"THREE_ENEMY_KILL","is_daily":false,"chose_seed":false,"campfire_upgraded":3,"win_rate":0.0,"timestamp":1608202629,"path_taken":["M","?","M","?","?","R","M","R","T","?","R","M","R","M","R","BOSS","M","?","M","?","M"],"items_purchased_type":[],"build_version":"2020-12-13","purchased_purges":0,"victory":false,"max_hp_per_floor":[66,60,60,60,60,60,60,60,60,60,60,60,60,60,60,60,60,60,60,60,60,60,60],"card_choices":[{"not_picked":["Skewer","Poisoned Stab"],"picked":"Well Laid Plans","floor":1.0},{"not_picked":["Deflect","Deadly Poison"],"picked":"Backstab","floor":3.0},{"not_picked":["Dodge and Roll","Blade Dance"],"picked":"Backflip","floor":5.0},{"not_picked":["Backflip","Sucker Punch"],"picked":"Footwork","floor":7.0},{"not_picked":["Outmaneuver","Deflect"],"picked":"Underhanded Strike+1","floor":10.0},{"not_picked":["Dagger Spray+1","Blade Dance"],"picked":"Acrobatics","floor":12.0},{"not_picked":["Cloak And Dagger","Prepared"],"picked":"Underhanded Strike+1","floor":14.0},{"not_picked":["After Image","Malaise"],"picked":"Phantasmal Killer","floor":16.0},{"not_picked":["Acrobatics","Dagger Spray+1"],"picked":"Backstab+1","floor":18.0},{"not_picked":["Well Laid Plans","Slice+1"],"picked":"Dagger Throw+1","floor":20}],"player_experience":427650,"relics_obtained":[{"floor":9.0,"key":"Ancient Tea Set"},{"floor":10.0,"key":"Molten Egg 2"}],"event_choices":[{"damage_healed":0.0,"max_hp_gain":0.0,"max_hp_loss":6.0,"gold_gain":0.0,"event_name":"Golden Idol","player_choice":"Lose Max HP","floor":2.0,"gold_loss":0.0,"damage_taken":0.0,"relics_obtained":["Golden Idol"]},{"damage_healed":0.0,"max_hp_gain":0.0,"max_hp_loss":0.0,"gold_gain":0.0,"event_name":"Accursed Blacksmith","player_choice":"Rummage","floor":4.0,"gold_loss":0.0,"damage_taken":0.0,"relics_obtained":["WarpedTongs"],"cards_obtained":["Pain"]},{"damage_healed":0.0,"max_hp_gain":0.0,"max_hp_loss":0.0,"gold_gain":0.0,"event_name":"Dead Adventurer","player_choice":"Searched \u00271\u0027 times","floor":10.0,"gold_loss":0.0,"damage_taken":0.0},{"damage_healed":0,"gold_gain":0,"player_choice":"Paid Fearfully","damage_taken":0,"max_hp_gain":0,"max_hp_loss":0,"event_name":"Masked Bandits","floor":19,"gold_loss":383},{"damage_healed":0,"gold_gain":50,"player_choice":"Stole From Cult","damage_taken":0,"max_hp_gain":0,"max_hp_loss":0,"event_name":"Nest","floor":21,"gold_loss":0}],"is_beta":false,"boss_relics":[{"not_picked":["Snecko Eye","Busted Crown"],"picked":"SacredBark"}],"items_purged_floors":[],"is_endless":false,"potions_floor_spawned":[1,3,10],"killed_by":"Centurion and Healer","ascension_level":15}}