{"host":"w7o06k3e8uel8euj","time":1608194200,"event":{"mods":["AchievementEnabler","BaseMod","Colored Powertips","Custom Start","DeckTracker","Keyboard Shortcuts","Minty Spire (QoL Compilation)","Quick Restart","Relic Stats","StSLib","SuperFastMode","everything is the same but u backflip on backflip"],"gold_per_floor":[116,116,116,128,145,145,172,172,172,207,56,73,96,108,108,195,195,215,115,115,124,34,66,66,97,158,184,184,134,162,174,174,250,250,263,281,297,297,311,311,311],"floor_reached":40,"playtime":901,"items_purged":["Strike_P","Defend_P","Regret"],"score":944,"play_id":"7fbb8155-0ecd-45b5-9b1c-737273950ee5","local_time":"20201217173640","is_ascension_mode":true,"campfire_choices":[{"data":"Halt","floor":6.0,"key":"SMITH"},{"data":"SandsOfTime","floor":8.0,"key":"SMITH"},{"data":"Adaptation","floor":15.0,"key":"SMITH"},{"data":"Ragnarok","floor":24.0,"key":"SMITH"},{"data":"Tantrum","floor":28.0,"key":"SMITH"},{"floor":32.0,"key":"REST"}],"circlet_count":0,"master_deck":["AscendersBane","Strike_P","Strike_P","Strike_P","Defend_P+1","Defend_P+1","Defend_P+1","Eruption+1","Vigilance","Halt+1","SandsOfTime+1","Tantrum+1","Adaptation+1"],"relics":["PureWater","CloakClasp","TungstenRod","Centennial Puzzle","CeramicFish","Cursed Key","Yang","Anchor","Smiling Mask","Blood Vial","MealTicket","Toxic Egg 2","Runic Pyramid"],"acts_visited":["Exordium","TheCity","TheBeyond"],"potions_floor_usage":[],"damage_taken":[{"damage":0.0,"enemies":"2 Louse","floor":1.0,"turns":2.0},{"damage":0.0,"enemies":"Small Slimes","floor":4.0,"turns":2.0},{"damage":4.0,"enemies":"Jaw Worm","floor":5.0,"turns":3.0},{"damage":36.0,"enemies":"3 Sentries","floor":7.0,"turns":12.0},{"damage":0.0,"enemies":"Gremlin Nob","floor":10.0,"turns":2.0},{"damage":0.0,"enemies":"3 Louse","floor":12.0,"turns":2.0},{"damage":0.0,"enemies":"Looter","floor":14.0,"turns":3.0},{"damage":0.0,"enemies":"Hexaghost","floor":16.0,"turns":7.0},{"damage":0.0,"enemies":"Chosen","floor":18.0,"turns":2.0},{"damage":17.0,"enemies":"Slavers","floor":23.0,"turns":4.0},{"damage":14.0,"enemies":"Book of Stabbing","floor":25.0,"turns":4.0},{"damage":2.0,"enemies":"Gremlin Leader","floor":27.0,"turns":3.0},{"damage":4.0,"enemies":"Slavers","floor":30.0,"turns":3.0},{"damage":0.0,"enemies":"Shell Parasite","floor":31.0,"turns":1.0},{"damage":20.0,"enemies":"Collector","floor":33.0,"turns":6.0},{"damage":0.0,"enemies":"Orb Walker","floor":35.0,"turns":2.0},{"damage":6.0,"enemies":"3 Shapes","floor":36.0,"turns":5.0},{"damage":9.0,"enemies":"Jaw Worm Horde","floor":37.0,"turns":4.0},{"damage":7,"enemies":"Maw","floor":39,"turns":6},{"damage":74,"enemies":"Giant Head","floor":40,"turns":6}],"seed_played":"-2802055921410018233","potions_obtained":[{"floor":4.0,"key":"Ambrosia"},{"floor":5.0,"key":"DuplicationPotion"},{"floor":14.0,"key":"BottledMiracle"},{"floor":16.0,"key":"Block Potion"},{"floor":36.0,"key":"Weak Potion"}],"is_trial":false,"path_per_floor":["M","?","?","M","M","R","E","R","T","E","$","M","T","M","R","B",null,"M","$","?","?","?","E","R","E","T","E","R","$","E","M","R","B",null,"M","M","M","?","M","E"],"character_chosen":"WATCHER","items_purchased":["Adaptation"],"campfire_rested":1,"item_purchase_floors":[11],"current_hp_per_floor":[65,65,51,51,47,47,11,11,11,11,11,11,11,11,11,11,57,57,57,57,57,57,40,40,26,26,26,26,41,39,41,62,44,65,67,63,56,56,51,0,0],"gold":311,"neow_bonus":"UPGRADE_CARD","is_daily":false,"chose_seed":false,"campfire_upgraded":5,"win_rate":0.0,"timestamp":1608194200,"path_taken":["M","?","?","M","M","R","E","R","T","E","$","M","?","M","R","BOSS","M","$","?","?","?","E","R","E","T","E","R","$","E","?","R","BOSS","M","?","M","?","M","E"],"items_purchased_type":["Card"],"build_version":"2020-12-13","purchased_purges":3,"victory":false,"max_hp_per_floor":[72,72,72,72,72,72,72,72,72,72,72,72,72,72,72,72,72,72,72,72,72,72,72,72,72,72,72,72,72,72,72,72,72,72,72,72,72,72,72,72,72],"relic_stats":{"Blood Vial":18,"Centennial Puzzle":[27],"counters":[20,79],"CeramicFish":27,"Yang":[112],"MealTicket":15,"CloakClasp":[187],"Cursed Key":1,"Smiling Mask":75,"obtain_stats":[{"CeramicFish":13,"Yang":21,"CloakClasp":7,"Cursed Key":17,"Smiling Mask":25,"Blood Vial":26,"Centennial Puzzle":10,"Anchor":23,"MealTicket":27,"PureWater":0,"Toxic Egg 2":30,"TungstenRod":9,"Runic Pyramid":34},{"CeramicFish":6,"Yang":9,"CloakClasp":4,"Cursed Key":8,"Smiling Mask":11,"Blood Vial":11,"Centennial Puzzle":5,"Anchor":10,"MealTicket":12,"PureWater":0,"Toxic Egg 2":13,"TungstenRod":4,"Runic Pyramid":15},{"CeramicFish":23,"Yang":35,"CloakClasp":19,"Cursed Key":33,"Smiling Mask":43,"Blood Vial":43,"Centennial Puzzle":21,"Anchor":39,"MealTicket":46,"PureWater":0,"Toxic Egg 2":49,"TungstenRod":19,"Runic Pyramid":56}],"TungstenRod":15},"card_choices":[{"not_picked":["ThirdEye","Prostrate","CrushJoints"],"picked":"SKIP","floor":1.0},{"not_picked":["DeceiveReality","CutThroughFate"],"picked":"Halt","floor":4.0},{"not_picked":["PathToVictory","Study","ThirdEye"],"picked":"SKIP","floor":5.0},{"not_picked":["Crescendo","Worship"],"picked":"SandsOfTime","floor":7.0},{"not_picked":["FlyingSleeves","PathToVictory"],"picked":"Tantrum","floor":10.0},{"not_picked":["Halt","Vengeance","Protect"],"picked":"SKIP","floor":12.0},{"not_picked":["WreathOfFlame","BowlingBash","SashWhip"],"picked":"SKIP","floor":14.0},{"not_picked":["DeusExMachina","DevaForm"],"picked":"Ragnarok","floor":16.0},{"not_picked":["PathToVictory","CrushJoints","Evaluate"],"picked":"SKIP","floor":18.0},{"not_picked":["Vengeance","WindmillStrike","Indignation"],"picked":"SKIP","floor":23.0},{"not_picked":["FlurryOfBlows","SashWhip","Consecrate"],"picked":"SKIP","floor":25.0},{"not_picked":["Meditate+1","Worship","ThirdEye"],"picked":"SKIP","floor":27.0},{"not_picked":["Wallop","Halt+1","FlurryOfBlows"],"picked":"SKIP","floor":30.0},{"not_picked":["Wallop","Halt+1","FlurryOfBlows"],"picked":"SKIP","floor":30.0},{"not_picked":["SpiritShield+1","WindmillStrike","Tantrum+1"],"picked":"SKIP","floor":31.0},{"not_picked":["ForeignInfluence+1","Wireheading+1","JustLucky"],"picked":"SKIP","floor":35.0},{"not_picked":["Prostrate+1","BowlingBash","Halt+1"],"picked":"SKIP","floor":36.0},{"not_picked":["Meditate+1","FollowUp","Wallop"],"picked":"SKIP","floor":37.0},{"not_picked":["FollowUp","ThirdEye+1","FlyingSleeves"],"picked":"SKIP","floor":39}],"player_experience":555707,"relics_obtained":[{"floor":7.0,"key":"CloakClasp"},{"floor":9.0,"key":"TungstenRod"},{"floor":10.0,"key":"Centennial Puzzle"},{"floor":13.0,"key":"CeramicFish"},{"floor":23.0,"key":"Anchor"},{"floor":25.0,"key":"Smiling Mask"},{"floor":26.0,"key":"Blood Vial"},{"floor":27.0,"key":"MealTicket"},{"floor":30.0,"key":"Toxic Egg 2"}],"event_choices":[{"damage_healed":0.0,"max_hp_gain":0.0,"max_hp_loss":0.0,"gold_gain":0.0,"event_name":"Liars Game","player_choice":"Ignored","floor":2.0,"gold_loss":0.0,"damage_taken":0.0},{"damage_healed":0.0,"max_hp_gain":0.0,"max_hp_loss":0.0,"gold_gain":0.0,"event_name":"Shining Light","player_choice":"Entered Light","floor":3.0,"gold_loss":0.0,"damage_taken":14.0,"cards_upgraded":["Defend_P","Defend_P"]},{"damage_healed":0.0,"max_hp_gain":0.0,"max_hp_loss":0.0,"gold_gain":0.0,"event_name":"Vampires","player_choice":"Ignored","floor":20.0,"gold_loss":0.0,"damage_taken":0.0},{"damage_healed":0.0,"max_hp_gain":0.0,"max_hp_loss":0.0,"gold_gain":0.0,"event_name":"The Mausoleum","player_choice":"Opened","floor":21.0,"gold_loss":0.0,"damage_taken":0.0,"relics_obtained":["Yang"],"cards_obtained":["Writhe"]},{"cards_removed":["Writhe"],"damage_healed":0.0,"max_hp_gain":0.0,"max_hp_loss":0.0,"gold_gain":0.0,"event_name":"Designer","player_choice":"Upgrade and Remove","floor":22.0,"gold_loss":90.0,"damage_taken":0.0,"cards_upgraded":["Defend_P"]},{"cards_removed":["Ragnarok"],"damage_healed":0.0,"max_hp_gain":0.0,"max_hp_loss":0.0,"gold_gain":0.0,"event_name":"Falling","player_choice":"Removed Attack","floor":38.0,"gold_loss":0.0,"damage_taken":0.0}],"is_beta":false,"boss_relics":[{"not_picked":["Busted Crown","Snecko Eye"],"picked":"Cursed Key"},{"not_picked":["Black Star","SlaversCollar"],"picked":"Runic Pyramid"}],"items_purged_floors":[11,19,29],"is_endless":false,"potions_floor_spawned":[4,5,14,16,25,30,31,36,37],"killed_by":"Giant Head","ascension_level":13}}