{"host":"njruw0b0uprlitpx","time":1608242935,"event":{"mods":["2.2 Compatiblity","BaseMod","Better Altar","Better Note","Better Sensory Stone","Better Skull","Better Third Choice","BetterRewards","Block Reminder","Colored Map","Colored Powertips","Jedi Mod","Keyboard Shortcuts","Minty Spire (QoL Compilation)","Quick Restart","Relic Stats","Replay The Spire","SacredBarkPlus","Spicy Shops","StSLib","SuperFastMode","The Necromancer","Wandering Minibosses"],"gold_per_floor":[112,37,51,69,144,144,156,156,156,184,199,199,212,212,212,289,289,300,40,60,77,77,77,102,102,154,154,154,200,251,251,251,251,251,353,353,415,415,470,509,33,84,137,137,137,207,207,276,276,7,7,27],"floor_reached":53,"playtime":3990,"items_purged":["Defend_W","jedi:frostbite","Sickly"],"score":1629,"play_id":"6f45b3e5-29d2-4b7a-a910-41afc764e6ca","local_time":"20201217160855","is_ascension_mode":true,"campfire_choices":[{"data":"Summon_Vampire_Lady","floor":6,"key":"SMITH"},{"data":"Summon_Undead","floor":8,"key":"SMITH"},{"data":"Summon_Death_Knight","floor":15,"key":"SMITH"},{"floor":23,"key":"REST"},{"data":"Slay_Living","floor":32,"key":"SMITH"},{"data":"Requiem","floor":34,"key":"SMITH"},{"data":"Reap_The_Weak","floor":44,"key":"SMITH"},{"data":"Sadistic Nature","floor":44,"key":"SMITH"},{"data":"Blood_Curse","floor":47,"key":"SMITH"},{"data":"Strike_from_Beyond","floor":47,"key":"SMITH"},{"data":"Death_Knell","floor":49,"key":"SMITH"},{"data":"Summon_Lich","floor":49,"key":"SMITH"},{"data":"Life_Drain","floor":51,"key":"SMITH"},{"data":"Finger_Of_Death","floor":51,"key":"SMITH"}],"circlet_count":0,"master_deck":["AscendersBane","Strike_W","Strike_W","Strike_W+1","Strike_W","Defend_W","Defend_W","Defend_W","Negative_Energy_Arrows","Bone_Wall","Negative_Energy_Shield+1","Finger_Of_Death+1","Summon_Vampire_Lady+1","Blood_Curse+1","Uncharnel+1","Life_Drain+1","Summon_Undead+1","Slay_Living+1","Negative_Energy_Shield+1","Summon_Death_Knight+1","Blood_Wake","Death_Knell+1","Summon_Lich+1","Siphon_Strength+1","Siphon_Strength+1","Bone_Prison+1","Reap_The_Weak+1","Requiem+1","Siphon_Strength+1","Dramatic Entrance","Sadistic Nature+1","Cloudkill+1","Hellfire","Negative_Energy_Burst","jedi:forcepull+1","Stop_Heart+1","Strike_from_Beyond+1","Spectral_Armor+1","Consume_Illness+1"],"relics":["Vampire_Amulet","Ice Cream","Gremlin Food","Sling","StrikeDummy","Toxic Egg 2","Meat on the Bone","Counterbalance","Sundial","Velvet Choker","ReplayTheSpireMod:CursedCoin","DollysMirror","Replay:Bandana","Boot","wanderingMiniBosses:Inkheart","War Paint","Cursed Key","Replay:Arrowhead","Gambling Chip","jedi:matchstick","jedi:heavyjacket","BargainBundle","jedi:crownofsimplicity"],"acts_visited":["Exordium","TheCity","TheBeyond"],"potions_floor_usage":[16,18,30,35,52,52],"damage_taken":[{"damage":1,"enemies":"Cultist","floor":1,"turns":4},{"damage":10,"enemies":"2 Louse","floor":3,"turns":3},{"damage":18,"enemies":"Jaw Worm","floor":4,"turns":4},{"damage":15,"enemies":"Blue Slaver","floor":7,"turns":4},{"damage":18,"enemies":"Gremlin Nob","floor":10,"turns":4},{"damage":8,"enemies":"Large Slime","floor":11,"turns":6},{"damage":3,"enemies":"Looter","floor":13,"turns":3},{"damage":22,"enemies":"Hexaghost","floor":16,"turns":8},{"damage":33,"enemies":"Shell Parasite","floor":18,"turns":6},{"damage":22,"enemies":"2 Thieves","floor":20,"turns":4},{"damage":30,"enemies":"Centurion and Healer","floor":21,"turns":6},{"damage":35,"enemies":"Book of Stabbing","floor":24,"turns":6},{"damage":0,"enemies":"3 Cultists","floor":29,"turns":5},{"damage":15,"enemies":"Cultist and Chosen","floor":30,"turns":8},{"damage":48,"enemies":"Automaton","floor":35,"turns":7},{"damage":11,"enemies":"3 Darklings","floor":37,"turns":4},{"damage":6,"enemies":"Mind Bloom Boss Battle","floor":39,"turns":4},{"damage":5,"enemies":"Orb Walker","floor":40,"turns":3},{"damage":3,"enemies":"Giant Head","floor":42,"turns":5},{"damage":11,"enemies":"Maw","floor":43,"turns":4},{"damage":7,"enemies":"Sphere and 2 Shapes","floor":46,"turns":4},{"damage":11,"enemies":"4 Shapes","floor":48,"turns":2},{"damage":3,"enemies":"Time Eater","floor":52,"turns":7}],"seed_played":"-6854218118893064467","potions_obtained":[{"floor":3,"key":"Explosive Potion"},{"floor":7,"key":"DistilledChaos"},{"floor":16,"key":"Energy Potion"},{"floor":24,"key":"Elixir"},{"floor":39,"key":"Milkshake"}],"is_trial":false,"path_per_floor":["M","$","M","M","?","R","M","R","T","E","M","T","M","?","R","B",null,"M","$","M","M","?","R","E","?","T","PTL","PTL","M","M","?","R","?","R","B",null,"M","?","?","M","$","E","M","R","T","M","R","M","R","$","R","B",null],"character_chosen":"NECROMANCER","items_purchased":["Negative_Energy_Shield","Finger_Of_Death","Summon_Vampire_Lady","Gremlin Food","Sling","Uncharnel","ReplayTheSpireMod:CursedCoin","Summon_Lich","Siphon_Strength+1","DollysMirror","Hellfire","Gambling Chip","Negative_Energy_Burst","jedi:forcepull+1","Energy Potion","BargainBundle","jedi:crownofsimplicity","Consume_Illness+1","PowerPotion"],"campfire_rested":1,"item_purchase_floors":[0,0,0,0,0,2,19,19,19,19,41,41,41,41,41,50,50,50,50],"current_hp_per_floor":[75,75,72,71,60,60,59,59,59,61,72,72,75,58,58,69,74,67,67,61,47,47,69,45,45,45,45,45,63,72,72,72,72,72,53,70,66,66,75,75,75,75,69,69,69,74,74,71,71,71,71,75],"gold":27,"neow_bonus":"","is_daily":false,"chose_seed":false,"campfire_upgraded":13,"win_rate":0.0,"timestamp":1608242935,"path_taken":["M","$","M","?","?","R","M","R","T","E","M","?","?","?","R","BOSS","M","$","M","M","?","R","E","?","T","PTL","PTL","M","M","?","R","?","R","BOSS","M","?","?","M","$","E","M","R","T","M","R","M","R","$","R","BOSS"],"items_purchased_type":["Card","Card","Card","Relic","Relic","Card","Relic","Card","Card","Relic","Card","Relic","Card","Card","Potion","Relic","Relic","Card","Potion"],"build_version":"2020-12-13","purchased_purges":3,"victory":true,"max_hp_per_floor":[75,75,75,75,75,75,75,75,75,75,75,75,75,75,75,75,75,75,75,75,75,75,75,75,75,75,75,75,75,75,75,75,75,75,75,75,75,75,75,75,75,75,75,75,75,75,75,75,75,75,75,75],"relic_stats":{"counters":[43,193],"Sundial":[4],"Gambling Chip":[7],"War Paint":["Negative_Energy_Shield","Uncharnel"],"Boot":[6],"Cursed Key":1,"obtain_stats":[{"Ice Cream":38,"Divine Protection":45,"jedi:zontanonomicon":29,"Bag of Preparation":39,"Sling":0,"Boot":26,"Cursed Key":36,"Replay:Ringing Soul":16,"Replay:Bandana":24,"DollysMirror":23,"jedi:firstaidkit":27,"Sundial":14,"Pantograph":12,"Gambling Chip":41,"Philosopher\u0027s Stone":19,"jedi:matchstick":42,"Vampire_Amulet":0,"Fusion Hammer":36,"Red Mask":33,"Replay:Bottled Eggs":8,"Toxic Egg 2":10,"InkBottle":47,"Runic Pyramid":19,"Replay:Bottled Steam":19,"Gremlin Food":0,"BargainBundle":39,"Happy Flower":39,"ReplayTheSpireMod:CursedCoin":19,"Counterbalance":2,"Replay:Grab Bag":19,"Velvet Choker":17,"Eternal Feather":26,"PreservedInsect":19,"jedi:crownofsimplicity":50,"War Paint":33,"Akabeko":28,"Replay:Arrowhead":39,"Calling Bell":19,"jedi:heavyjacket":45,"ChewingGum":19,"ReplayTheSpireMod:TigerMarble":9,"StrikeDummy":50,"FossilizedHelix":19,"wanderingMiniBosses:Inkheart":30,"Meat on the Bone":12},{"Ice Cream":15,"Divine Protection":16,"jedi:zontanonomicon":11,"Bag of Preparation":15,"Sling":20,"Boot":32,"Cursed Key":35,"Replay:Ringing Soul":4,"Replay:Bandana":32,"DollysMirror":8,"jedi:firstaidkit":11,"Sundial":27,"Pantograph":4,"Gambling Chip":38,"Philosopher\u0027s Stone":5,"jedi:matchstick":39,"Vampire_Amulet":0,"Fusion Hammer":13,"Red Mask":12,"Replay:Bottled Eggs":3,"Toxic Egg 2":25,"InkBottle":18,"Runic Pyramid":5,"Replay:Bottled Steam":5,"Gremlin Food":20,"BargainBundle":15,"Happy Flower":15,"ReplayTheSpireMod:CursedCoin":29,"Counterbalance":1,"Replay:Grab Bag":5,"Velvet Choker":28,"Eternal Feather":10,"PreservedInsect":5,"jedi:crownofsimplicity":42,"War Paint":34,"Akabeko":11,"Replay:Arrowhead":37,"Calling Bell":5,"jedi:heavyjacket":40,"ChewingGum":5,"ReplayTheSpireMod:TigerMarble":3,"StrikeDummy":19,"FossilizedHelix":5,"wanderingMiniBosses:Inkheart":34,"Meat on the Bone":26},{"Ice Cream":61,"Divine Protection":65,"jedi:zontanonomicon":45,"Bag of Preparation":61,"Sling":82,"Boot":140,"Cursed Key":160,"Replay:Ringing Soul":13,"Replay:Bandana":140,"DollysMirror":32,"jedi:firstaidkit":45,"Sundial":110,"Pantograph":13,"Gambling Chip":171,"Philosopher\u0027s Stone":19,"jedi:matchstick":176,"Vampire_Amulet":0,"Fusion Hammer":54,"Red Mask":48,"Replay:Bottled Eggs":11,"Toxic Egg 2":101,"InkBottle":72,"Runic Pyramid":19,"Replay:Bottled Steam":19,"Gremlin Food":82,"BargainBundle":61,"Happy Flower":61,"ReplayTheSpireMod:CursedCoin":124,"Counterbalance":3,"Replay:Grab Bag":19,"Velvet Choker":118,"Eternal Feather":41,"PreservedInsect":19,"jedi:crownofsimplicity":186,"War Paint":153,"Akabeko":45,"Replay:Arrowhead":168,"Calling Bell":19,"jedi:heavyjacket":180,"ChewingGum":19,"ReplayTheSpireMod:TigerMarble":11,"StrikeDummy":76,"FossilizedHelix":19,"wanderingMiniBosses:Inkheart":153,"Meat on the Bone":107}],"Meat on the Bone":0},"card_choices":[{"not_picked":["Necromantic_Selection","Bone_Armory"],"picked":"Blood_Curse","floor":1},{"not_picked":["Bone_Armor","Blood_for_Blood"],"picked":"Life_Drain","floor":3},{"not_picked":["Consume_Illness","Bones_to_Steel"],"picked":"Summon_Undead","floor":4},{"not_picked":["Negative_Energy_Mist","Bone_Shift"],"picked":"Slay_Living","floor":7},{"not_picked":["Acid_Javelin","Chill_Blood+1"],"picked":"Negative_Energy_Shield+1","floor":10},{"not_picked":["Bone_Shift+1","Life_Tap+1"],"picked":"Summon_Death_Knight","floor":11},{"not_picked":["Bone_Spikes","Blood_Whip","Epidemic+1"],"picked":"SKIP","floor":13},{"not_picked":["Cloudkill+1","Requiem"],"picked":"Blood_Wake","floor":16},{"not_picked":["Negative_Energy_Mist+1","Chill_Blood+1"],"picked":"Death_Knell","floor":18},{"not_picked":["Negative_Energy_Sphere","Bone_Spikes"],"picked":"Bone_Prison+1","floor":20},{"not_picked":["Summon_Lich+1","Negative_Energy_Shield+1"],"picked":"Reap_The_Weak","floor":21},{"not_picked":["Chill_Blood+1","Bone_Shift+1"],"picked":"Requiem","floor":24},{"not_picked":["Negative_Energy_Sphere+1","Pandemic+1","Death_Coil"],"picked":"SKIP","floor":29},{"not_picked":["Finger_Of_Death","Deaths_Shadow"],"picked":"Siphon_Strength+1","floor":30},{"not_picked":["Specialist","ReplayTheSpireMod:Trickstab"],"picked":"Dramatic Entrance","floor":31},{"not_picked":["Replay:Sssssssssshield+1","ReplayTheSpireMod:Brewmster"],"picked":"Sadistic Nature","floor":31},{"not_picked":["Requiem","Skeleton_Dragon"],"picked":"Cloudkill+1","floor":35},{"not_picked":["Negative_Energy_Javelin","Blood_Whip","Blood_Curse"],"picked":"SKIP","floor":37},{"not_picked":["Death_March_Dance","Finger_Of_Death","Bone_Bullets"],"picked":"SKIP","floor":40},{"not_picked":["Epidemic+1","Cloudkill+1"],"picked":"Stop_Heart+1","floor":42},{"not_picked":["Vampiric_Strike+1","Shackles_Of_Pain+1"],"picked":"Strike_from_Beyond","floor":43},{"not_picked":["Bone_Shift+1","Blood_Curse+1","Pandemic+1"],"picked":"SKIP","floor":46},{"not_picked":["Death_March_Dance+1","Scare+1"],"picked":"Spectral_Armor+1","floor":48}],"player_experience":1058384,"relics_obtained":[{"floor":9,"key":"StrikeDummy"},{"floor":10,"key":"Toxic Egg 2"},{"floor":12,"key":"Meat on the Bone"},{"floor":24,"key":"Replay:Bandana"},{"floor":26,"key":"Boot"},{"floor":30,"key":"wanderingMiniBosses:Inkheart"},{"floor":33,"key":"War Paint"},{"floor":39,"key":"Replay:Arrowhead"},{"floor":42,"key":"jedi:matchstick"},{"floor":45,"key":"jedi:heavyjacket"}],"event_choices":[{"damage_healed":0,"gold_gain":75,"player_choice":"Gold","damage_taken":11,"max_hp_gain":0,"max_hp_loss":0,"event_name":"betterThird:BetterGoop","floor":5,"gold_loss":0},{"damage_healed":0,"gold_gain":1,"player_choice":"Relic Relic ","damage_taken":17,"max_hp_gain":0,"max_hp_loss":0,"event_name":"betterThird:BetterScrap","floor":14,"gold_loss":0,"cards_obtained":["jedi:markofdeath"]},{"cards_removed":["Siphon_Strength"],"damage_healed":0,"gold_gain":0,"player_choice":"Give","damage_taken":0,"max_hp_gain":0,"max_hp_loss":0,"event_name":"betterNote:BetterNote","floor":22,"gold_loss":0,"cards_obtained":["None"]},{"damage_healed":0,"gold_gain":0,"player_choice":"Ignored","damage_taken":0,"max_hp_gain":0,"max_hp_loss":0,"event_name":"Vampires","floor":25,"gold_loss":0},{"damage_healed":0,"gold_gain":2,"player_choice":"1","damage_taken":0,"max_hp_gain":0,"max_hp_loss":0,"event_name":"betterStone:BetterStone","floor":31,"gold_loss":0},{"damage_healed":0,"gold_gain":0,"player_choice":"Ignored","damage_taken":0,"max_hp_gain":0,"max_hp_loss":0,"event_name":"Tomb of Lord Red Mask","floor":38,"gold_loss":0},{"damage_healed":0,"gold_gain":0,"player_choice":"Fight","damage_taken":0,"max_hp_gain":0,"max_hp_loss":0,"event_name":"MindBloom","floor":39,"gold_loss":0}],"is_beta":false,"boss_relics":[{"not_picked":["Tiny House","Black Star"],"picked":"Velvet Choker"},{"not_picked":["SacredBark","Replay:Drink Me"],"picked":"Cursed Key"}],"items_purged_floors":[0,19,50],"is_endless":false,"potions_floor_spawned":[3,7,10,13,16,24,39,42,46,48],"ascension_level":13}}