{"host":"usewcu4ohw2wtmxk","time":1608196997,"event":{"mods":["AchievementEnabler","BaseMod","BetterRewards","Colored Powertips","Minty Spire (QoL Compilation)","Permanent Neow","Quick Restart","Relic Sorter","Relic Stats","Shop Mod","StSLib"],"gold_per_floor":[367,367,206,2,2,2,20,20,20,20,47,47,47,67,67,144,144,162,77,77,77,77,77],"floor_reached":22,"playtime":944,"items_purged":["Defend_P"],"score":336,"play_id":"63d82041-8ffc-4ca0-942f-2658258c0b41","local_time":"20201217172317","is_ascension_mode":true,"campfire_choices":[{"data":"Eruption","floor":6.0,"key":"SMITH"},{"data":"Study","floor":8.0,"key":"SMITH"},{"data":"Pray","floor":10.0,"key":"SMITH"},{"floor":13.0,"key":"RECALL"},{"data":"ClearTheMind","floor":15.0,"key":"SMITH"}],"circlet_count":0,"master_deck":["AscendersBane","Strike_P","Strike_P","Strike_P","Strike_P","Defend_P","Defend_P","Eruption+1","Vigilance","Study+1","Pray+1","ClearTheMind+1","Indignation","Vault","BowlingBash","FearNoEvil"],"relics":["PureWater","Strange Spoon","Smiling Mask","Philosopher\u0027s Stone","Happy Flower","GoldenEye"],"acts_visited":["Exordium","TheCity"],"potions_floor_usage":[22],"damage_taken":[{"damage":0.0,"enemies":"2 Louse","floor":1.0,"turns":2.0},{"damage":0.0,"enemies":"Cultist","floor":7.0,"turns":2.0},{"damage":1.0,"enemies":"Small Slimes","floor":14.0,"turns":4.0},{"damage":40.0,"enemies":"Hexaghost","floor":16.0,"turns":7.0},{"damage":29,"enemies":"Shell Parasite","floor":18,"turns":5},{"damage":24,"enemies":"3 Byrds","floor":22,"turns":4}],"seed_played":"-4483292203388535739","potions_obtained":[{"floor":16.0,"key":"Dexterity Potion"},{"floor":18,"key":"Regen Potion"}],"is_trial":false,"path_per_floor":["M","?","$","$","?","R","M","R","T","R","T","?","R","M","R","B",null,"M","?","?","T","M"],"character_chosen":"WATCHER","items_purchased":["Strange Spoon","Study","Pray"],"campfire_rested":0,"item_purchase_floors":[3,4,4],"current_hp_per_floor":[43,43,43,43,43,43,43,43,43,43,43,43,43,42,42,2,52,23,23,23,23,11,11],"gold":77,"neow_bonus":"TWO_FIFTY_GOLD","is_daily":false,"chose_seed":false,"campfire_upgraded":4,"win_rate":0.0,"timestamp":1608196997,"path_taken":["M","?","?","$","?","R","M","R","T","R","?","?","R","M","R","BOSS","M","?","?","?","M"],"items_purchased_type":["Relic","Card","Card"],"build_version":"2020-12-13","purchased_purges":1,"victory":false,"max_hp_per_floor":[68,68,68,68,68,68,68,68,68,68,68,68,68,68,68,68,68,68,68,68,68,68,68],"relic_stats":{"Strange Spoon":[18],"Happy Flower":[1],"counters":[6,24],"Smiling Mask":0,"GoldenEye":[0],"obtain_stats":[{"Strange Spoon":3,"Happy Flower":19,"Philosopher\u0027s Stone":17,"PureWater":0,"Smiling Mask":11,"GoldenEye":21},{"Strange Spoon":1,"Happy Flower":5,"Philosopher\u0027s Stone":4,"PureWater":0,"Smiling Mask":2,"GoldenEye":5},{"Strange Spoon":2,"Happy Flower":20,"Philosopher\u0027s Stone":15,"PureWater":0,"Smiling Mask":4,"GoldenEye":20}]},"card_choices":[{"not_picked":["JustLucky","ClearTheMind","SandsOfTime"],"picked":"SKIP","floor":1.0},{"not_picked":["Protect","Perseverance","ClearTheMind"],"picked":"SKIP","floor":7.0},{"not_picked":["Protect","Perseverance","ClearTheMind"],"picked":"SKIP","floor":7.0},{"not_picked":["Protect","Perseverance"],"picked":"ClearTheMind","floor":7.0},{"not_picked":["FlyingSleeves","Protect"],"picked":"Indignation","floor":14.0},{"not_picked":["DevaForm","Blasphemy"],"picked":"Vault","floor":16.0},{"not_picked":["FollowUp","ThirdEye"],"picked":"BowlingBash","floor":18}],"player_experience":279188,"relics_obtained":[{"floor":11.0,"key":"Smiling Mask"},{"floor":21,"key":"GoldenEye"}],"event_choices":[{"cards_removed":["Defend_P"],"damage_healed":0.0,"max_hp_gain":0.0,"max_hp_loss":0.0,"gold_gain":0.0,"event_name":"Purifier","player_choice":"Purged","floor":2.0,"gold_loss":0.0,"damage_taken":0.0},{"damage_healed":0.0,"max_hp_gain":0.0,"max_hp_loss":0.0,"gold_gain":0.0,"event_name":"Liars Game","player_choice":"Ignored","floor":5.0,"gold_loss":0.0,"damage_taken":0.0},{"damage_healed":0.0,"max_hp_gain":0.0,"max_hp_loss":0.0,"gold_gain":0.0,"event_name":"The Cleric","player_choice":"Leave","floor":12.0,"gold_loss":0.0,"damage_taken":0.0},{"damage_healed":0,"gold_gain":0,"player_choice":"Obtained Relic","damage_taken":0,"relics_obtained":["Happy Flower"],"max_hp_gain":0,"max_hp_loss":0,"event_name":"Addict","floor":19,"gold_loss":85},{"damage_healed":0,"gold_gain":0,"player_choice":"Read","damage_taken":0,"max_hp_gain":0,"max_hp_loss":0,"event_name":"The Library","floor":20,"gold_loss":0,"cards_obtained":["FearNoEvil"]}],"is_beta":false,"boss_relics":[{"not_picked":["Black Star","Calling Bell"],"picked":"Philosopher\u0027s Stone"}],"items_purged_floors":[4],"is_endless":false,"potions_floor_spawned":[16,18],"killed_by":"3 Byrds","ascension_level":20}}