{"host":"dvpvhz1t6etneyb3","time":1608170676,"event":{"mods":["AchievementEnabler","BaseMod","Colored Map","Highlight Path","Minty Spire (QoL Compilation)","Permanent Neow","Quick Restart"],"gold_per_floor":[109,124,124,89,108,108,136,24,24,50,50,50,67,87,87,158,158,173,14,14,14,34,65,65,75,101,120,120,147,162,189,189,268,268,287,302,317,39,39,39,0,28,28,28,48,80,105,132,132,132,132],"floor_reached":52,"playtime":4458,"items_purged":["Strike_P","Defend_P"],"score":2016,"play_id":"90aec90c-a931-46b6-8d8b-6f08b7aca41f","local_time":"20201216210436","is_ascension_mode":true,"campfire_choices":[{"data":"Eruption","floor":6.0,"key":"SMITH"},{"data":"Wireheading","floor":11.0,"key":"SMITH"},{"data":"SandsOfTime","floor":15.0,"key":"SMITH"},{"floor":24.0,"key":"REST"},{"data":"DeusExMachina","floor":28.0,"key":"SMITH"},{"data":"Establishment","floor":32.0,"key":"SMITH"},{"floor":40.0,"key":"REST"},{"data":"SpiritShield","floor":44.0,"key":"SMITH"},{"data":"Vault","floor":49,"key":"SMITH"}],"circlet_count":0,"master_deck":["AscendersBane","Defend_P+1","Defend_P+1","Eruption+1","Vigilance+1","Protect+1","Wallop+1","ThirdEye+1","SandsOfTime+1","Wireheading+1","Protect+1","Establishment+1","LessonLearned+1","Protect+1","MasterReality+1","BattleHymn+1","ClearTheMind+1","DeusExMachina+1","ThirdEye+1","Indignation+1","ClearTheMind+1","BowlingBash+1","Vault+1","FlyingSleeves+1","Meditate+1","SpiritShield+1","DeceiveReality","SandsOfTime","Vault+1"],"relics":["PureWater","Pocketwatch","Meat on the Bone","Yang","Thread and Needle","Astrolabe","Pen Nib","Happy Flower","Blue Candle","Singing Bowl","Sozu","Shuriken","Red Mask","Bag of Preparation","Bag of Marbles","PreservedInsect","StoneCalendar","Centennial Puzzle"],"acts_visited":["Exordium","TheCity","TheBeyond"],"potions_floor_usage":[45],"damage_taken":[{"damage":0.0,"enemies":"Cultist","floor":1.0,"turns":4.0},{"damage":2.0,"enemies":"Small Slimes","floor":2.0,"turns":8.0},{"damage":0.0,"enemies":"2 Louse","floor":5.0,"turns":3.0},{"damage":8.0,"enemies":"3 Sentries","floor":7.0,"turns":7.0},{"damage":13.0,"enemies":"Gremlin Nob","floor":10.0,"turns":3.0},{"damage":0.0,"enemies":"Gremlin Gang","floor":13.0,"turns":5.0},{"damage":0.0,"enemies":"2 Fungi Beasts","floor":14.0,"turns":4.0},{"damage":1.0,"enemies":"Hexaghost","floor":16.0,"turns":8.0},{"damage":0.0,"enemies":"Chosen","floor":18.0,"turns":8.0},{"damage":13.0,"enemies":"2 Thieves","floor":22.0,"turns":3.0},{"damage":17.0,"enemies":"Book of Stabbing","floor":23.0,"turns":4.0},{"damage":2.0,"enemies":"Sentry and Sphere","floor":25.0,"turns":7.0},{"damage":0.0,"enemies":"Snecko","floor":27.0,"turns":3.0},{"damage":21.0,"enemies":"Gremlin Leader","floor":29.0,"turns":5.0},{"damage":15.0,"enemies":"Snake Plant","floor":30.0,"turns":6.0},{"damage":11.0,"enemies":"Slavers","floor":31.0,"turns":4.0},{"damage":3.0,"enemies":"Collector","floor":33.0,"turns":10.0},{"damage":0.0,"enemies":"3 Darklings","floor":35.0,"turns":5.0},{"damage":0.0,"enemies":"3 Shapes","floor":36.0,"turns":7.0},{"damage":0.0,"enemies":"Sphere and 2 Shapes","floor":37.0,"turns":7.0},{"damage":8.0,"enemies":"Nemesis","floor":42.0,"turns":6.0},{"damage":0,"enemies":"4 Shapes","floor":45,"turns":5},{"damage":0,"enemies":"Reptomancer","floor":46,"turns":7},{"damage":3,"enemies":"Mind Bloom Boss Battle","floor":47,"turns":7},{"damage":4,"enemies":"Giant Head","floor":48,"turns":7},{"damage":11,"enemies":"Time Eater","floor":50,"turns":9},{"damage":12,"enemies":"Donu and Deca","floor":51,"turns":8}],"seed_played":"7728396383052147897","potions_obtained":[{"floor":2.0,"key":"PowerPotion"},{"floor":10.0,"key":"PowerPotion"},{"floor":13.0,"key":"LiquidBronze"},{"floor":16.0,"key":"Fruit Juice"},{"floor":22.0,"key":"LiquidMemories"},{"floor":27.0,"key":"ColorlessPotion"},{"floor":30.0,"key":"ColorlessPotion"},{"floor":31.0,"key":"Energy Potion"}],"is_trial":false,"path_per_floor":["M","M","?","?","M","R","E","$","T","E","R","?","M","M","R","B",null,"M","$","?","?","M","E","R","M","T","M","R","E","M","E","R","B",null,"M","M","M","$","?","R","?","E","T","R","M","E","?","E","R","B","B",null],"character_chosen":"WATCHER","items_purchased":["SandsOfTime","ClearTheMind","Shuriken"],"campfire_rested":2,"item_purchase_floors":[8,19,38],"current_hp_per_floor":[43,41,21,38,38,38,30,30,30,29,29,29,41,41,41,40,66,66,66,66,66,53,48,69,67,67,67,67,46,43,46,46,43,67,69,69,69,69,69,73,73,65,65,65,67,67,64,60,60,49,49],"gold":132,"neow_bonus":"ONE_RARE_RELIC","is_daily":false,"chose_seed":false,"campfire_upgraded":7,"win_rate":0.0,"timestamp":1608170676,"path_taken":["M","M","?","?","M","R","E","$","T","E","R","?","M","?","R","BOSS","M","$","?","?","M","E","R","?","T","M","R","E","M","E","R","BOSS","M","?","M","$","?","R","?","E","T","R","?","E","?","E","R","BOSS","BOSS"],"items_purchased_type":["Card","Card","Relic"],"build_version":"2020-12-13","purchased_purges":2,"victory":true,"max_hp_per_floor":[68,68,68,68,68,68,68,68,68,68,68,68,68,68,68,68,73,73,73,73,73,73,73,73,73,73,73,73,73,73,75,75,75,75,77,77,77,77,73,73,73,73,73,73,75,75,75,75,75,75,75],"card_choices":[{"not_picked":["FollowUp","CutThroughFate"],"picked":"Protect","floor":1.0},{"not_picked":["ClearTheMind","Consecrate"],"picked":"Wallop","floor":2.0},{"not_picked":["EmptyBody","Halt","Prostrate"],"picked":"SKIP","floor":5.0},{"not_picked":["JustLucky","EmptyBody"],"picked":"ThirdEye","floor":7.0},{"not_picked":["CutThroughFate","Study"],"picked":"Wireheading","floor":10.0},{"not_picked":["Collect","Evaluate","FollowUp"],"picked":"SKIP","floor":13.0},{"not_picked":["ThirdEye","Halt"],"picked":"Protect","floor":14.0},{"not_picked":["Brilliance","DevaForm"],"picked":"Establishment","floor":16.0},{"not_picked":["ThirdEye","SashWhip"],"picked":"BattleHymn","floor":18.0},{"not_picked":["Protect","PathToVictory"],"picked":"DeusExMachina","floor":22.0},{"not_picked":["PathToVictory","Perseverance"],"picked":"ThirdEye+1","floor":23.0},{"not_picked":["JustLucky","Prostrate"],"picked":"Indignation+1","floor":25.0},{"not_picked":["Wallop","InnerPeace"],"picked":"ClearTheMind","floor":27.0},{"not_picked":["Perseverance","PathToVictory"],"picked":"BowlingBash","floor":29.0},{"not_picked":["JustLucky","ReachHeaven","PathToVictory"],"picked":"SKIP","floor":30.0},{"not_picked":["JustLucky","ReachHeaven","PathToVictory"],"picked":"SKIP","floor":30.0},{"not_picked":["CutThroughFate","FollowUp","JustLucky"],"picked":"Singing Bowl","floor":31.0},{"not_picked":["DevaForm","ConjureBlade"],"picked":"Vault","floor":33.0},{"not_picked":["Study","FlurryOfBlows+1","Perseverance"],"picked":"Singing Bowl","floor":35.0},{"not_picked":["Halt","MentalFortress"],"picked":"FlyingSleeves","floor":36.0},{"not_picked":["EmptyMind","LikeWater"],"picked":"Meditate+1","floor":37.0},{"not_picked":["Worship","SashWhip"],"picked":"SpiritShield","floor":42.0},{"not_picked":["WheelKick","JustLucky","Collect"],"picked":"Singing Bowl","floor":45},{"not_picked":["Prostrate","Halt"],"picked":"DeceiveReality","floor":46},{"not_picked":["FlurryOfBlows","BowlingBash+1"],"picked":"SandsOfTime","floor":47},{"not_picked":["Perseverance+1","Indignation+1"],"picked":"Vault","floor":48}],"player_experience":1861958,"relics_obtained":[{"floor":7.0,"key":"Meat on the Bone"},{"floor":9.0,"key":"Yang"},{"floor":10.0,"key":"Thread and Needle"},{"floor":23.0,"key":"Pen Nib"},{"floor":26.0,"key":"Happy Flower"},{"floor":29.0,"key":"Blue Candle"},{"floor":31.0,"key":"Singing Bowl"},{"floor":42.0,"key":"Bag of Preparation"},{"floor":43.0,"key":"Bag of Marbles"},{"floor":46,"key":"PreservedInsect"},{"floor":47,"key":"StoneCalendar"},{"floor":48,"key":"Centennial Puzzle"}],"event_choices":[{"damage_healed":0.0,"max_hp_gain":0.0,"max_hp_loss":0.0,"gold_gain":0.0,"event_name":"Shining Light","player_choice":"Entered Light","floor":3.0,"gold_loss":0.0,"damage_taken":20.0,"cards_upgraded":["Protect","Defend_P"]},{"damage_healed":17.0,"max_hp_gain":0.0,"max_hp_loss":0.0,"gold_gain":0.0,"event_name":"The Cleric","player_choice":"Healed","floor":4.0,"gold_loss":35.0,"damage_taken":0.0},{"damage_healed":0.0,"max_hp_gain":0.0,"max_hp_loss":0.0,"gold_gain":0.0,"event_name":"FaceTrader","player_choice":"Leave","floor":12.0,"gold_loss":0.0,"damage_taken":0.0},{"cards_removed":["Defend_P"],"damage_healed":0.0,"max_hp_gain":0.0,"max_hp_loss":0.0,"gold_gain":0.0,"event_name":"Back to Basics","player_choice":"Elegance","floor":20.0,"gold_loss":0.0,"damage_taken":0.0},{"damage_healed":0.0,"max_hp_gain":0.0,"max_hp_loss":0.0,"gold_gain":0.0,"event_name":"Accursed Blacksmith","player_choice":"Forge","floor":21.0,"gold_loss":0.0,"damage_taken":0.0,"cards_upgraded":["BattleHymn"]},{"damage_healed":0.0,"max_hp_gain":0.0,"max_hp_loss":4.0,"gold_gain":0.0,"event_name":"Winding Halls","player_choice":"Max HP","floor":39.0,"gold_loss":0.0,"damage_taken":0.0},{"damage_healed":0.0,"max_hp_gain":0.0,"max_hp_loss":0.0,"gold_gain":0.0,"event_name":"Tomb of Lord Red Mask","player_choice":"Paid","floor":41.0,"gold_loss":39.0,"damage_taken":0.0,"relics_obtained":["Red Mask"]},{"damage_healed":0,"gold_gain":0,"player_choice":"Fight","damage_taken":0,"max_hp_gain":0,"max_hp_loss":0,"event_name":"MindBloom","floor":47,"gold_loss":0}],"is_beta":false,"boss_relics":[{"not_picked":["Calling Bell","VioletLotus"],"picked":"Astrolabe"},{"not_picked":["Black Star","Snecko Eye"],"picked":"Sozu"}],"items_purged_floors":[8,19],"is_endless":false,"potions_floor_spawned":[2,10,13,16,22,27,30,31,36,42,46,47,48],"ascension_level":20}}