{"host":"3srbdas3e7jgqz5l","time":1608227651,"event":{"mods":["BaseMod","Downfall","Minty Spire (QoL Compilation)","StSLib","The Cursed"],"gold_per_floor":[349,367,393,411,336,336,336,336,370,370,57,67,67,86,98,193,193,193,211,236,336,336,336,336,336,336],"floor_reached":25,"playtime":1584,"items_purged":["Slimebound:Strike_Slimebound"],"score":250,"play_id":"678ed287-a880-44d6-b1c5-5bbf7d66e6a6","local_time":"20201217175411","is_ascension_mode":true,"campfire_choices":[{"floor":1,"key":"RECALL"},{"data":"Slimebound:CorrosiveSpit","floor":5,"key":"SMITH"},{"floor":8,"key":"REST"},{"floor":10,"key":"REST"},{"data":"Slimebound:Split","floor":18,"key":"SMITH"},{"data":"Slimebound:ProtectTheBoss","floor":22,"key":"SMITH"}],"circlet_count":0,"master_deck":["Slimebound:Tackle","Slimebound:Defend_Slimebound","Slimebound:Defend_Slimebound+1","Slimebound:Defend_Slimebound","Slimebound:Defend_Slimebound","Slimebound:Split+1","Slimebound:CorrosiveSpit+1","Slimebound:GrowthPunch","Slimebound:SplitMire","Slimebound:WasteNot+1","Slimebound:Repurpose","Slimebound:Schlurp","Slimebound:SplitAcid","Slimebound:SlimeTap","Slimebound:ProtectTheBoss+1","Slimebound:MinionMaster","Slimebound:LivingWall","Slimebound:SplitSpecialist","Slimebound:SplitMire","J.A.X.","Slimebound:HungryTackle"],"relics":["Slimebound:AbsorbEndCombatUpgraded","Ancient Tea Set","downfall:HeartBlessingRed","Happy Flower","War Paint","Orichalcum","MealTicket","Regal Pillow","MutagenicStrength"],"acts_visited":["Exordium","TheCity"],"potions_floor_usage":[15,16],"damage_taken":[{"damage":15,"enemies":"Cultist","floor":2,"turns":5},{"damage":36,"enemies":"Lagavulin","floor":3,"turns":8},{"damage":11,"enemies":"Small Slimes","floor":4,"turns":4},{"damage":38,"enemies":"Gremlin Nob","floor":9,"turns":4},{"damage":19,"enemies":"downfall:FleeingMerchant","floor":11,"turns":4},{"damage":12,"enemies":"2 Louse","floor":12,"turns":3},{"damage":12,"enemies":"2 Fungi Beasts","floor":14,"turns":2},{"damage":17,"enemies":"Exordium Thugs","floor":15,"turns":3},{"damage":55,"enemies":"downfall:Watcher","floor":16,"turns":11},{"damage":47,"enemies":"Spheric Guardian","floor":19,"turns":6},{"damage":54,"enemies":"Gremlin Leader","floor":20,"turns":8},{"damage":42,"enemies":"downfall:Augmenter","floor":21,"turns":6},{"damage":70,"enemies":"Slavers","floor":25,"turns":4}],"seed_played":"-6310149972049971113","potions_obtained":[{"floor":4,"key":"FearPotion"},{"floor":9,"key":"Swift Potion"},{"floor":14,"key":"FearPotion"},{"floor":16,"key":"SteroidPotion"},{"floor":19,"key":"Slimebound:SpawnSlimePotion"}],"is_trial":false,"path_per_floor":["R","M","E","M","R","?","T","R","E","R","$","M","?","M","M","B",null,"R","M","E","?","R","?","T","E"],"character_chosen":"SLIMEBOUND","items_purchased":["Orichalcum","Slimebound:Schlurp","Slimebound:SplitAcid"],"campfire_rested":2,"item_purchase_floors":[11,11,11],"current_hp_per_floor":[60,51,27,22,22,22,22,40,18,36,35,35,32,38,43,20,60,60,47,49,43,43,43,43,0,0],"gold":336,"neow_bonus":"TWO_FIFTY_GOLD","is_daily":false,"chose_seed":false,"campfire_upgraded":3,"win_rate":0.0,"timestamp":1608227651,"path_taken":["R","M","E","M","R","?","T","R","E","R","$","?","?","M","M","BOSS","R","M","E","?","R","?","T","E"],"items_purchased_type":["Relic","Card","Card"],"build_version":"2020-12-13","purchased_purges":1,"victory":false,"max_hp_per_floor":[60,60,60,60,60,60,60,60,60,60,60,60,60,60,60,60,60,60,60,60,60,60,60,60,60,60],"card_choices":[{"not_picked":["Slimebound:RollThrough","Slimebound:ServeAndProtect"],"picked":"Slimebound:GrowthPunch","floor":2},{"not_picked":["Slimebound:Nibble","Slimebound:PressTheAttack"],"picked":"Slimebound:SplitMire","floor":3},{"not_picked":["Slimebound:ForwardTackle","Slimebound:DisruptingSlam","Slimebound:RollThrough"],"picked":"SKIP","floor":4},{"not_picked":["Slimebound:SplitBruiser","Slimebound:GrowthPunch","Slimebound:ComboTackle"],"picked":"SKIP","floor":9},{"not_picked":["Slimebound:PrepareCrush","Slimebound:HungryTackle"],"picked":"Slimebound:Repurpose","floor":11},{"not_picked":["Slimebound:ViciousTackle","Slimebound:SplitLeeching"],"picked":"Slimebound:SlimeTap","floor":12},{"not_picked":["Slimebound:ViciousTackle","Slimebound:ComboTackle","Slimebound:BestDefense"],"picked":"SKIP","floor":14},{"not_picked":["Slimebound:Chomp","Slimebound:FinishingTackle"],"picked":"Slimebound:ProtectTheBoss","floor":15},{"not_picked":["Slimebound:Teamwork","Slimebound:RallyTheTroops"],"picked":"Slimebound:MinionMaster","floor":16},{"not_picked":["Slimebound:SplitBruiser+1","Slimebound:Chomp"],"picked":"Slimebound:LivingWall","floor":19},{"not_picked":["Slimebound:GoopSpray","Slimebound:ProtectTheBoss","Slimebound:LeechEnergy"],"picked":"SKIP","floor":20},{"not_picked":[],"picked":"J.A.X.","floor":21},{"not_picked":["Slimebound:FlameTackle+1","Slimebound:ServeAndProtect"],"picked":"Slimebound:HungryTackle","floor":21}],"player_experience":424977,"relics_obtained":[{"floor":3,"key":"Ancient Tea Set"},{"floor":7,"key":"Happy Flower"},{"floor":9,"key":"War Paint"},{"floor":20,"key":"Regal Pillow"},{"floor":21,"key":"MutagenicStrength"}],"event_choices":[{"damage_healed":0,"gold_gain":0,"player_choice":"Success","damage_taken":3,"relics_obtained":["MealTicket"],"max_hp_gain":0,"max_hp_loss":0,"event_name":"Scrap Ooze","floor":13,"gold_loss":0},{"cards_removed":["Shame"],"damage_healed":0,"gold_gain":0,"player_choice":"Elegance","damage_taken":0,"max_hp_gain":0,"max_hp_loss":0,"event_name":"Back to Basics","floor":23,"gold_loss":0}],"is_beta":false,"boss_relics":[{"not_picked":["Coffee Dripper","Pandora\u0027s Box"],"picked":"Slimebound:AbsorbEndCombatUpgraded"}],"items_purged_floors":[11],"is_endless":false,"potions_floor_spawned":[4,9,14,16,19],"killed_by":"Slavers","ascension_level":2}}