{"host":"1c52r9kaxdyo25eq","time":1608229073,"event":{"mods":["AchievementEnabler","BaseMod","Minty Spire (QoL Compilation)","Rare Cards Sparkle","SuperFastMode","everything is the same but u backflip on backflip"],"gold_per_floor":[109,109,159,177,25,25,53,53,99,99,46,60,60,70,70,70,70],"floor_reached":16,"playtime":213,"items_purged":["Strike_G"],"score":246,"play_id":"e8c7a7ec-2534-4e3e-b7ae-e307cf158084","local_time":"20201218031753","is_ascension_mode":true,"campfire_choices":[{"data":"Blade Dance","floor":6,"key":"SMITH"},{"data":"Neutralize","floor":8,"key":"SMITH"},{"data":"Acrobatics","floor":10,"key":"SMITH"},{"data":"Blade Dance","floor":13,"key":"SMITH"},{"data":"Dagger Spray","floor":15,"key":"SMITH"}],"circlet_count":0,"master_deck":["AscendersBane","Strike_G","Strike_G","Strike_G","Strike_G","Defend_G","Defend_G","Defend_G","Defend_G","Defend_G","Survivor","Neutralize+1","Blade Dance+1","Acrobatics+1","Reflex","Cloak And Dagger","Blade Dance+1","Dagger Spray+1"],"relics":["Ring of the Snake","NeowsBlessing","Bag of Preparation","Bag of Marbles"],"acts_visited":["Exordium"],"potions_floor_usage":[16],"damage_taken":[{"damage":0,"enemies":"Cultist","floor":1,"turns":1},{"damage":0,"enemies":"2 Louse","floor":4,"turns":1},{"damage":0,"enemies":"Lagavulin","floor":7,"turns":1},{"damage":0,"enemies":"Small Slimes","floor":12,"turns":1},{"damage":0,"enemies":"2 Fungi Beasts","floor":14,"turns":2},{"damage":41,"enemies":"Slime Boss","floor":16,"turns":9}],"seed_played":"-4790986965943121559","potions_obtained":[{"floor":12,"key":"ColorlessPotion"}],"is_trial":false,"path_per_floor":["M","?","?","M","$","R","E","R","T","R","$","M","R","M","R","B"],"character_chosen":"THE_SILENT","items_purchased":["Reflex","Cloak And Dagger"],"campfire_rested":0,"item_purchase_floors":[5,11],"current_hp_per_floor":[59,59,53,53,53,53,53,53,53,53,53,53,53,53,53,12,12],"gold":70,"neow_bonus":"THREE_ENEMY_KILL","is_daily":false,"chose_seed":false,"campfire_upgraded":5,"win_rate":0.0,"timestamp":1608229073,"path_taken":["M","?","?","?","$","R","E","R","T","R","?","M","R","M","R","BOSS"],"items_purchased_type":["Card","Card"],"build_version":"2020-12-13","purchased_purges":1,"victory":false,"max_hp_per_floor":[66,66,66,66,66,66,66,66,66,66,66,66,66,66,66,66,66],"card_choices":[{"not_picked":["Prepared","PiercingWail"],"picked":"Blade Dance","floor":1},{"not_picked":["PiercingWail","Footwork"],"picked":"Acrobatics","floor":4},{"not_picked":["Poisoned Stab","PiercingWail","Bane"],"picked":"SKIP","floor":7},{"not_picked":["Poisoned Stab","PiercingWail","Bane"],"picked":"SKIP","floor":7},{"not_picked":["Flying Knee","Night Terror"],"picked":"Blade Dance","floor":12},{"not_picked":["Flying Knee","Predator"],"picked":"Dagger Spray","floor":14}],"player_experience":494830,"relics_obtained":[{"floor":7,"key":"Bag of Preparation"},{"floor":9,"key":"Bag of Marbles"}],"event_choices":[{"damage_healed":0,"gold_gain":0,"player_choice":"Ignored","damage_taken":0,"max_hp_gain":0,"max_hp_loss":0,"event_name":"Liars Game","floor":2,"gold_loss":0},{"damage_healed":0,"gold_gain":50,"player_choice":"Touch","damage_taken":6,"max_hp_gain":0,"max_hp_loss":0,"event_name":"FaceTrader","floor":3,"gold_loss":0}],"is_beta":false,"boss_relics":[],"items_purged_floors":[5],"is_endless":false,"potions_floor_spawned":[12],"killed_by":"Slime Boss","ascension_level":20}}