{"host":"Kdaddybrian","time":1608247275,"event":{"mods":["AchievementEnabler","BaseMod","Bestiary","Colored Powertips","Minty Spire (QoL Compilation)","Potion Indicator Mod","Quick Restart","Rare Cards Sparkle","Relic Stats","StSLib","Uncapped"],"gold_per_floor":[17,17,34,44,31,31,47,77,77,90,90,90,90,30,30,30,30],"floor_reached":16,"playtime":837,"items_purged":["Strike_G"],"score":153,"play_id":"acf8db2b-4b0d-4f3c-bec2-efd7fc27e5ae","local_time":"20201217182115","is_ascension_mode":true,"campfire_choices":[{"data":"After Image","floor":6,"key":"SMITH"},{"floor":11,"key":"REST"},{"floor":13,"key":"REST"},{"data":"Bouncing Flask","floor":15,"key":"SMITH"}],"circlet_count":0,"master_deck":["AscendersBane","Strike_G","Strike_G","Strike_G","Strike_G","Defend_G","Defend_G","Defend_G","Defend_G","Defend_G","Survivor","Neutralize","After Image+1","Flying Knee","Dagger Spray","Caltrops","Deadly Poison","Dagger Spray","Bouncing Flask+1","Blur"],"relics":["Ring of the Snake","Peace Pipe","Mummified Hand","The Courier"],"acts_visited":["Exordium"],"potions_floor_usage":[4,5,8,8,10,16],"damage_taken":[{"damage":3,"enemies":"2 Louse","floor":1,"turns":4},{"damage":0,"enemies":"Cultist","floor":3,"turns":4},{"damage":3,"enemies":"Small Slimes","floor":4,"turns":5},{"damage":22,"enemies":"Exordium Thugs","floor":5,"turns":4},{"damage":21,"enemies":"Large Slime","floor":7,"turns":7},{"damage":3,"enemies":"Lagavulin","floor":8,"turns":9},{"damage":0,"enemies":"Red Slaver","floor":10,"turns":4},{"damage":58,"enemies":"Slime Boss","floor":16,"turns":13}],"seed_played":"-1637149439587296237","potions_obtained":[{"floor":2,"key":"SneckoOil"},{"floor":2,"key":"Poison Potion"},{"floor":2,"key":"BlessingOfTheForge"},{"floor":5,"key":"EssenceOfSteel"},{"floor":7,"key":"Weak Potion"},{"floor":8,"key":"GamblersBrew"},{"floor":10,"key":"DistilledChaos"}],"is_trial":false,"path_per_floor":["M","?","M","M","M","R","M","E","T","M","R","?","R","$","R","B"],"character_chosen":"THE_SILENT","items_purchased":[],"campfire_rested":2,"item_purchase_floors":[],"current_hp_per_floor":[60,60,60,57,35,35,14,11,11,11,32,32,53,53,53,0,0],"gold":30,"neow_bonus":"THREE_RARE_CARDS","is_daily":false,"chose_seed":false,"campfire_upgraded":2,"win_rate":0.0,"timestamp":1608247275,"path_taken":["M","?","M","M","?","R","M","E","T","M","R","?","R","?","R","BOSS"],"items_purchased_type":[],"build_version":"2020-12-17","purchased_purges":1,"victory":false,"max_hp_per_floor":[70,70,70,70,70,70,70,70,70,70,70,70,70,70,70,70,70],"relic_stats":{"Peace Pipe":0,"counters":[8,50],"Mummified Hand":[3],"obtain_stats":[{"Peace Pipe":8,"Mummified Hand":9,"The Courier":12,"Ring of the Snake":0},{"Peace Pipe":6,"Mummified Hand":6,"The Courier":7,"Ring of the Snake":0},{"Peace Pipe":33,"Mummified Hand":33,"The Courier":37,"Ring of the Snake":0}],"Ring of the Snake":[16]},"card_choices":[{"not_picked":["Phantasmal Killer","Storm of Steel"],"picked":"After Image","floor":0},{"not_picked":["Sucker Punch","Deflect"],"picked":"Flying Knee","floor":1},{"not_picked":["Footwork","After Image"],"picked":"Dagger Spray","floor":3},{"not_picked":["Flying Knee","Setup"],"picked":"Caltrops","floor":4},{"not_picked":["Reflex","Dagger Spray"],"picked":"Deadly Poison","floor":5},{"not_picked":["Bane","Deflect"],"picked":"Dagger Spray","floor":7},{"not_picked":["Finisher","Skewer"],"picked":"Bouncing Flask","floor":8},{"not_picked":["Blade Dance","Masterful Stab"],"picked":"Blur","floor":10}],"player_experience":2869112,"relics_obtained":[{"floor":8,"key":"Peace Pipe"},{"floor":9,"key":"Mummified Hand"},{"floor":12,"key":"The Courier"}],"event_choices":[{"damage_healed":0,"gold_gain":0,"player_choice":"Got Potions","damage_taken":0,"max_hp_gain":0,"max_hp_loss":0,"event_name":"Lab","floor":2,"gold_loss":0},{"damage_healed":0,"gold_gain":0,"player_choice":"Relic","damage_taken":0,"max_hp_gain":0,"max_hp_loss":0,"event_name":"Wheel of Change","floor":12,"gold_loss":0}],"is_beta":true,"boss_relics":[],"items_purged_floors":[14],"is_endless":false,"potions_floor_spawned":[5,7,8,10],"killed_by":"Slime Boss","ascension_level":10}}