{"host":"49c2zf0lajbcs427","time":1608201362,"event":{"mods":["AchievementEnabler","BaseMod","Colored Map","Colored Powertips","Highlight Path","Minty Spire (QoL Compilation)","Relic Stats","StSLib"],"gold_per_floor":[117,136,136,186,202,202,527,537,537,537,549,576,590,278,278,354,354,364,279,318,4,4,4,33,47,47,57,68,68,99,59,59,132,132,151,151,198,198,198,198,245,245,245,304,393,455,485,103,103,103],"floor_reached":51,"playtime":3313,"items_purged":["Strike_P","Strike_P","Strike_P"],"score":1506,"play_id":"8d69d035-7017-4147-b9ca-58b772a22d55","local_time":"20201217233602","is_ascension_mode":true,"campfire_choices":[{"data":"SandsOfTime","floor":6,"key":"SMITH"},{"data":"DevaForm","floor":10,"key":"SMITH"},{"data":"Vigilance","floor":15,"key":"SMITH"},{"data":"Wish","floor":23,"key":"SMITH"},{"data":"Prostrate","floor":32,"key":"SMITH"},{"data":"Omniscience","floor":40,"key":"SMITH"},{"data":"Panacea","floor":42,"key":"SMITH"},{"data":"Omniscience","floor":49,"key":"SMITH"}],"circlet_count":0,"master_deck":["AscendersBane","Strike_P","Defend_P","Defend_P","Defend_P","Eruption","Vigilance+1","WindmillStrike","FlurryOfBlows","SandsOfTime+1","DeceiveReality","DevaForm+1","DeceiveReality","EmptyMind","Wish+1","Establishment","Prostrate+1","Prostrate","Omniscience+1","MentalFortress+1","WheelKick+1","Blasphemy","Panacea+1","Wireheading","Omniscience+1","Wallop+1"],"relics":["Philosopher\u0027s Stone","Old Coin","Molten Egg 2","Singing Bowl","Coffee Dripper","Damaru","Red Mask","TeardropLocket","Lizard Tail","Runic Pyramid","MawBank"],"acts_visited":["Exordium","TheCity","TheBeyond"],"potions_floor_usage":[7,12,12,24,30,33,37,37,47],"damage_taken":[{"damage":0,"enemies":"Cultist","floor":1,"turns":3},{"damage":7,"enemies":"2 Louse","floor":2,"turns":2},{"damage":4,"enemies":"Small Slimes","floor":5,"turns":4},{"damage":0,"enemies":"Gremlin Nob","floor":7,"turns":2},{"damage":0,"enemies":"2 Fungi Beasts","floor":8,"turns":4},{"damage":9,"enemies":"Looter","floor":11,"turns":3},{"damage":0,"enemies":"3 Sentries","floor":12,"turns":5},{"damage":0,"enemies":"Large Slime","floor":13,"turns":4},{"damage":5,"enemies":"Hexaghost","floor":16,"turns":10},{"damage":3,"enemies":"Spheric Guardian","floor":18,"turns":7},{"damage":23,"enemies":"2 Thieves","floor":20,"turns":4},{"damage":2,"enemies":"Masked Bandits","floor":24,"turns":4},{"damage":15,"enemies":"Snake Plant","floor":25,"turns":4},{"damage":10,"enemies":"Shelled Parasite and Fungi","floor":27,"turns":3},{"damage":21,"enemies":"Sentry and Sphere","floor":28,"turns":5},{"damage":0,"enemies":"Book of Stabbing","floor":30,"turns":5},{"damage":0,"enemies":"Automaton","floor":33,"turns":7},{"damage":0,"enemies":"3 Shapes","floor":35,"turns":3},{"damage":1,"enemies":"3 Darklings","floor":37,"turns":4},{"damage":19,"enemies":"4 Shapes","floor":41,"turns":7},{"damage":11,"enemies":"Writhing Mass","floor":44,"turns":4},{"damage":3,"enemies":"Spire Growth","floor":45,"turns":5},{"damage":8,"enemies":"3 Darklings","floor":46,"turns":5},{"damage":4,"enemies":"Maw","floor":47,"turns":6},{"damage":41,"enemies":"Time Eater","floor":50,"turns":7}],"seed_played":"-7185965282379628875","potions_obtained":[{"floor":1,"key":"Ambrosia"},{"floor":7,"key":"Dexterity Potion"},{"floor":11,"key":"BlessingOfTheForge"},{"floor":13,"key":"Ancient Potion"},{"floor":18,"key":"Explosive Potion"},{"floor":20,"key":"PowerPotion"},{"floor":28,"key":"CultistPotion"},{"floor":30,"key":"PowerPotion"},{"floor":35,"key":"ColorlessPotion"},{"floor":37,"key":"Fruit Juice"},{"floor":44,"key":"SneckoOil"},{"floor":47,"key":"StancePotion"}],"is_trial":false,"path_per_floor":["M","M","?","?","M","R","E","M","T","R","M","E","M","$","R","B",null,"M","?","M","$","?","R","?","M","T","M","M","$","E","$","R","B",null,"M","?","M","?","?","R","M","R","T","M","M","M","M","$","R","B",null],"character_chosen":"WATCHER","items_purchased":["EmptyMind","Master of Strategy","Establishment","Prostrate","WheelKick+1","Omniscience","FearPotion","Wallop+1"],"campfire_rested":0,"item_purchase_floors":[14,14,21,21,31,48,48,48],"current_hp_per_floor":[61,54,59,59,55,55,55,55,55,55,46,48,50,50,50,45,69,68,68,47,47,47,47,47,32,32,22,1,1,3,3,3,3,65,67,61,67,67,108,108,91,91,91,80,79,73,71,71,71,30],"gold":103,"neow_bonus":"BOSS_RELIC","is_daily":false,"chose_seed":false,"campfire_upgraded":8,"win_rate":0.0,"timestamp":1608201362,"path_taken":["M","M","?","?","M","R","E","M","T","R","M","E","?","$","R","BOSS","M","?","M","$","?","R","?","M","T","M","M","$","E","?","R","BOSS","M","?","M","?","?","R","M","R","T","M","M","M","?","?","R","BOSS"],"items_purchased_type":["Card","Card","Card","Card","Card","Card","Potion","Card"],"build_version":"2020-12-13","purchased_purges":3,"victory":true,"max_hp_per_floor":[68,68,73,73,73,73,73,73,73,73,73,75,77,77,77,77,77,79,79,81,81,81,81,83,83,83,83,83,83,85,85,85,85,85,87,91,98,98,108,108,110,110,110,110,112,114,116,116,116,116],"relic_stats":{"Lizard Tail":0,"Singing Bowl":28,"counters":[25,117],"MawBank":60,"obtain_stats":[{"Lizard Tail":30,"Singing Bowl":12,"Damaru":19,"Philosopher\u0027s Stone":0,"Molten Egg 2":9,"Coffee Dripper":17,"Red Mask":24,"TeardropLocket":26,"PureWater":0,"MawBank":43,"Old Coin":7,"Runic Pyramid":34},{"Lizard Tail":16,"Singing Bowl":7,"Damaru":10,"Philosopher\u0027s Stone":0,"Molten Egg 2":5,"Coffee Dripper":9,"Red Mask":12,"TeardropLocket":13,"PureWater":0,"MawBank":20,"Old Coin":4,"Runic Pyramid":17},{"Lizard Tail":69,"Singing Bowl":23,"Damaru":44,"Philosopher\u0027s Stone":0,"Molten Egg 2":15,"Coffee Dripper":37,"Red Mask":52,"TeardropLocket":56,"PureWater":0,"MawBank":90,"Old Coin":11,"Runic Pyramid":76}]},"card_choices":[{"not_picked":["Halt","ClearTheMind"],"picked":"WindmillStrike","floor":1},{"not_picked":["Protect","Weave"],"picked":"FlurryOfBlows","floor":2},{"not_picked":["JustLucky","BowlingBash"],"picked":"SandsOfTime","floor":5},{"not_picked":["JustLucky","FearNoEvil"],"picked":"DeceiveReality","floor":7},{"not_picked":["Protect","EmptyFist"],"picked":"DevaForm","floor":8},{"not_picked":["EmptyBody","Evaluate"],"picked":"DeceiveReality","floor":11},{"not_picked":["Indignation","Halt","Consecrate+1"],"picked":"Singing Bowl","floor":12},{"not_picked":["Wireheading","FlyingSleeves+1","Consecrate+1"],"picked":"Singing Bowl","floor":13},{"not_picked":["Judgement","DevaForm"],"picked":"Wish","floor":16},{"not_picked":["Consecrate+1","ThirdEye","SashWhip+1"],"picked":"Singing Bowl","floor":18},{"not_picked":["Weave+1","CrushJoints+1","Protect"],"picked":"Singing Bowl","floor":20},{"not_picked":["CutThroughFate+1","Conclude+1","ThirdEye"],"picked":"Singing Bowl","floor":24},{"not_picked":["EmptyFist+1","BowlingBash+1"],"picked":"Prostrate","floor":25},{"not_picked":["Prostrate","Evaluate"],"picked":"Omniscience","floor":27},{"not_picked":["ForeignInfluence","CrushJoints+1"],"picked":"MentalFortress+1","floor":28},{"not_picked":["SashWhip+1","EmptyBody","Indignation"],"picked":"Singing Bowl","floor":30},{"not_picked":["SpiritShield","DevaForm"],"picked":"Blasphemy","floor":33},{"not_picked":["Protect+1","SashWhip+1","Perseverance"],"picked":"Singing Bowl","floor":35},{"not_picked":["Flash of Steel+1","Metamorphosis","Transmutation"],"picked":"Singing Bowl","floor":36},{"not_picked":["Finesse","Trip","Mind Blast+1"],"picked":"Singing Bowl","floor":36},{"not_picked":["Panache","Dramatic Entrance+1"],"picked":"Panacea","floor":36},{"not_picked":["PathToVictory","SashWhip+1","EmptyMind"],"picked":"Singing Bowl","floor":37},{"not_picked":["CrushJoints+1","FlyingSleeves+1","Evaluate"],"picked":"Singing Bowl","floor":41},{"not_picked":["FlurryOfBlows+1","Evaluate"],"picked":"Wireheading","floor":44},{"not_picked":["SignatureMove+1","Evaluate+1","PathToVictory+1"],"picked":"Singing Bowl","floor":45},{"not_picked":["SashWhip+1","ClearTheMind","Tantrum+1"],"picked":"Singing Bowl","floor":46},{"not_picked":["Evaluate","Nirvana","CrushJoints+1"],"picked":"Singing Bowl","floor":47}],"player_experience":2102663,"relics_obtained":[{"floor":7,"key":"Old Coin"},{"floor":9,"key":"Molten Egg 2"},{"floor":12,"key":"Singing Bowl"},{"floor":24,"key":"Red Mask"},{"floor":26,"key":"TeardropLocket"},{"floor":30,"key":"Lizard Tail"},{"floor":43,"key":"MawBank"}],"event_choices":[{"damage_healed":0,"gold_gain":0,"player_choice":"Donut","damage_taken":0,"max_hp_gain":5,"max_hp_loss":0,"event_name":"Big Fish","floor":3,"gold_loss":0},{"damage_healed":0,"gold_gain":50,"player_choice":"Pray","damage_taken":0,"max_hp_gain":0,"max_hp_loss":0,"event_name":"Golden Shrine","floor":4,"gold_loss":0},{"damage_healed":0,"gold_gain":0,"player_choice":"Obtained Relic","damage_taken":0,"relics_obtained":["Damaru"],"max_hp_gain":0,"max_hp_loss":0,"event_name":"Addict","floor":19,"gold_loss":85},{"damage_healed":0,"gold_gain":0,"player_choice":"Ignored","damage_taken":0,"max_hp_gain":0,"max_hp_loss":0,"event_name":"The Mausoleum","floor":22,"gold_loss":0},{"damage_healed":0,"gold_gain":0,"player_choice":"Fought Bandits","damage_taken":0,"max_hp_gain":0,"max_hp_loss":0,"event_name":"Masked Bandits","floor":24,"gold_loss":0},{"damage_healed":0,"gold_gain":0,"player_choice":"Memory 3","damage_taken":10,"max_hp_gain":0,"max_hp_loss":0,"event_name":"SensoryStone","floor":36,"gold_loss":0},{"cards_removed":["Defend_P"],"damage_healed":0,"gold_gain":0,"player_choice":"Removed Skill","damage_taken":0,"max_hp_gain":0,"max_hp_loss":0,"event_name":"Falling","floor":38,"gold_loss":0},{"cards_removed":["Master of Strategy"],"damage_healed":31,"gold_gain":0,"player_choice":"Offered Rare","damage_taken":0,"max_hp_gain":10,"max_hp_loss":0,"event_name":"Bonfire Elementals","floor":39,"gold_loss":0}],"is_beta":false,"boss_relics":[{"not_picked":["SacredBark","Busted Crown"],"picked":"Coffee Dripper"},{"not_picked":["Cursed Key","Runic Dome"],"picked":"Runic Pyramid"}],"items_purged_floors":[14,21,48],"is_endless":false,"potions_floor_spawned":[1,7,11,13,18,20,28,30,35,37,44,47],"ascension_level":16}}