{"host":"z9grmtg2w0nmz8n1","time":1608224075,"event":{"mods":["Aspiration","Bard","BaseMod","Beaked The Cultist","Better Altar","Better Match","Better Third Choice","BetterRewards","CCEM","Colored Map","Conspire","GifTheSpireLib","Googly Eyes","Highlight Path","Hubris","Jedi Mod","Jorbs\u0027s Wanderer Trilogy","Minty Spire (QoL Compilation)","Permanent Neow","Replay The Spire","Spicy Shops","StSLib","Stuff the Spire","The Bug Knight"],"gold_per_floor":[119,44,54,66,85,112,12,46,70,70,70],"floor_reached":10,"playtime":551,"items_purged":["Strike_G","Strike_G"],"score":82,"play_id":"44b6bda3-fb42-430d-bd3d-8a651533e70b","local_time":"20201217145435","is_ascension_mode":true,"campfire_choices":[],"circlet_count":0,"master_deck":["Strike_G","Strike_G","Strike_G","Defend_G","Defend_G","Defend_G","Defend_G","Defend_G","Survivor","Neutralize","Dagger Throw","Underhanded Strike"],"relics":["Ring of the Snake","Omamori","Blue Doll","Replay:Rubber Ducky"],"acts_visited":["Exordium"],"potions_floor_usage":[6],"damage_taken":[{"damage":0,"enemies":"Cultist","floor":1,"turns":4},{"damage":0,"enemies":"Small Slimes","floor":3,"turns":3},{"damage":0,"enemies":"2 Louse","floor":4,"turns":3},{"damage":0,"enemies":"Looter","floor":5,"turns":3},{"damage":36,"enemies":"3 Sentries","floor":6,"turns":15},{"damage":25,"enemies":"Lagavulin","floor":8,"turns":7},{"damage":5,"enemies":"Gremlin Nob","floor":10,"turns":3}],"seed_played":"6393521687103803653","potions_obtained":[{"floor":1,"key":"SkillPotion"}],"is_trial":false,"path_per_floor":["M","$","M","M","M","E","$","E","T","E"],"character_chosen":"THE_SILENT","items_purchased":[],"campfire_rested":0,"item_purchase_floors":[],"current_hp_per_floor":[70,70,70,70,70,34,34,9,9,4,4],"gold":70,"neow_bonus":"RANDOM_COMMON_RELIC","is_daily":false,"chose_seed":false,"campfire_upgraded":0,"win_rate":0.0,"timestamp":1608224075,"path_taken":["M","$","?","M","M","E","$","E","T","E"],"items_purchased_type":[],"build_version":"2020-12-13","purchased_purges":2,"victory":false,"max_hp_per_floor":[70,70,70,70,70,70,70,70,70,70,70],"card_choices":[{"not_picked":["hubris:TrickCloak","Terror"],"picked":"Dagger Throw","floor":1},{"not_picked":["Dagger Throw","Deflect"],"picked":"Underhanded Strike","floor":3},{"not_picked":["Deflect","StuffTheSpire:ClusterCrunch","Bouncing Flask"],"picked":"SKIP","floor":4},{"not_picked":["Blur","Deflect","Prepared"],"picked":"SKIP","floor":5},{"not_picked":["Replay:Poison Smokescreen","Poisoned Stab","StuffTheSpire:ClusterCrunch"],"picked":"SKIP","floor":6},{"not_picked":["Deadly Poison","StuffTheSpire:BumpUp","Skewer"],"picked":"SKIP","floor":8}],"player_experience":578324,"relics_obtained":[{"floor":6,"key":"Blue Doll"},{"floor":8,"key":"Replay:Rubber Ducky"}],"event_choices":[],"is_beta":false,"boss_relics":[],"items_purged_floors":[2,7],"is_endless":false,"potions_floor_spawned":[1],"killed_by":"Gremlin Nob","ascension_level":1}}