{"host":"lck2g1j0kcwr02ez","time":1608178363,"event":{"mods":["Act Like it!","BaseMod","CapriCore","Hallownest","Mari Mod (Legacy)","Mari\u0027s V1 Patch","Minty Spire (QoL Compilation)","Rare Cards Sparkle","StSLib","The Hierophant","The Mystic"],"gold_per_floor":[152,5870,5870,5184,5184,5184,5213,5213,5213,5234,5235,5237,5162,4407,4407,4483,4483,4465,4451,3759,3744,3494,3494,3494,3494],"floor_reached":24,"playtime":1069,"items_purged":["MariMod:Mari_Strike","MariMod:Mari_Strike","MariMod:Mari_Defend","MariMod:Mari_Strike"],"score":252,"play_id":"8c3726df-a74d-4887-b802-132734fefb0e","local_time":"20201217121243","is_ascension_mode":false,"campfire_choices":[{"floor":6,"key":"RECALL"},{"data":"MariMod:Mari_Supervision","floor":8,"key":"SMITH"},{"data":"MariMod:Mari_Kyu","floor":15,"key":"SMITH"},{"data":"Hallownest:skillGreenpathMap","floor":23,"key":"SMITH"}],"circlet_count":0,"master_deck":["MariMod:Mari_Strike","MariMod:Mari_Strike","MariMod:Mari_Defend","MariMod:Mari_Defend","MariMod:Mari_Defend","MariMod:Mari_Defend","MariMod:Mari_Reminisce","MariMod:Mari_Reckless_Driving","MariMod:Mari_The_FLYING_CAR","MariMod:Mari_The_Light_We_Chase","MariMod:Mari_Supervision+1","MariMod:Mari_The_FLYING_CAR","MariMod:Mari_Expenses","MariMod:Mari_Kyu","MariMod:Mari_Kyu+1","Hallownest:skillGreenpathMap+1","MariMod:Mari_Tough_Front","MariMod:Mari_Tough_Front","MariMod:Mari_Expenses","MariMod:Mari_Boundless_Energy","MariMod:Mari_Practice_Outfit"],"relics":["MariMod:MariTheSpark","NeowsBlessing","Oddly Smooth Stone","Omamori","TheAbacus","Hallownest:TeacherSealRelic","Regal Pillow","Bottled Tornado","Hallownest:DreamNailRelic","Sundial","Torii","Mercury Hourglass","Chemical X","Tiny Chest","Prayer Wheel","Philosopher\u0027s Stone","Pen Nib","Lee\u0027s Waffle","Bottled Lightning","Hallownest:UnbreakableCardRelic"],"acts_visited":["Exordium","Hallownest:Greenpath"],"potions_floor_usage":[16,16,21],"damage_taken":[{"damage":0,"enemies":"Hallownest:2_Tiktiks_and_1_Crawlid","floor":1,"turns":2},{"damage":0,"enemies":"Hallownest:eliteMossKnight","floor":7,"turns":1},{"damage":0,"enemies":"Hallownest:eliteCrystalGuardian","floor":10,"turns":1},{"damage":7,"enemies":"Hallownest:monsterHuskGuard","floor":11,"turns":2},{"damage":7,"enemies":"Hallownest:2_Baldur","floor":12,"turns":2},{"damage":26,"enemies":"Hallownest:BossFalseKnight","floor":16,"turns":5},{"damage":27,"enemies":"Hallownest:Flukemon_and_Top","floor":18,"turns":5},{"damage":27,"enemies":"Hallownest:Guard_and_Sentry","floor":19,"turns":3},{"damage":20,"enemies":"Hallownest:3_Mistakes","floor":21,"turns":4}],"seed_played":"-2686070581744817239","potions_obtained":[{"floor":19,"key":"DistilledChaos"},{"floor":21,"key":"Energy Potion"}],"is_trial":false,"path_per_floor":["M","$","?","$","?","R","E","R","T","E","M","M","?","$","R","B",null,"M","M","$","M","?","R","?"],"character_chosen":"MARI","items_purchased":["Swift Potion","Oddly Smooth Stone","Omamori","TheAbacus","ColorlessPotion","Ancient Potion","MariMod:Mari_The_FLYING_CAR","MariMod:Mari_The_Light_We_Chase","MariMod:Mari_Supervision","Regal Pillow","Bottled Tornado","MariMod:Mari_The_FLYING_CAR","Chemical X","Tiny Chest","Prayer Wheel","MariMod:Mari_Tough_Front","Pen Nib","Lee\u0027s Waffle","Bottled Lightning"],"campfire_rested":0,"item_purchase_floors":[2,2,2,2,2,2,2,2,4,4,4,4,14,14,14,14,20,20,20],"current_hp_per_floor":[72,72,72,72,72,72,72,72,72,72,65,58,58,58,58,32,72,45,18,79,59,59,59,59,59],"gold":3494,"neow_bonus":"THREE_ENEMY_KILL","is_daily":false,"chose_seed":false,"campfire_upgraded":3,"win_rate":0.0,"timestamp":1608178363,"path_taken":["M","$","?","$","?","R","E","R","T","E","?","M","?","?","R","BOSS","M","M","$","M","?","R","?"],"items_purchased_type":["Potion","Relic","Relic","Relic","Potion","Potion","Card","Card","Card","Relic","Relic","Card","Relic","Relic","Relic","Card","Relic","Relic","Relic"],"build_version":"2020-12-13","purchased_purges":4,"victory":false,"max_hp_per_floor":[72,72,72,72,72,72,72,72,72,72,72,72,72,72,72,72,72,72,72,79,79,79,79,79,79],"card_choices":[{"not_picked":["MariMod:Mari_Lie_In_Wait","MariMod:Mari_Slap"],"picked":"MariMod:Mari_Reckless_Driving","floor":1},{"not_picked":["MariMod:Mari_Reckless_Driving","MariMod:Mari_Old_Costume","MariMod:Mari_Unveiled_Secret"],"picked":"SKIP","floor":7},{"not_picked":["MariMod:Mari_Reckless_Spending","MariMod:Mari_No_Problem"],"picked":"MariMod:Mari_Expenses","floor":10},{"not_picked":["MariMod:Mari_Approved","MariMod:Mari_The_FLYING_CAR"],"picked":"MariMod:Mari_Kyu","floor":11},{"not_picked":["MariMod:Mari_Reckless_Spending","MariMod:Mari_Defiance","MariMod:Mari_Reckless_Driving"],"picked":"SKIP","floor":11},{"not_picked":["MariMod:Mari_Heavy_Price","MariMod:Mari_Reflection"],"picked":"MariMod:Mari_Kyu","floor":12},{"not_picked":["MariMod:Mari_Expenses","MariMod:Mari_Shut_Up","MariMod:Mari_The_Beach_Episode"],"picked":"SKIP","floor":18},{"not_picked":["MariMod:Mari_Emotional_Episode","MariMod:Mari_Cash_Back","MariMod:Mari_Dolphin_Strike"],"picked":"SKIP","floor":18},{"not_picked":["MariMod:Mari_Unveiled_Secret","MariMod:Mari_Emotional_Episode","MariMod:Mari_Fragile_Hope+1"],"picked":"SKIP","floor":18},{"not_picked":["MariMod:Mari_Glow","MariMod:Mari_Sparkle+1"],"picked":"MariMod:Mari_Tough_Front","floor":19},{"not_picked":["MariMod:Mari_Closure+1","MariMod:Mari_Its_Joke","MariMod:Mari_Glimmer"],"picked":"SKIP","floor":19},{"not_picked":["MariMod:Mari_Pretty_Bomber_Head","MariMod:Mari_Tea_Time"],"picked":"MariMod:Mari_Expenses","floor":21},{"not_picked":["MariMod:Mari_Flaunt","MariMod:Mari_zzz+1","MariMod:Mari_Golden_Glint+1"],"picked":"SKIP","floor":21},{"not_picked":["MariMod:Mari_Approved","MariMod:Mari_Lets_Go","MariMod:Mari_Reckless_Driving"],"picked":"SKIP","floor":21},{"not_picked":["MariMod:Mari_Lets_Go+1","MariMod:Mari_Heavy_Price"],"picked":"MariMod:Mari_Boundless_Energy","floor":24},{"not_picked":["MariMod:Mari_Defiance+1","MariMod:Mari_Pretty_Bomber_Head"],"picked":"MariMod:Mari_Practice_Outfit","floor":24}],"player_experience":217259,"relics_obtained":[{"floor":7,"key":"Sundial"},{"floor":9,"key":"Torii"},{"floor":10,"key":"Mercury Hourglass"}],"event_choices":[],"is_beta":false,"boss_relics":[{"not_picked":["Fusion Hammer","Sozu"],"picked":"Philosopher\u0027s Stone"}],"items_purged_floors":[2,4,14,20],"is_endless":false,"potions_floor_spawned":[11,12,19,21],"ascension_level":0}}