{"host":"utqe55yv0jihe4d6","time":1608231478,"event":{"mods":["2.2 Compatiblity","AchievementEnabler","BaseMod","Block Reminder","Colored Map","Colored Powertips","Minty Spire (QoL Compilation)","Quick Restart","Rare Cards Sparkle","Relic Stats","SuperFastMode"],"gold_per_floor":[99,99,99,99,99,99,99,99,99,99,99,99,99,99,99,99,99,99,99,99,99,99,99,99,24,24,24,24,24,24,24,24,24,24],"floor_reached":33,"playtime":1220,"items_purged":[],"score":796,"play_id":"911fe730-00ff-472d-af77-cffffcc07992","local_time":"20201217135758","is_ascension_mode":true,"campfire_choices":[{"data":"Blade Dance","floor":6.0,"key":"SMITH"},{"floor":10.0,"key":"REST"},{"data":"Malaise","floor":15,"key":"SMITH"},{"floor":24,"key":"REST"},{"data":"Wraith Form v2","floor":27,"key":"SMITH"},{"data":"Night Terror","floor":32,"key":"SMITH"}],"circlet_count":0,"master_deck":["AscendersBane","Strike_G","Strike_G+1","Strike_G","Strike_G","Defend_G","Defend_G","Defend_G","Defend_G","Defend_G","Survivor","Neutralize+1","Blade Dance+1","Dagger Throw","Quick Slash","Escape Plan","Malaise+1","Terror","Cloak And Dagger","Malaise","Wraith Form v2+1","Acrobatics","Skewer+1","Adrenaline","Night Terror+1","Backflip","Predator"],"relics":["Ectoplasm","Singing Bowl","Mercury Hourglass","Juzu Bracelet","SlaversCollar","Red Mask","Tingsha","Omamori","Incense Burner","Matryoshka"],"acts_visited":["Exordium","TheCity"],"potions_floor_usage":[13,22,23,31,33],"damage_taken":[{"damage":0.0,"enemies":"2 Louse","floor":1.0,"turns":3.0},{"damage":0.0,"enemies":"Small Slimes","floor":3.0,"turns":2.0},{"damage":0.0,"enemies":"Jaw Worm","floor":4.0,"turns":3.0},{"damage":0.0,"enemies":"Large Slime","floor":5.0,"turns":4.0},{"damage":22.0,"enemies":"Lagavulin","floor":7.0,"turns":5.0},{"damage":2.0,"enemies":"Exordium Wildlife","floor":8.0,"turns":4.0},{"damage":0.0,"enemies":"2 Fungi Beasts","floor":11.0,"turns":3.0},{"damage":0.0,"enemies":"3 Louse","floor":12.0,"turns":2.0},{"damage":1,"enemies":"3 Sentries","floor":13,"turns":6},{"damage":1,"enemies":"Large Slime","floor":14,"turns":4},{"damage":0,"enemies":"Hexaghost","floor":16,"turns":10},{"damage":6,"enemies":"Spheric Guardian","floor":18,"turns":3},{"damage":8,"enemies":"Shell Parasite","floor":19,"turns":5},{"damage":22,"enemies":"Cultist and Chosen","floor":20,"turns":7},{"damage":23,"enemies":"Masked Bandits","floor":21,"turns":5},{"damage":4,"enemies":"3 Cultists","floor":22,"turns":5},{"damage":0,"enemies":"Gremlin Leader","floor":23,"turns":6},{"damage":1,"enemies":"Book of Stabbing","floor":28,"turns":5},{"damage":13,"enemies":"Centurion and Healer","floor":29,"turns":9},{"damage":2,"enemies":"Shelled Parasite and Fungi","floor":30,"turns":5},{"damage":3,"enemies":"Slavers","floor":31,"turns":6},{"damage":16,"enemies":"Collector","floor":33,"turns":2}],"seed_played":"1517099356867895659","potions_obtained":[{"floor":3.0,"key":"Ancient Potion"},{"floor":8.0,"key":"PowerPotion"},{"floor":12.0,"key":"Weak Potion"},{"floor":14,"key":"Strength Potion"},{"floor":16,"key":"SkillPotion"},{"floor":22,"key":"LiquidMemories"},{"floor":28,"key":"PowerPotion"}],"is_trial":false,"path_per_floor":["M","?","M","M","M","R","E","M","T","R","M","M","E","M","R","B",null,"M","M","M","?","M","E","R","?","T","R","E","M","M","E","R","B"],"character_chosen":"THE_SILENT","items_purchased":[],"campfire_rested":2,"item_purchase_floors":[],"current_hp_per_floor":[59,39,39,39,39,39,19,17,17,37,37,39,38,37,37,37,62,56,50,28,5,3,5,27,27,27,27,26,15,13,10,10,0,0],"gold":24,"neow_bonus":"BOSS_RELIC","is_daily":false,"chose_seed":false,"campfire_upgraded":4,"win_rate":0.0,"timestamp":1608231478,"path_taken":["M","?","M","M","M","R","E","M","T","R","M","M","E","M","R","BOSS","M","M","M","?","M","E","R","?","T","R","E","M","M","E","R","BOSS"],"items_purchased_type":[],"build_version":"2020-12-13","purchased_purges":0,"victory":false,"max_hp_per_floor":[66,66,66,66,66,66,68,68,68,68,68,70,70,70,70,70,70,70,72,72,72,74,76,76,76,76,76,76,78,78,78,78,78,78],"relic_stats":{"Singing Bowl":12,"counters":[22,104],"Tingsha":[39],"Ectoplasm":458,"Juzu Bracelet":0,"obtain_stats":[{"SlaversCollar":17,"Matryoshka":31,"Singing Bowl":7,"Tingsha":23,"Ectoplasm":0,"Juzu Bracelet":13,"Red Mask":21,"Omamori":26,"Incense Burner":28,"Ring of the Snake":0,"Mercury Hourglass":9},{"SlaversCollar":11,"Matryoshka":21,"Singing Bowl":5,"Tingsha":17,"Ectoplasm":0,"Juzu Bracelet":9,"Red Mask":15,"Omamori":17,"Incense Burner":18,"Ring of the Snake":0,"Mercury Hourglass":6},{"SlaversCollar":46,"Matryoshka":102,"Singing Bowl":17,"Tingsha":77,"Ectoplasm":0,"Juzu Bracelet":32,"Red Mask":66,"Omamori":77,"Incense Burner":82,"Ring of the Snake":0,"Mercury Hourglass":21}],"Mercury Hourglass":[360]},"card_choices":[{"not_picked":["Cloak And Dagger","Underhanded Strike"],"picked":"Blade Dance","floor":1.0},{"not_picked":["Dodge and Roll","Blade Dance"],"picked":"Dagger Throw","floor":3.0},{"not_picked":["Catalyst","Deadly Poison"],"picked":"Quick Slash","floor":4.0},{"not_picked":["Bane","Outmaneuver"],"picked":"Escape Plan","floor":5.0},{"not_picked":["Underhanded Strike","Quick Slash","Cloak And Dagger"],"picked":"Singing Bowl","floor":7.0},{"not_picked":["Well Laid Plans","Sucker Punch"],"picked":"Malaise","floor":8.0},{"not_picked":["Dagger Spray","Sucker Punch"],"picked":"Terror","floor":11.0},{"not_picked":["Prepared","Dodge and Roll","Endless Agony"],"picked":"Singing Bowl","floor":12.0},{"not_picked":["Poisoned Stab","Caltrops"],"picked":"Cloak And Dagger","floor":13},{"not_picked":["Flying Knee","Dodge and Roll"],"picked":"Malaise","floor":14},{"not_picked":["Burst","Grand Finale"],"picked":"Wraith Form v2","floor":16},{"not_picked":["Eviscerate","Deadly Poison"],"picked":"Acrobatics","floor":18},{"not_picked":["Caltrops","Blur","Poisoned Stab"],"picked":"Singing Bowl","floor":19},{"not_picked":["Blur","Blade Dance+1"],"picked":"Skewer+1","floor":20},{"not_picked":["Deadly Poison","Acrobatics"],"picked":"Adrenaline","floor":21},{"not_picked":["Blade Dance","Riddle With Holes","Slice"],"picked":"Singing Bowl","floor":22},{"not_picked":["Distraction","Heel Hook+1","Slice"],"picked":"Singing Bowl","floor":23},{"not_picked":["Underhanded Strike","Quick Slash"],"picked":"Night Terror","floor":28},{"not_picked":["Dagger Spray","Concentrate","Blade Dance"],"picked":"Singing Bowl","floor":29},{"not_picked":["Quick Slash","Underhanded Strike"],"picked":"Backflip","floor":30},{"not_picked":["Reflex","Slice"],"picked":"Predator","floor":31}],"player_experience":2783811,"relics_obtained":[{"floor":7.0,"key":"Singing Bowl"},{"floor":9.0,"key":"Mercury Hourglass"},{"floor":13,"key":"Juzu Bracelet"},{"floor":21,"key":"Red Mask"},{"floor":23,"key":"Tingsha"},{"floor":26,"key":"Omamori"},{"floor":28,"key":"Incense Burner"},{"floor":31,"key":"Matryoshka"}],"event_choices":[{"damage_healed":0.0,"max_hp_gain":0.0,"max_hp_loss":0.0,"gold_gain":0.0,"event_name":"Shining Light","player_choice":"Entered Light","floor":2.0,"gold_loss":0.0,"damage_taken":20.0,"cards_upgraded":["Strike_G","Neutralize"]},{"damage_healed":0,"gold_gain":0,"player_choice":"Fought Bandits","damage_taken":0,"max_hp_gain":0,"max_hp_loss":0,"event_name":"Masked Bandits","floor":21,"gold_loss":0},{"cards_removed":["Strike_G"],"damage_healed":0,"gold_gain":0,"player_choice":"Gave Gold","damage_taken":0,"max_hp_gain":0,"max_hp_loss":0,"event_name":"Beggar","floor":25,"gold_loss":75}],"is_beta":false,"boss_relics":[{"not_picked":["Coffee Dripper","Runic Dome"],"picked":"SlaversCollar"}],"items_purged_floors":[],"is_endless":false,"potions_floor_spawned":[3,8,12,14,16,20,21,22,28,30],"killed_by":"Collector","ascension_level":20}}