{"host":"qgwlv9366poilr0p","time":1608236622,"event":{"mods":["BaseMod","Colored Powertips","Conspire","Dota2Spire","Friendly Minions","Halation","Hubris","Infinite Spire","Minty Spire (QoL Compilation)","Relic Stats","Replay The Spire","Shop Mod","StSLib","The Blue Laboratory","Wandering Minibosses","vexMod"],"gold_per_floor":[112,112,112,127,151,151,190,190,190,190,190,193,193],"floor_reached":12,"playtime":383,"items_purged":[],"score":133,"play_id":"c6181524-fe28-42e3-a65c-d02428a8c21a","local_time":"20201217212342","is_ascension_mode":true,"campfire_choices":[{"data":"Zap","floor":6,"key":"SMITH"},{"data":"Dualcast","floor":8,"key":"SMITH"},{"data":"Echo Form","floor":10,"key":"SMITH"}],"circlet_count":0,"master_deck":["AscendersBane","Strike_B","Strike_B","Strike_B","Strike_B","Defend_B","Defend_B","Defend_B","Defend_B","Zap+1","Dualcast+1","Cold Snap","Echo Form+1","Conserve Battery"],"relics":["Cracked Core","halation:IllGainedPizza","infinitespire:EmpoweringShard","Frozen Egg 2","hubris:Towel"],"acts_visited":["Exordium"],"potions_floor_usage":[7,12],"damage_taken":[{"damage":18,"enemies":"Jaw Worm","floor":1,"turns":4},{"damage":0,"enemies":"Cultist","floor":4,"turns":3},{"damage":1,"enemies":"conspire:RoseBush","floor":5,"turns":3},{"damage":19,"enemies":"3 Sentries","floor":7,"turns":8},{"damage":44,"enemies":"Gremlin Nob","floor":12,"turns":4}],"seed_played":"-935034934599218376","potions_obtained":[{"floor":0,"key":"Weak Potion"},{"floor":0,"key":"Fruit Juice"},{"floor":0,"key":"blueLaboratory:ConsumingVoid"},{"floor":7,"key":"blueLaboratory:SystemWipe"}],"is_trial":false,"path_per_floor":["M","?","T","M","M","R","E","R","T","R","?","E"],"character_chosen":"DEFECT","items_purchased":[],"campfire_rested":0,"item_purchase_floors":[],"current_hp_per_floor":[46,51,51,51,50,50,31,31,31,31,31,0,0],"gold":193,"neow_bonus":"THREE_SMALL_POTIONS","is_daily":false,"chose_seed":false,"campfire_upgraded":3,"win_rate":0.0,"timestamp":1608236622,"path_taken":["M","?","?","M","?","R","E","R","T","R","?","E"],"items_purchased_type":[],"build_version":"2020-12-13","purchased_purges":0,"victory":false,"max_hp_per_floor":[71,76,76,76,76,76,76,76,76,76,76,81,81],"relic_stats":{"counters":[5,22],"obtain_stats":[{"halation:IllGainedPizza":3,"infinitespire:EmpoweringShard":7,"Frozen Egg 2":9,"hubris:Towel":11,"Cracked Core":0},{"halation:IllGainedPizza":1,"infinitespire:EmpoweringShard":4,"Frozen Egg 2":4,"hubris:Towel":4,"Cracked Core":0},{"halation:IllGainedPizza":4,"infinitespire:EmpoweringShard":18,"Frozen Egg 2":18,"hubris:Towel":18,"Cracked Core":0}]},"card_choices":[{"not_picked":["Compile Driver","Go for the Eyes"],"picked":"Cold Snap","floor":1},{"not_picked":["Stack","BootSequence","Rebound"],"picked":"SKIP","floor":4},{"not_picked":["Compile Driver","Auto Shields"],"picked":"Echo Form","floor":5},{"not_picked":["Undo","Turbo"],"picked":"Conserve Battery","floor":7}],"player_experience":1062025,"relics_obtained":[{"floor":3,"key":"halation:IllGainedPizza"},{"floor":7,"key":"infinitespire:EmpoweringShard"},{"floor":9,"key":"Frozen Egg 2"}],"event_choices":[{"damage_healed":0,"gold_gain":0,"player_choice":"Donut","damage_taken":0,"max_hp_gain":5,"max_hp_loss":0,"event_name":"Big Fish","floor":2,"gold_loss":0}],"is_beta":false,"boss_relics":[],"items_purged_floors":[],"is_endless":false,"potions_floor_spawned":[1,7],"killed_by":"Gremlin Nob","ascension_level":15}}