{"host":"y89x8uui45kcjy42","time":1608164267,"event":{"mods":["2.2 Compatiblity","BaseMod","CapriCore","Colored Map","Colored Powertips","Custom Start","Friendly Minions","Highlight Path","Keyboard Shortcuts","Minty Spire (QoL Compilation)","Relic Stats","Slay the Relics Exporter","StSLib","SuperFastMode","Waifu the Spire"],"gold_per_floor":[111,111,36,46,46,46,80,80,156,170,199,199,213,245,245,322,322,336,316,331,381,381,381,381,381],"floor_reached":24,"playtime":485,"items_purged":[],"score":474,"play_id":"73e22b01-1ef3-429a-88ac-c5b88c121937","local_time":"20201217091747","is_ascension_mode":true,"campfire_choices":[{"data":"Deadly Poison","floor":6,"key":"SMITH"},{"data":"Bouncing Flask","floor":8,"key":"SMITH"},{"data":"Neutralize","floor":12,"key":"SMITH"},{"floor":15,"key":"REST"},{"data":"Phantasmal Killer","floor":23,"key":"SMITH"}],"circlet_count":0,"master_deck":["AscendersBane","Strike_G","Strike_G","Strike_G","Defend_G","Defend_G+1","Defend_G","Defend_G","Survivor","Neutralize+1","PiercingWail","Deadly Poison+1","Bouncing Flask+1","Bane+1","Slice+1","Corpse Explosion","Phantasmal Killer+1","Grand Finale+1"],"relics":["Ring of the Snake","NeowsBlessing","Molten Egg 2","WingedGreaves","Letter Opener","MealTicket","Pen Nib","Cursed Key"],"acts_visited":["Exordium","TheCity"],"potions_floor_usage":[11,11,18,24,24],"damage_taken":[{"damage":0,"enemies":"2 Louse","floor":1,"turns":1},{"damage":0,"enemies":"Jaw Worm","floor":4,"turns":1},{"damage":0,"enemies":"3 Sentries","floor":7,"turns":2},{"damage":0,"enemies":"Cultist","floor":10,"turns":3},{"damage":27,"enemies":"Gremlin Nob","floor":11,"turns":4},{"damage":0,"enemies":"Blue Slaver","floor":13,"turns":3},{"damage":8,"enemies":"Lagavulin","floor":14,"turns":7},{"damage":2,"enemies":"The Guardian","floor":16,"turns":8},{"damage":0,"enemies":"2 Thieves","floor":18,"turns":2},{"damage":15,"enemies":"Chosen","floor":20,"turns":5},{"damage":43,"enemies":"Book of Stabbing","floor":24,"turns":4}],"seed_played":"-4827382766645064430","potions_obtained":[{"floor":4,"key":"Swift Potion"},{"floor":7,"key":"EssenceOfSteel"},{"floor":14,"key":"GamblersBrew"},{"floor":18,"key":"Energy Potion"},{"floor":19,"key":"ColorlessPotion"}],"is_trial":false,"path_per_floor":["M","?","?","M","T","R","E","R","T","M","E","R","M","E","R","B",null,"M","?","M","?","?","R","E"],"character_chosen":"THE_SILENT","items_purchased":[],"campfire_rested":1,"item_purchase_floors":[],"current_hp_per_floor":[59,39,39,39,39,39,39,39,39,39,12,12,12,4,23,21,55,55,55,40,40,40,40,0,0],"gold":381,"neow_bonus":"THREE_ENEMY_KILL","is_daily":false,"chose_seed":false,"campfire_upgraded":4,"win_rate":0.0,"timestamp":1608164267,"path_taken":["M","?","?","M","?","R","E","R","T","?","E","R","?","E","R","BOSS","M","?","?","?","?","R","E"],"items_purchased_type":[],"build_version":"2020-12-13","purchased_purges":0,"victory":false,"max_hp_per_floor":[66,66,66,66,66,66,66,66,66,66,66,66,66,66,66,66,66,66,66,66,66,66,66,66,66],"relic_stats":{"counters":[11,40],"MealTicket":0,"Pen Nib":[2],"Letter Opener":[50],"Cursed Key":0,"obtain_stats":[{"NeowsBlessing":0,"Molten Egg 2":5,"MealTicket":11,"WingedGreaves":7,"Pen Nib":14,"Letter Opener":9,"Cursed Key":17,"Ring of the Snake":0},{"NeowsBlessing":0,"Molten Egg 2":2,"MealTicket":5,"WingedGreaves":3,"Pen Nib":7,"Letter Opener":3,"Cursed Key":8,"Ring of the Snake":0},{"NeowsBlessing":0,"Molten Egg 2":2,"MealTicket":11,"WingedGreaves":4,"Pen Nib":21,"Letter Opener":4,"Cursed Key":29,"Ring of the Snake":0}],"Ring of the Snake":[22]},"card_choices":[{"not_picked":["Sucker Punch","Endless Agony"],"picked":"PiercingWail","floor":1},{"not_picked":["Flechettes","Outmaneuver"],"picked":"Deadly Poison","floor":4},{"not_picked":["Catalyst","Dagger Throw+1"],"picked":"Bouncing Flask","floor":7},{"not_picked":["Backflip","Acrobatics"],"picked":"Bane+1","floor":10},{"not_picked":["Choke+1","Tactician","Doppelganger"],"picked":"SKIP","floor":11},{"not_picked":["Backflip","Masterful Stab+1"],"picked":"Slice+1","floor":13},{"not_picked":["Choke+1","Accuracy"],"picked":"Corpse Explosion","floor":14},{"not_picked":["Acrobatics","Caltrops","Dodge and Roll"],"picked":"SKIP","floor":18},{"not_picked":["Noxious Fumes","Bouncing Flask","Dagger Spray+1"],"picked":"SKIP","floor":20}],"player_experience":497616,"relics_obtained":[{"floor":5,"key":"Molten Egg 2"},{"floor":7,"key":"WingedGreaves"},{"floor":9,"key":"Letter Opener"},{"floor":11,"key":"MealTicket"},{"floor":14,"key":"Pen Nib"}],"event_choices":[{"damage_healed":0,"gold_gain":0,"player_choice":"Entered Light","damage_taken":20,"max_hp_gain":0,"max_hp_loss":0,"event_name":"Shining Light","floor":2,"gold_loss":0,"cards_upgraded":["Strike_G","Defend_G"]},{"cards_removed":["Strike_G"],"damage_healed":0,"gold_gain":0,"player_choice":"Card Removal","damage_taken":0,"max_hp_gain":0,"max_hp_loss":0,"event_name":"The Cleric","floor":3,"gold_loss":75},{"damage_healed":0,"gold_gain":0,"player_choice":"Bought 1 Potion","damage_taken":0,"max_hp_gain":0,"max_hp_loss":0,"event_name":"The Woman in Blue","floor":19,"gold_loss":0},{"damage_healed":0,"gold_gain":50,"player_choice":"Stole From Cult","damage_taken":0,"max_hp_gain":0,"max_hp_loss":0,"event_name":"Nest","floor":21,"gold_loss":0},{"damage_healed":0,"gold_gain":0,"cards_transformed":["Strike_G","Defend_G"],"player_choice":"Became Test Subject","damage_taken":0,"max_hp_gain":0,"max_hp_loss":0,"event_name":"Drug Dealer","floor":22,"gold_loss":0,"cards_obtained":["Phantasmal Killer","Grand Finale"]}],"is_beta":false,"boss_relics":[{"not_picked":["Ectoplasm","SlaversCollar"],"picked":"Cursed Key"}],"items_purged_floors":[],"is_endless":false,"potions_floor_spawned":[4,7,14,18],"killed_by":"Book of Stabbing","ascension_level":20}}