{"host":"90jl2h70xtuoeg0i","time":1608177890,"event":{"mods":["AchievementEnabler","BaseMod","Colored Map","Colored Powertips","Minty Spire (QoL Compilation)","Relic Stats","ojb\u0027s Better Paths Mod","ojb\u0027s Info Mod"],"gold_per_floor":[109,121,182,198,198,198,223,223,223,235,235,235],"floor_reached":11,"playtime":1370,"items_purged":[],"score":146,"play_id":"0923250a-fd0e-4016-b032-a8a1e231cbac","local_time":"20201216230450","is_ascension_mode":true,"campfire_choices":[{"data":"Predator","floor":6,"key":"SMITH"},{"floor":8,"key":"REST"}],"circlet_count":0,"master_deck":["AscendersBane","Strike_G","Strike_G","Strike_G","Strike_G","Strike_G","Defend_G","Defend_G","Defend_G","Defend_G","Defend_G","Survivor","Neutralize","Catalyst","Predator+1","Crippling Poison","Sucker Punch"],"relics":["SlaversCollar","Art of War","HornCleat"],"acts_visited":["Exordium"],"potions_floor_usage":[7,10],"damage_taken":[{"damage":2,"enemies":"Jaw Worm","floor":1,"turns":4},{"damage":8,"enemies":"Small Slimes","floor":2,"turns":7},{"damage":0,"enemies":"Cultist","floor":4,"turns":4},{"damage":18,"enemies":"3 Sentries","floor":7,"turns":9},{"damage":14,"enemies":"Large Slime","floor":10,"turns":8},{"damage":40,"enemies":"Gremlin Nob","floor":11,"turns":4}],"seed_played":"-3456928716973933702","potions_obtained":[{"floor":1,"key":"Explosive Potion"},{"floor":2,"key":"FearPotion"}],"is_trial":false,"path_per_floor":["M","M","?","M","?","R","E","R","T","M","E"],"character_chosen":"THE_SILENT","items_purchased":[],"campfire_rested":1,"item_purchase_floors":[],"current_hp_per_floor":[57,49,49,49,49,49,31,50,50,36,0,0],"gold":235,"neow_bonus":"BOSS_RELIC","is_daily":false,"chose_seed":false,"campfire_upgraded":1,"win_rate":0.0,"timestamp":1608177890,"path_taken":["M","M","?","M","?","R","E","R","T","M","E"],"items_purchased_type":[],"build_version":"2020-12-13","purchased_purges":0,"victory":false,"max_hp_per_floor":[66,66,66,66,66,66,66,66,66,66,66,66],"relic_stats":{"counters":[6,36],"Art of War":[0],"obtain_stats":[{"SlaversCollar":0,"HornCleat":9,"Art of War":7,"Ring of the Snake":0},{"SlaversCollar":0,"HornCleat":4,"Art of War":4,"Ring of the Snake":0},{"SlaversCollar":0,"HornCleat":24,"Art of War":24,"Ring of the Snake":0}]},"card_choices":[{"not_picked":["PiercingWail","Dagger Throw"],"picked":"Catalyst","floor":1},{"not_picked":["Dodge and Roll","Outmaneuver"],"picked":"Predator","floor":2},{"not_picked":["Outmaneuver","Bane"],"picked":"Crippling Poison","floor":4},{"not_picked":["A Thousand Cuts","Skewer"],"picked":"Sucker Punch","floor":7},{"not_picked":["Sucker Punch","Blur","Prepared"],"picked":"SKIP","floor":10}],"player_experience":1336061,"relics_obtained":[{"floor":7,"key":"Art of War"},{"floor":9,"key":"HornCleat"}],"event_choices":[{"damage_healed":0,"gold_gain":61,"player_choice":"Gained Gold","damage_taken":0,"max_hp_gain":0,"max_hp_loss":0,"event_name":"Golden Wing","floor":3,"gold_loss":0},{"damage_healed":0,"gold_gain":0,"player_choice":"Got Potions","damage_taken":0,"max_hp_gain":0,"max_hp_loss":0,"event_name":"Lab","floor":5,"gold_loss":0}],"is_beta":false,"boss_relics":[],"items_purged_floors":[],"is_endless":false,"potions_floor_spawned":[1,2],"killed_by":"Gremlin Nob","ascension_level":20}}