{"host":"1a32ffxog1zcqoh0","time":1608186090,"event":{"mods":["BaseMod","Block Reminder","Colored Map","Colored Powertips","Googly Eyes","Minty Spire (QoL Compilation)","Quick Restart","Rare Cards Sparkle","Relic Stats","StSLib","Unceasing Turn Reminder","everything is the same but u backflip on backflip","slay the spire mod where everything is the same but ironclad has a cowboy hat"],"gold_per_floor":[17,17,40,59,77,112,130,155,155,174,174,349,299,309,309,409,409,420,420,30,46,46,71,71,81,136,136,146,164,164,164],"floor_reached":30,"playtime":1699,"items_purged":["Doubt"],"score":328,"play_id":"0fe4ed18-7531-4416-bca9-55fcd986503a","local_time":"20201217012130","is_ascension_mode":true,"campfire_choices":[{"floor":11,"key":"REST"},{"floor":15,"key":"REST"},{"floor":24,"key":"REST"},{"floor":27,"key":"REST"}],"circlet_count":0,"master_deck":["Strike_G","Strike_G","Strike_G","Strike_G","Defend_G","Defend_G","Defend_G","Defend_G","Defend_G","Survivor","Neutralize","Setup+1","Poisoned Stab","Sucker Punch","Terror","Blade Dance","Deflect","Deadly Poison","Noxious Fumes","Bullet Time","Dagger Spray+1","Noxious Fumes+1","Swift Strike","Sucker Punch","Catalyst","Footwork","Sucker Punch","Deadly Poison"],"relics":["Ring of the Snake","Regal Pillow","Kunai","Snake Skull","The Courier","SacredBark","Tiny Chest","Paper Crane","Blue Candle","Omamori"],"acts_visited":["Exordium","TheCity"],"potions_floor_usage":[6,7,10,23,30,30],"damage_taken":[{"damage":2,"enemies":"Jaw Worm","floor":1,"turns":5},{"damage":5,"enemies":"Cultist","floor":4,"turns":5},{"damage":2,"enemies":"2 Louse","floor":5,"turns":3},{"damage":51,"enemies":"3 Sentries","floor":6,"turns":13},{"damage":0,"enemies":"2 Fungi Beasts","floor":7,"turns":3},{"damage":7,"enemies":"Gremlin Nob","floor":8,"turns":3},{"damage":3,"enemies":"3 Louse","floor":10,"turns":3},{"damage":7,"enemies":"Lots of Slimes","floor":14,"turns":6},{"damage":56,"enemies":"Slime Boss","floor":16,"turns":11},{"damage":9,"enemies":"3 Byrds","floor":18,"turns":4},{"damage":21,"enemies":"2 Thieves","floor":21,"turns":4},{"damage":18,"enemies":"Gremlin Leader","floor":23,"turns":6},{"damage":39,"enemies":"Snake Plant","floor":25,"turns":5},{"damage":31,"enemies":"Centurion and Healer","floor":28,"turns":7},{"damage":24,"enemies":"Sentry and Sphere","floor":29,"turns":5},{"damage":17,"enemies":"3 Cultists","floor":30,"turns":3}],"seed_played":"9182140402321662783","potions_obtained":[{"floor":4,"key":"Swift Potion"},{"floor":6,"key":"Energy Potion"},{"floor":8,"key":"AttackPotion"},{"floor":16,"key":"Weak Potion"},{"floor":21,"key":"PowerPotion"},{"floor":28,"key":"FearPotion"},{"floor":29,"key":"Explosive Potion"}],"is_trial":false,"path_per_floor":["M","?","T","M","M","E","M","E","T","M","R","?","?","M","R","B",null,"M","?","$","M","?","E","R","M","T","R","M","M","M"],"character_chosen":"THE_SILENT","items_purchased":["Noxious Fumes","Paper Crane","Swift Strike"],"campfire_rested":4,"item_purchase_floors":[20,20,20],"current_hp_per_floor":[82,82,82,77,75,24,24,17,17,14,54,54,54,47,84,28,70,61,61,61,40,40,22,62,23,23,63,32,8,0,0],"gold":164,"neow_bonus":"TWENTY_PERCENT_HP_BONUS","is_daily":false,"chose_seed":false,"campfire_upgraded":0,"win_rate":0.0,"timestamp":1608186090,"path_taken":["M","?","?","?","?","E","M","E","T","M","R","?","?","M","R","BOSS","M","?","$","?","?","E","R","M","T","R","M","?","M"],"items_purchased_type":["Card","Relic","Card"],"build_version":"2020-12-13","purchased_purges":1,"victory":false,"max_hp_per_floor":[84,84,84,84,84,84,84,84,84,84,84,84,84,84,84,84,84,84,84,84,84,84,84,84,84,84,84,84,84,84,84],"relic_stats":{"Regal Pillow":57,"counters":[16,86],"Blue Candle":[0],"Tiny Chest":0,"Snake Skull":[82],"Kunai":[23],"obtain_stats":[{"Regal Pillow":3,"SacredBark":17,"Blue Candle":23,"Tiny Chest":19,"Snake Skull":8,"The Courier":9,"Omamori":26,"Kunai":6,"Paper Crane":20,"Ring of the Snake":0},{"Regal Pillow":1,"SacredBark":9,"Blue Candle":12,"Tiny Chest":10,"Snake Skull":6,"The Courier":6,"Omamori":13,"Kunai":4,"Paper Crane":10,"Ring of the Snake":0},{"Regal Pillow":5,"SacredBark":52,"Blue Candle":66,"Tiny Chest":56,"Snake Skull":32,"The Courier":32,"Omamori":71,"Kunai":26,"Paper Crane":56,"Ring of the Snake":0}],"Ring of the Snake":[32]},"card_choices":[{"not_picked":["Dodge and Roll","Flechettes"],"picked":"Setup","floor":1},{"not_picked":["Dodge and Roll","Dagger Spray"],"picked":"Poisoned Stab","floor":4},{"not_picked":["Riddle With Holes","Flying Knee"],"picked":"Sucker Punch","floor":5},{"not_picked":["Finisher","Calculated Gamble"],"picked":"Terror","floor":6},{"not_picked":["Skewer","Eviscerate"],"picked":"Blade Dance","floor":7},{"not_picked":["Footwork","PiercingWail"],"picked":"Deflect","floor":8},{"not_picked":["Backflip","Blade Dance"],"picked":"Deadly Poison","floor":10},{"not_picked":["Backstab","Dodge and Roll"],"picked":"Noxious Fumes","floor":14},{"not_picked":["Grand Finale","Malaise"],"picked":"Bullet Time","floor":16},{"not_picked":["Outmaneuver","Setup+1"],"picked":"Dagger Spray+1","floor":18},{"not_picked":["Caltrops+1","Masterful Stab"],"picked":"Sucker Punch","floor":21},{"not_picked":["Setup+1","Flying Knee"],"picked":"Catalyst","floor":23},{"not_picked":["Dagger Spray+1","PiercingWail"],"picked":"Footwork","floor":25},{"not_picked":["Reflex","Flying Knee+1"],"picked":"Sucker Punch","floor":28},{"not_picked":["Masterful Stab","Footwork"],"picked":"Deadly Poison","floor":29}],"player_experience":231580,"relics_obtained":[{"floor":3,"key":"Regal Pillow"},{"floor":6,"key":"Kunai"},{"floor":8,"key":"Snake Skull"},{"floor":9,"key":"The Courier"},{"floor":23,"key":"Blue Candle"},{"floor":26,"key":"Omamori"}],"event_choices":[{"damage_healed":0,"gold_gain":0,"player_choice":"Grow","damage_taken":0,"max_hp_gain":0,"max_hp_loss":0,"event_name":"Living Wall","floor":2,"gold_loss":0,"cards_upgraded":["Setup"]},{"damage_healed":0,"gold_gain":175,"player_choice":"AGREE","damage_taken":0,"max_hp_gain":0,"max_hp_loss":0,"event_name":"Liars Game","floor":12,"gold_loss":0,"cards_obtained":["Doubt"]},{"cards_removed":["Strike_G"],"damage_healed":0,"gold_gain":0,"player_choice":"Card Removal","damage_taken":0,"max_hp_gain":0,"max_hp_loss":0,"event_name":"The Cleric","floor":13,"gold_loss":50},{"damage_healed":0,"gold_gain":0,"player_choice":"Gave Potion","damage_taken":0,"relics_obtained":["Tiny Chest"],"max_hp_gain":0,"max_hp_loss":0,"event_name":"WeMeetAgain","floor":19,"gold_loss":0},{"damage_healed":0,"gold_gain":0,"player_choice":"Upgraded","damage_taken":0,"max_hp_gain":0,"max_hp_loss":0,"event_name":"Upgrade Shrine","floor":22,"gold_loss":0,"cards_upgraded":["Noxious Fumes"]}],"is_beta":false,"boss_relics":[{"not_picked":["Velvet Choker","HoveringKite"],"picked":"SacredBark"}],"items_purged_floors":[20],"is_endless":false,"potions_floor_spawned":[4,6,8,16,21,28,29],"killed_by":"3 Cultists","ascension_level":5}}