{"host":"5gc11emcm5chfr5t","time":1608243357,"event":{"mods":["2.2 Compatiblity","AchievementEnabler","BaseMod","Bestiary","Better Note","Colored Map","Colored Powertips","Downfall","Googly Eyes","Minty Spire (QoL Compilation)","Rare Cards Sparkle","StSLib"],"gold_per_floor":[99,126,51,51,51,79,79,79,93,125,137,122,135,154,166,266,266,191,213,213,232,232,276,300,147,72,97,120,120,202,220,299,435,435,435,50,50,95,95,109,109,176,176,206,283,283,3,20,44,62,62,103,0,0,0],"floor_reached":56,"playtime":8454,"items_purged":[],"score":2078,"play_id":"28e71507-76f8-4b8c-8d8b-eff142a904ee","local_time":"20201217171557","is_ascension_mode":true,"campfire_choices":[{"floor":1,"key":"RECALL"},{"data":"sneckomod:SnekBite","floor":3,"key":"SMITH"},{"data":"sneckomod:GlitteringGambit","floor":18,"key":"SMITH"},{"data":"sneckomod:Restock","floor":20,"key":"SMITH"},{"data":"expansioncontent:LastStand","floor":26,"key":"SMITH"},{"data":"Magnetism","floor":35,"key":"SMITH"},{"data":"Mayhem","floor":39,"key":"SMITH"},{"data":"sneckomod:DiceBoulder","floor":43,"key":"SMITH"},{"data":"sneckomod:Restock","floor":54,"key":"SMITH"}],"circlet_count":0,"master_deck":["AscendersBane","sneckomod:TailWhip","sneckomod:SnekBite+1","sneckomod:Unknown","sneckomod:Unknown","sneckomod:SlitherStrike","sneckomod:WideSting","sneckomod:Restock+1","sneckomod:DangerNoodle","sneckomod:CheapStock","sneckomod:UnknownUncommonSkill","sneckomod:QuickMove","sneckomod:MorePower","sneckomod:UnknownUncommonAttack+1","sneckomod:UnknownCommonSkill","sneckomod:UnknownDexterity","sneckomod:UnknownStrike+1","sneckomod:Nope","sneckomod:Unknown3Cost+1","sneckomod:GlitteringGambit+1","sneckomod:SoulCleanse","sneckomod:UnknownRarePower","sneckomod:UnknownStrength+1","sneckomod:UnknownDexterity+1","expansioncontent:LastStand+1","Magnetism+1","sneckomod:Unknown3Cost+1","sneckomod:DiceBoulder+1","sneckomod:UnknownColorless+1","sneckomod:UnknownRareSkill","sneckomod:SoulExchange","sneckomod:MasterEye","sneckomod:UnknownCommonAttack","sneckomod:Restock","sneckomod:Cheat","sneckomod:DiceBlock","sneckomod:UnknownClassRED","Mayhem+1","sneckomod:UnknownRareAttack","Pain","sneckomod:TrashToTreasure","sneckomod:Restock+1","expansioncontent:GoopSpray","expansioncontent:DarkVoid","expansioncontent:Chronoboost","sneckomod:SnekBeam","sneckomod:SoulRoll+1","sneckomod:UnknownDexterity+1","sneckomod:DangerNoodle"],"relics":["sneckomod:SneckoSoul","downfall:HeartsMalice","Gambling Chip","downfall:HeartBlessingRed","Mummified Hand","Eternal Feather","TungstenRod","Snecko Eye","downfall:HeartBlessingGreen","downfall:HeartBlessingBlue","Strawberry","InkBottle","Pandora\u0027s Box","sneckomod:SleevedAce","Ornamental Fan","WarpedTongs","Happy Flower","Sundial","Vajra","MealTicket","Membership Card","sneckomod:ConfusingCodex","Nunchaku","Akabeko"],"acts_visited":["Exordium","TheCity","TheBeyond","TheEnding"],"potions_floor_usage":[9,10,10,11,16,16,16,21,25,31,33,40,44,50,50,52,55],"damage_taken":[{"damage":0,"enemies":"Gremlin Nob","floor":2,"turns":1},{"damage":0,"enemies":"Small Slimes","floor":4,"turns":1},{"damage":0,"enemies":"Cultist","floor":5,"turns":1},{"damage":25,"enemies":"3 Sentries","floor":6,"turns":4},{"damage":7,"enemies":"Jaw Worm","floor":9,"turns":2},{"damage":18,"enemies":"Gremlin Nob","floor":10,"turns":3},{"damage":0,"enemies":"Blue Slaver","floor":11,"turns":2},{"damage":0,"enemies":"downfall:FleeingMerchant","floor":12,"turns":4},{"damage":2,"enemies":"Exordium Thugs","floor":13,"turns":4},{"damage":0,"enemies":"2 Fungi Beasts","floor":14,"turns":2},{"damage":3,"enemies":"Blue Slaver","floor":15,"turns":5},{"damage":31,"enemies":"downfall:Ironclad","floor":16,"turns":4},{"damage":3,"enemies":"Chosen","floor":19,"turns":2},{"damage":2,"enemies":"3 Byrds","floor":21,"turns":3},{"damage":5,"enemies":"Centurion and Healer","floor":23,"turns":3},{"damage":5,"enemies":"downfall:FleeingMerchant","floor":25,"turns":4},{"damage":17,"enemies":"Gremlin Leader","floor":27,"turns":7},{"damage":10,"enemies":"Sentry and Sphere","floor":28,"turns":3},{"damage":12,"enemies":"Snecko","floor":30,"turns":3},{"damage":5,"enemies":"Chosen and Byrds","floor":31,"turns":3},{"damage":0,"enemies":"3 Cultists","floor":32,"turns":2},{"damage":6,"enemies":"downfall:Defect","floor":33,"turns":6},{"damage":0,"enemies":"downfall:FleeingMerchant","floor":36,"turns":4},{"damage":0,"enemies":"Giant Head","floor":38,"turns":4},{"damage":0,"enemies":"3 Darklings","floor":40,"turns":2},{"damage":14,"enemies":"Reptomancer","floor":42,"turns":2},{"damage":20,"enemies":"Giant Head","floor":44,"turns":6},{"damage":0,"enemies":"3 Shapes","floor":45,"turns":2},{"damage":0,"enemies":"Jaw Worm Horde","floor":48,"turns":1},{"damage":27,"enemies":"Writhing Mass","floor":49,"turns":3},{"damage":15,"enemies":"downfall:Watcher","floor":50,"turns":5},{"damage":0,"enemies":"downfall:CharBossMerchant","floor":52,"turns":5},{"damage":4,"enemies":"downfall:NeowBoss","floor":55,"turns":14}],"seed_played":"7744812606090406498","potions_obtained":[{"floor":9,"key":"EntropicBrew"},{"floor":10,"key":"FearPotion"},{"floor":11,"key":"BlessingOfTheForge"},{"floor":15,"key":"SteroidPotion"},{"floor":16,"key":"champ:CounterPotion"},{"floor":23,"key":"Slimebound:ThreeZeroPotion"},{"floor":27,"key":"Weak Potion"},{"floor":28,"key":"AttackPotion"},{"floor":32,"key":"CultistPotion"},{"floor":42,"key":"sneckomod:MuddlingPotion"},{"floor":44,"key":"sneckomod:MuddlingPotion"},{"floor":45,"key":"sneckomod:MuddlingPotion"},{"floor":52,"key":"ColorlessPotion"}],"is_trial":false,"path_per_floor":["R","E","R","M","M","E","T","?","M","E","M","$","M","M","M","B",null,"R","M","R","M","?","M","T","$","R","E","M","?","M","M","M","B",null,"R","$","?","E","R","M","T","E","R","E","M","?","$","M","M","B",null,"E","$","R","B",null],"character_chosen":"THE_SNECKO","items_purchased":["expansioncontent:LastStand","Magnetism","sneckomod:SleevedAce","Mayhem","sneckomod:UnknownRareAttack","Ornamental Fan","Explosive Potion","Membership Card","sneckomod:ConfusingCodex","Akabeko","BlessingOfTheForge"],"campfire_rested":0,"item_purchase_floors":[25,25,36,36,36,36,36,47,47,53,53],"current_hp_per_floor":[81,81,81,81,81,58,58,58,51,34,34,34,34,35,33,3,73,88,85,96,95,96,92,92,88,110,101,91,91,79,75,76,70,110,122,123,123,123,123,123,123,123,123,103,103,94,109,109,82,67,109,110,124,124,120],"gold":0,"neow_bonus":"THREE_ENEMY_KILL","is_daily":false,"chose_seed":false,"campfire_upgraded":8,"win_rate":0.0,"timestamp":1608243357,"path_taken":["R","E","R","M","M","E","T","?","M","E","M","$","?","M","M","BOSS","R","M","R","M","?","M","T","$","R","E","?","?","M","M","M","BOSS","R","$","?","E","R","M","T","E","R","E","?","?","$","M","M","BOSS","E","$","R","BOSS"],"items_purchased_type":["Card","Card","Relic","Card","Card","Relic","Potion","Relic","Relic","Relic","Potion"],"build_version":"2020-12-13","purchased_purges":0,"victory":true,"max_hp_per_floor":[90,90,90,90,90,90,90,90,90,91,91,91,93,94,95,96,96,96,96,96,97,98,99,99,100,110,118,118,118,118,119,120,120,122,122,123,123,123,123,123,123,123,123,123,123,123,123,123,123,123,123,124,124,124,124],"card_choices":[{"not_picked":["sneckomod:UnknownCommonSkill","sneckomod:UnknownEthereal"],"picked":"sneckomod:SlitherStrike","floor":2},{"not_picked":["sneckomod:IronFang","sneckomod:SlitherStrike"],"picked":"sneckomod:WideSting","floor":4},{"not_picked":["sneckomod:DiceBoulder","sneckomod:QuickBite"],"picked":"sneckomod:Restock","floor":5},{"not_picked":["sneckomod:UnknownClassPURPLE","sneckomod:UnknownClassTHE_CHAMP_GRAY"],"picked":"sneckomod:DangerNoodle","floor":6},{"not_picked":["sneckomod:DiceCrush","sneckomod:SoulRoll"],"picked":"sneckomod:CheapStock","floor":9},{"not_picked":["sneckomod:UnknownClassSLIMEBOUND","sneckomod:DiceBlock"],"picked":"sneckomod:UnknownUncommonSkill","floor":10},{"not_picked":["sneckomod:UnknownWeak","sneckomod:SoulDraw"],"picked":"sneckomod:QuickMove","floor":11},{"not_picked":["sneckomod:Mudshield","sneckomod:WideSting"],"picked":"sneckomod:MorePower","floor":12},{"not_picked":["sneckomod:UnknownX+1","sneckomod:UnknownClassTHE_CHAMP_GRAY+1"],"picked":"sneckomod:UnknownUncommonAttack+1","floor":13},{"not_picked":["sneckomod:DiceCrush","sneckomod:QuickBite"],"picked":"sneckomod:UnknownCommonSkill","floor":13},{"not_picked":["sneckomod:UnknownClassTHE_CHAMP_GRAY","sneckomod:Unknown0Cost"],"picked":"sneckomod:UnknownDexterity","floor":14},{"not_picked":["sneckomod:UnknownClassBLUE+1","sneckomod:UnknownCommonSkill+1"],"picked":"sneckomod:UnknownStrike+1","floor":15},{"not_picked":["sneckomod:UnknownClassSLIMEBOUND","sneckomod:DiceBlock"],"picked":"sneckomod:Nope","floor":15},{"not_picked":["sneckomod:Unknown0Cost+1","sneckomod:UnknownStrength+1"],"picked":"sneckomod:Unknown3Cost+1","floor":16},{"not_picked":["sneckomod:Restock","sneckomod:MorePower"],"picked":"sneckomod:GlitteringGambit","floor":16},{"not_picked":["sneckomod:UnknownClassBLUE+1","sneckomod:Unknown1Cost","sneckomod:UnknownWeak"],"picked":"SKIP","floor":19},{"not_picked":["sneckomod:UnknownColorless+1","sneckomod:UnknownUncommonSkill+1"],"picked":"sneckomod:UnknownEthereal+1","floor":21},{"not_picked":["sneckomod:DiceCrush","sneckomod:QuickMove"],"picked":"sneckomod:SoulCleanse","floor":21},{"not_picked":["sneckomod:UnknownClassGREEN+1","sneckomod:Unknown0Cost+1"],"picked":"sneckomod:UnknownStrength+1","floor":23},{"not_picked":["sneckomod:SoulDraw","sneckomod:UnknownClassGUARDIAN","sneckomod:DiceBlock"],"picked":"SKIP","floor":23},{"not_picked":["sneckomod:UnknownUncommonAttack+1","sneckomod:UnknownClassBLUE+1"],"picked":"sneckomod:UnknownDexterity+1","floor":25},{"not_picked":["sneckomod:Nope","sneckomod:DiceBlock","sneckomod:UnknownCommonSkill"],"picked":"SKIP","floor":25},{"not_picked":["sneckomod:UnknownClassHEXA_GHOST_PURPLE+1","sneckomod:UnknownStrike+1"],"picked":"sneckomod:Unknown3Cost+1","floor":27},{"not_picked":["sneckomod:UnlimitedRolls","sneckomod:IronFang"],"picked":"sneckomod:DiceBoulder","floor":27},{"not_picked":["sneckomod:Unknown1Cost+1","sneckomod:UnknownClassBLUE+1","sneckomod:UnknownCommonSkill+1"],"picked":"SKIP","floor":28},{"not_picked":["sneckomod:UnknownClassTHE_CHAMP_GRAY","sneckomod:DiceBlock+1","sneckomod:QuickMove"],"picked":"SKIP","floor":28},{"not_picked":["sneckomod:UnknownClassSLIMEBOUND+1","sneckomod:UnknownExhaust+1","sneckomod:UnknownUncommonSkill+1"],"picked":"SKIP","floor":30},{"not_picked":["sneckomod:Unknown0Cost","sneckomod:UnknownWeak","sneckomod:DiceBlock+1"],"picked":"SKIP","floor":30},{"not_picked":["sneckomod:Unknown3Cost+1","sneckomod:UnknownClassTHE_CHAMP_GRAY+1"],"picked":"sneckomod:UnknownColorless+1","floor":31},{"not_picked":["sneckomod:DefensiveFlair","sneckomod:CheapStock","sneckomod:UnknownX+1"],"picked":"SKIP","floor":31},{"not_picked":["sneckomod:Unknown2Cost+1","sneckomod:UnknownVulnerable+1"],"picked":"sneckomod:UnknownRareSkill","floor":32},{"not_picked":["sneckomod:MorePower","sneckomod:GlitteringGambit"],"picked":"sneckomod:SoulExchange","floor":33},{"not_picked":["sneckomod:UnknownBlock+1","sneckomod:UnknownClassRED+1","sneckomod:UnknownX+1"],"picked":"SKIP","floor":36},{"not_picked":["sneckomod:SoulRoll","sneckomod:CheapStock","sneckomod:UnknownClassTHE_CHAMP_GRAY+1"],"picked":"SKIP","floor":36},{"not_picked":["sneckomod:UnknownBlock+1","sneckomod:UnknownClassSLIMEBOUND+1","sneckomod:UnknownClassPURPLE+1"],"picked":"SKIP","floor":38},{"not_picked":["sneckomod:WideSting+1","sneckomod:UnknownClassGUARDIAN","sneckomod:UnknownUncommonPower+1"],"picked":"SKIP","floor":38},{"not_picked":["sneckomod:SoulRoll","sneckomod:IronFang","sneckomod:UnknownClassGUARDIAN"],"picked":"SKIP","floor":40},{"not_picked":["sneckomod:UnknownX+1","sneckomod:Unknown1Cost+1"],"picked":"sneckomod:TrashToTreasure","floor":42},{"not_picked":["sneckomod:UnknownWeak+1","sneckomod:UnknownVulnerable+1","sneckomod:UnknownClassHEXA_GHOST_PURPLE+1"],"picked":"SKIP","floor":42},{"not_picked":["sneckomod:UnknownStrength+1","sneckomod:UnknownClassHEXA_GHOST_PURPLE+1","sneckomod:Unknown+1"],"picked":"SKIP","floor":44},{"not_picked":["sneckomod:Unknown0Cost+1","sneckomod:WideSting+1","sneckomod:QuickBite+1"],"picked":"SKIP","floor":44},{"not_picked":["sneckomod:UnknownVulnerable","sneckomod:WideSting+1"],"picked":"sneckomod:Restock","floor":45},{"not_picked":["sneckomod:Unknown0Cost+1","sneckomod:UnknownClassPURPLE+1","sneckomod:UnknownCommonSkill+1"],"picked":"SKIP","floor":45},{"not_picked":["expansioncontent:Hexaburn","expansioncontent:ManipulateTime"],"picked":"expansioncontent:GoopSpray","floor":46},{"not_picked":["expansioncontent:SlimeTackle","expansioncontent:ManipulateTime"],"picked":"expansioncontent:DarkVoid","floor":46},{"not_picked":["expansioncontent:DarkVoid","expansioncontent:FaceSlap"],"picked":"expansioncontent:Chronoboost","floor":46},{"not_picked":["sneckomod:UnknownWeak","sneckomod:UnknownBlock"],"picked":"sneckomod:SnekBeam","floor":48},{"not_picked":["sneckomod:Rotation+1","sneckomod:UnknownCommonAttack"],"picked":"sneckomod:SoulRoll+1","floor":49},{"not_picked":["sneckomod:UnknownUncommonSkill+1","sneckomod:UnknownExhaust+1","sneckomod:UnknownClassPURPLE+1"],"picked":"SKIP","floor":49},{"not_picked":["sneckomod:Unknown+1","sneckomod:UnknownUncommonSkill+1"],"picked":"sneckomod:UnknownDexterity+1","floor":52},{"not_picked":["sneckomod:Unknown0Cost","sneckomod:DiceBlock+1"],"picked":"sneckomod:DangerNoodle","floor":52}],"player_experience":404719,"relics_obtained":[{"floor":2,"key":"Gambling Chip"},{"floor":6,"key":"Mummified Hand"},{"floor":7,"key":"Eternal Feather"},{"floor":10,"key":"TungstenRod"},{"floor":27,"key":"Strawberry"},{"floor":38,"key":"Happy Flower"},{"floor":41,"key":"Sundial"},{"floor":42,"key":"Vajra"},{"floor":44,"key":"MealTicket"},{"floor":52,"key":"Nunchaku"}],"event_choices":[{"damage_healed":0,"gold_gain":0,"cards_transformed":["sneckomod:UnknownEthereal"],"player_choice":"Transformed","damage_taken":0,"max_hp_gain":0,"max_hp_loss":0,"event_name":"Transmorgrifier","floor":22,"gold_loss":0,"cards_obtained":["sneckomod:UnknownRarePower"]},{"damage_healed":0,"gold_gain":0,"player_choice":"Rummage","damage_taken":0,"relics_obtained":["WarpedTongs"],"max_hp_gain":0,"max_hp_loss":0,"event_name":"Accursed Blacksmith","floor":37,"gold_loss":0,"cards_obtained":["Pain"]}],"is_beta":false,"boss_relics":[{"not_picked":["Cursed Key","Runic Dome"],"picked":"Snecko Eye"},{"not_picked":["sneckomod:SneckoTalon","Empty Cage"],"picked":"Pandora\u0027s Box"}],"items_purged_floors":[],"is_endless":false,"potions_floor_spawned":[9,10,11,15,16,23,27,28,32,42,44,45,52],"ascension_level":10}}