{"host":"Moondoggy","time":1608232000,"event":{"mods":["2.2 Compatiblity","AchievementEnabler","Act Like it!","Aspiration","Bard","BaseMod","Beaked The Cultist","Better Altar","Better Match","Better Note","Better Sensory Stone","Better Skull","Better Third Choice","BetterRewards","Block Reminder","CapriCore","Colored Map","Colored Powertips","Downfall","Duelist Mod","Ekko","Gensokyo","GifTheSpireLib","Glutton Mod","GungeonMod","Halation","Hallownest","Hermit","Hero for Fun","Highlight Path","Hubris","Jorbs\u0027s Wanderer Trilogy","KinomotoSakuraMod(ñÿîVñ{?)","Koishi","LagranYue(ùfäiòNÅEåé)","Lobotomy","LobotomyExtend","Luminous","Mad Scientist","Magitek Elite","MarisaÅiñ∂âJÅ@ñÇóùçπÅj","Mimic Mod","Minty Spire (QoL Compilation)","Railgun Mod","Rare Cards Sparkle","ReimuÅiîé??öÎÅj","RemiliaÅiÂQïƒ‰ª?Åj","Replay The Spire","Robot Space Explorer","Shade Mod","Spicy Shops","StSLib","Td1madao Mod","The Administrix","The Alterego","The Animator","The Blackbeard","The Bug Knight","The Construct","The Cursed","The Disciple","The Dragon Tamer","The Factory","The Forsaken","The Gatherer","The Hierophant","The Immortal","The Kombatant","The Mystic","The Necromancer","The Poker Player","The Runesmith","The Senshi","The Servant 0.9.4","The Wild Card","The Witch","TheSwordswoman","WarShipGirlsR/??è≠èóR mod","Yuri Mod"],"gold_per_floor":[116,132,146,166,166,166,91,91,117,135,155,181,181,192,192,287,287,297,297,311,331,331,386,413,426,426,426,436,449,469,479,489,489,489,489,489],"floor_reached":35,"playtime":4979,"items_purged":[],"score":389,"play_id":"b8a28248-81a0-44a3-a077-ab67a4e836cf","local_time":"20201217140640","is_ascension_mode":false,"metric_token":5075,"campfire_choices":[{"floor":6.0,"key":"REST"},{"floor":8.0,"key":"RECALL"},{"data":"DTMod:DeepFocus","floor":13.0,"key":"SMITH"},{"floor":27,"key":"REST"},{"floor":33,"key":"REST"}],"dtmod_dragon_data":[0,50,1,-1,12,0],"circlet_count":0,"master_deck":["DTMod:Strike","DTMod:Strike","DTMod:Strike","DTMod:Strike","DTMod:DoubleHit","DTMod:TargetDefense","DTMod:TargetDefense","DTMod:TargetDefense","DTMod:TargetDefense","DTMod:SwitchingTactic","DTMod:BlueScale","Doubt","DTMod:DarkBreath","DTMod:MagicField+1","DTMod:BlazingStrike","DTMod:MasterPlan","DTMod:InvisibleFlame+1","DTMod:ComboAttack","DTMod:DeepFocus+1","DTMod:Coolant","DTMod:ComboAttack","DTMod:Safeguard","DTMod:HeatWave","Decay","DTMod:CleansingStrike+1","DTMod:FlameSlash","DTMod:BizarreTactic","DTMod:Training","DTMod:BlazingStrike","DTMod:QuickFly","DTMod:CleansingStrike","DTMod:Training+1","DTMod:Hide+1","DTMod:BuildUp"],"relics":["DTMod:PactStone","LagranYue:RandomDrawCardRelic","DTMod:SolidMemories","LagranYue:MagicReflectiveArmorRelic","LetterFromLob","halation:StarCompass","DemoMod:Metronome","halation:Yufonium","DemoMod:PinkGuonStone","RedMistMask","Boot","hubris:Reverence"],"acts_visited":["Exordium","Hallownest:Greenpath","Hallownest:CityofTears"],"potions_floor_usage":[35,35,35],"damage_taken":[{"damage":2.0,"enemies":"Hallownest:2_MossCreeps","floor":1.0,"turns":8.0},{"damage":0.0,"enemies":"Hallownest:2_Tiktiks_and_1_Crawlid","floor":2.0,"turns":5.0},{"damage":0.0,"enemies":"Hallownest:monsterHuskWarrior","floor":3.0,"turns":4.0},{"damage":2.0,"enemies":"Hallownest:MossCreep_and_Mosskin","floor":4.0,"turns":7.0},{"damage":0.0,"enemies":"Hallownest:2_Tiktiks_1_Baldur_1_Crawlid","floor":10.0,"turns":2.0},{"damage":0.0,"enemies":"Hallownest:1_Ooma_and_2_Uuma","floor":11.0,"turns":8.0},{"damage":0.0,"enemies":"Hallownest:eliteMossKnight","floor":12.0,"turns":13.0},{"damage":0.0,"enemies":"Hallownest:monsterFoolEater","floor":14.0,"turns":3.0},{"damage":0.0,"enemies":"Hallownest:BossFalseKnight","floor":16.0,"turns":13.0},{"damage":20,"enemies":"Hallownest:2_Mistakes","floor":18,"turns":8},{"damage":0,"enemies":"Hallownest:3_Youths","floor":20,"turns":5},{"damage":0,"enemies":"Hallownest:2_Husk_Sentries","floor":21,"turns":7},{"damage":0,"enemies":"Hallownest:Glutton_and_Coward","floor":23,"turns":5},{"damage":0,"enemies":"Hallownest:eliteWatcherKnight","floor":24,"turns":15},{"damage":0,"enemies":"Hallownest:Warrior_and_Youth","floor":25,"turns":7},{"damage":0,"enemies":"DemoMod:4_Bullet_Kins_with_one_veteran","floor":28,"turns":3},{"damage":0,"enemies":"DemoMod:2_Veteran_bullet_kins_and_red_shotgun_kin","floor":29,"turns":4},{"damage":0,"enemies":"DemoMod:Red_and_blue_shotgun_kin_with_gunsinger","floor":30,"turns":4},{"damage":0,"enemies":"DemoMod:2_Mousers","floor":31,"turns":4},{"damage":0,"enemies":"DemoMod:Veteran_shot_gun_kin_and_blue_shotgun_kin_with_gunsinger","floor":32,"turns":3},{"damage":51,"enemies":"DemoMod:ResourcefulRat","floor":35,"turns":12}],"seed_played":"3445701251971256796","potions_obtained":[{"floor":2.0,"key":"Energy Potion"},{"floor":3.0,"key":"SkillPotion"},{"floor":11.0,"key":"ZuzhouPotion:ReiMu"},{"floor":16.0,"key":"FearPotion"},{"floor":21,"key":"Guardian:BlockOnCardUsePotion"},{"floor":23,"key":"Strength Potion"},{"floor":30,"key":"LifebloodPotion"},{"floor":32,"key":"AttackPotion"}],"is_trial":false,"path_per_floor":["M","M","M","M","?","R","?","R","T","M","M","E","R","M","R_BF","B",null,"M","?","M","M","?","M","E","M","T","R","M","M","M","M","M","R","B","B"],"character_chosen":"THE_DT","items_purchased":["DTMod:InvisibleFlame","DTMod:BlueScale","DemoMod:GnawedKey","LagranYue:MagicReflectiveArmorRelic"],"campfire_rested":3,"item_purchase_floors":[0,0,0,0],"current_hp_per_floor":[33,33,33,31,31,44,44,44,44,44,44,44,44,44,45,45,45,25,32,32,32,21,21,21,21,52,52,52,52,52,52,52,52,51,0,0],"gold":489,"neow_bonus":"","is_daily":false,"chose_seed":false,"campfire_upgraded":1,"win_rate":0.0,"timestamp":1608232000,"path_taken":["M","M","?","M","?","R","?","R","T","M","M","E","R","M","R_BF","BOSS","M","?","M","M","?","M","E","?","T","R","M","M","M","M","M","R","BOSS","BOSS"],"items_purchased_type":["Card","Card","Relic","Relic"],"build_version":"2020-12-07","purchased_purges":0,"victory":false,"max_hp_per_floor":[45,45,45,45,45,45,45,45,45,45,45,45,45,45,45,45,45,45,52,52,52,52,52,52,52,52,52,52,52,52,52,52,52,52,52,52],"card_choices":[{"not_picked":["DTMod:MagicField","DTMod:Punisher"],"picked":"DTMod:DarkBreath","floor":1.0},{"not_picked":["DTMod:Weaken","DTMod:MaximumCharge"],"picked":"DTMod:MagicField","floor":2.0},{"not_picked":["DTMod:ExcessFootwork","DTMod:Weaken"],"picked":"DTMod:BlazingStrike","floor":3.0},{"not_picked":["DTMod:ShieldDrain","DTMod:BurningEnergy"],"picked":"DTMod:MasterPlan","floor":4.0},{"not_picked":["DTMod:BalancedStrike+1","DTMod:StarRain+1"],"picked":"DTMod:InvisibleFlame+1","floor":7.0},{"not_picked":["DTMod:BalancedStrike","DTMod:MasterPlan"],"picked":"DTMod:ComboAttack","floor":10.0},{"not_picked":["DTMod:BalancedStrike","DTMod:Hide"],"picked":"DTMod:DeepFocus","floor":11.0},{"not_picked":["DTMod:Weaken","DTMod:Threaten"],"picked":"DTMod:Coolant","floor":12.0},{"not_picked":["DTMod:Outburst","DTMod:RecklessFlurry"],"picked":"DTMod:ComboAttack","floor":14.0},{"not_picked":["DTMod:HeadStart","DTMod:StunTrap"],"picked":"DTMod:Safeguard","floor":16.0},{"not_picked":["DTMod:Observe","DTMod:MasterPlan"],"picked":"DTMod:HeatWave","floor":18},{"not_picked":["DTMod:ShieldDrain","DTMod:DragonDance"],"picked":"DTMod:CleansingStrike+1","floor":20},{"not_picked":["DTMod:Cover","DTMod:BalancedStrike"],"picked":"DTMod:FlameSlash","floor":21},{"not_picked":["DTMod:Punisher","DTMod:Weaken"],"picked":"DTMod:BizarreTactic","floor":23},{"not_picked":["DTMod:StarRain","DTMod:BurningEnergy"],"picked":"DTMod:Training","floor":24},{"not_picked":["DTMod:Inferno","DTMod:BurningEnergy"],"picked":"DTMod:BlazingStrike","floor":25},{"not_picked":["DTMod:GhostSkin","DTMod:Weaken"],"picked":"DTMod:QuickFly","floor":28},{"not_picked":["DTMod:BreakAttack","DTMod:PurifyingFlame+1"],"picked":"DTMod:CleansingStrike","floor":29},{"not_picked":["DTMod:MagiciansMark","DTMod:BreakAttack"],"picked":"DTMod:Training+1","floor":30},{"not_picked":["DTMod:Threaten","DTMod:MasterPlan"],"picked":"DTMod:Hide+1","floor":31},{"not_picked":["DTMod:Threaten+1","DTMod:Conduct+1"],"picked":"DTMod:BuildUp","floor":32}],"player_experience":255497,"relics_obtained":[{"floor":1.0,"key":"LetterFromLob"},{"floor":12.0,"key":"DemoMod:Metronome"},{"floor":21,"key":"RedMistMask"},{"floor":24,"key":"hubris:Reverence"}],"event_choices":[{"damage_healed":0.0,"max_hp_gain":0.0,"max_hp_loss":0.0,"gold_gain":0.0,"event_name":"betterMatch:BetterMatch","player_choice":"2","floor":7.0,"gold_loss":0.0,"damage_taken":0.0,"cards_obtained":["betterMatch:UncommonCard"]},{"damage_healed":0,"gold_gain":0,"player_choice":"RE ","damage_taken":13,"relics_obtained":["Boot"],"max_hp_gain":0,"max_hp_loss":0,"event_name":"betterSkull:BetterSkull","floor":22,"gold_loss":0,"cards_upgraded":[]}],"is_beta":true,"boss_relics":[{"not_picked":["Astrolabe","halation:MonkeysPaw"],"picked":"halation:Yufonium"}],"items_purged_floors":[],"is_endless":false,"potions_floor_spawned":[2,3,11,16,21,23,24,30,31,32],"killed_by":"DemoMod:ResourcefulRat","ascension_level":0}}