{"host":"7j4buewktimyywfk","time":1608231025,"event":{"mods":["BaseMod","Colored Powertips","Minty Spire (QoL Compilation)"],"gold_per_floor":[109,172,190,205,205,205,205,205,251,263,301,327,349,70,70,170,170,183,108,108,125,25,25,56,56,105,105,125,144,173,186,186,288,288,301,77,87,106,106,106,106,106,106,116,5,5,18,50,50,50,50],"floor_reached":50,"playtime":4582,"items_purged":["Defend_G","Doubt","Defend_G"],"score":669,"play_id":"c11712eb-aeb5-4329-93ac-cdd71c52013c","local_time":"20201217135025","is_ascension_mode":true,"campfire_choices":[{"data":"Footwork","floor":6.0,"key":"SMITH"},{"data":"Neutralize","floor":8.0,"key":"SMITH"},{"data":"Backflip","floor":10.0,"key":"SMITH"},{"floor":15.0,"key":"REST"},{"data":"Wraith Form v2","floor":23.0,"key":"SMITH"},{"data":"A Thousand Cuts","floor":25.0,"key":"SMITH"},{"data":"All Out Attack","floor":27.0,"key":"SMITH"},{"floor":32.0,"key":"REST"},{"data":"Sucker Punch","floor":40.0,"key":"SMITH"},{"data":"Crippling Poison","floor":46.0,"key":"SMITH"},{"data":"Calculated Gamble","floor":49,"key":"SMITH"}],"circlet_count":0,"master_deck":["Strike_G","Strike_G+1","Strike_G","Strike_G+1","Strike_G+1","Defend_G","Defend_G","Survivor","Neutralize+1","Backstab","Footwork+1","Backflip+1","Infinite Blades","Deflect","Blur","After Image","PiercingWail","Bandage Up","Wraith Form v2+1","Quick Slash+1","A Thousand Cuts+1","All Out Attack+1","Sucker Punch+1","Bane+1","Slice","After Image","Dagger Throw","Deflect","Prepared+1","Caltrops+1","Madness","Madness","Parasite","Blade Dance+1","Crippling Poison+1","Calculated Gamble+1","PiercingWail","Deadly Poison+1"],"relics":["Ring of the Snake","NeowsBlessing","MawBank","Pen Nib","Busted Crown","Anchor","Lantern","Whetstone","HoveringKite","White Beast Statue","Eternal Feather"],"acts_visited":["Exordium","TheCity","TheBeyond"],"potions_floor_usage":[48,50,50,50],"damage_taken":[{"damage":0.0,"enemies":"2 Louse","floor":1.0,"turns":1.0},{"damage":0.0,"enemies":"Small Slimes","floor":3.0,"turns":1.0},{"damage":0.0,"enemies":"Cultist","floor":4.0,"turns":1.0},{"damage":12.0,"enemies":"3 Sentries","floor":11.0,"turns":6.0},{"damage":2.0,"enemies":"Exordium Wildlife","floor":12.0,"turns":6.0},{"damage":0.0,"enemies":"Large Slime","floor":13.0,"turns":5.0},{"damage":27.0,"enemies":"Slime Boss","floor":16.0,"turns":14.0},{"damage":0.0,"enemies":"Chosen","floor":18.0,"turns":8.0},{"damage":0.0,"enemies":"Shell Parasite","floor":21.0,"turns":6.0},{"damage":16.0,"enemies":"Slavers","floor":24.0,"turns":5.0},{"damage":3.0,"enemies":"Snake Plant","floor":28.0,"turns":5.0},{"damage":11.0,"enemies":"Snecko","floor":29.0,"turns":5.0},{"damage":24.0,"enemies":"Book of Stabbing","floor":30.0,"turns":8.0},{"damage":11.0,"enemies":"Sentry and Sphere","floor":31.0,"turns":8.0},{"damage":0.0,"enemies":"Automaton","floor":33.0,"turns":10.0},{"damage":1.0,"enemies":"Orb Walker","floor":35.0,"turns":4.0},{"damage":5.0,"enemies":"3 Shapes","floor":37.0,"turns":5.0},{"damage":2.0,"enemies":"Transient","floor":38.0,"turns":5.0},{"damage":0.0,"enemies":"Writhing Mass","floor":44.0,"turns":8.0},{"damage":0,"enemies":"Sphere and 2 Shapes","floor":47,"turns":5},{"damage":10,"enemies":"Nemesis","floor":48,"turns":9},{"damage":88,"enemies":"Awakened One","floor":50,"turns":14}],"seed_played":"9005936995149003965","potions_obtained":[{"floor":3.0,"key":"Swift Potion"},{"floor":4.0,"key":"AttackPotion"},{"floor":11.0,"key":"BlessingOfTheForge"},{"floor":28.0,"key":"SkillPotion"},{"floor":30.0,"key":"LiquidMemories"},{"floor":31.0,"key":"EssenceOfSteel"},{"floor":33.0,"key":"Dexterity Potion"},{"floor":35.0,"key":"DistilledChaos"},{"floor":44.0,"key":"SkillPotion"},{"floor":47,"key":"Swift Potion"},{"floor":48,"key":"Weak Potion"}],"is_trial":false,"path_per_floor":["M","?","M","M","?","R","?","R","T","R","E","M","M","$","R","B",null,"M","?","?","M","$","R","E","R","T","R","M","M","E","M","R","B",null,"M","$","M","M","?","R","?","?","T","M","$","R","M","E","R","B"],"character_chosen":"THE_SILENT","items_purchased":["After Image","PiercingWail","Bandage Up","Dagger Throw","Deflect","Crippling Poison","Calculated Gamble"],"campfire_rested":2,"item_purchase_floors":[14,14,14,36,36,45,45],"current_hp_per_floor":[70,70,70,70,56,56,61,61,61,61,49,47,47,47,69,46,75,75,75,75,75,75,75,63,63,63,63,64,53,33,26,48,52,75,75,75,74,72,72,72,72,63,63,67,67,67,71,65,75,0,0],"gold":50,"neow_bonus":"THREE_ENEMY_KILL","is_daily":false,"chose_seed":false,"campfire_upgraded":9,"win_rate":0.0,"timestamp":1608231025,"path_taken":["M","?","M","M","?","R","?","R","T","R","E","M","M","$","R","BOSS","M","?","?","?","$","R","E","R","T","R","M","M","E","M","R","BOSS","M","$","M","M","?","R","?","?","T","?","$","R","M","E","R","BOSS"],"items_purchased_type":["Card","Card","Card","Card","Card","Card","Card"],"build_version":"2020-12-13","purchased_purges":3,"victory":false,"max_hp_per_floor":[70,70,70,70,70,70,75,75,75,75,75,75,75,75,75,75,75,75,75,75,75,75,75,75,75,75,75,75,75,75,75,75,75,75,75,75,75,75,75,75,75,75,75,75,75,75,75,75,75,75,75],"card_choices":[{"not_picked":["Prepared","Outmaneuver"],"picked":"Backstab","floor":1.0},{"not_picked":["Acrobatics","Quick Slash"],"picked":"Footwork","floor":3.0},{"not_picked":["Caltrops","Slice"],"picked":"Backflip","floor":4.0},{"not_picked":["Underhanded Strike","Dodge and Roll"],"picked":"Infinite Blades","floor":11.0},{"not_picked":["Quick Slash","Underhanded Strike"],"picked":"Deflect","floor":12.0},{"not_picked":["Flying Knee","Sucker Punch"],"picked":"Blur","floor":13.0},{"not_picked":["Storm of Steel","Glass Knife"],"picked":"Wraith Form v2","floor":16.0},{"not_picked":[],"picked":"Quick Slash","floor":18.0},{"not_picked":[],"picked":"All Out Attack","floor":21.0},{"not_picked":["Skewer"],"picked":"SKIP","floor":24.0},{"not_picked":[],"picked":"Sucker Punch","floor":28.0},{"not_picked":["Flechettes"],"picked":"SKIP","floor":29.0},{"not_picked":[],"picked":"Bane+1","floor":30.0},{"not_picked":[],"picked":"Slice","floor":31.0},{"not_picked":[],"picked":"After Image","floor":33.0},{"not_picked":["Skewer"],"picked":"SKIP","floor":35.0},{"not_picked":[],"picked":"Prepared+1","floor":37.0},{"not_picked":[],"picked":"Caltrops+1","floor":38.0},{"not_picked":[],"picked":"Blade Dance+1","floor":44.0},{"not_picked":[],"picked":"PiercingWail","floor":47},{"not_picked":[],"picked":"Deadly Poison+1","floor":48}],"player_experience":161387,"relics_obtained":[{"floor":9.0,"key":"MawBank"},{"floor":11.0,"key":"Pen Nib"},{"floor":24.0,"key":"Anchor"},{"floor":26.0,"key":"Lantern"},{"floor":30.0,"key":"Whetstone"},{"floor":43.0,"key":"White Beast Statue"},{"floor":48,"key":"Eternal Feather"}],"event_choices":[{"damage_healed":0.0,"max_hp_gain":0.0,"max_hp_loss":0.0,"gold_gain":63.0,"event_name":"Golden Wing","player_choice":"Gained Gold","floor":2.0,"gold_loss":0.0,"damage_taken":0.0},{"damage_healed":0.0,"max_hp_gain":0.0,"max_hp_loss":0.0,"gold_gain":0.0,"event_name":"Shining Light","player_choice":"Entered Light","floor":5.0,"gold_loss":0.0,"damage_taken":14.0,"cards_upgraded":["Strike_G","Strike_G"]},{"damage_healed":0.0,"max_hp_gain":5.0,"max_hp_loss":0.0,"gold_gain":0.0,"event_name":"Big Fish","player_choice":"Donut","floor":7.0,"gold_loss":0.0,"damage_taken":0.0},{"cards_removed":["Defend_G"],"damage_healed":0.0,"max_hp_gain":0.0,"max_hp_loss":0.0,"gold_gain":0.0,"event_name":"Beggar","player_choice":"Gave Gold","floor":19.0,"gold_loss":75.0,"damage_taken":0.0},{"damage_healed":0.0,"max_hp_gain":0.0,"max_hp_loss":0.0,"gold_gain":0.0,"event_name":"Match and Keep!","player_choice":"2 cards matched","floor":20.0,"gold_loss":0.0,"damage_taken":0.0,"cards_obtained":["Doubt","A Thousand Cuts"]},{"damage_healed":0.0,"max_hp_gain":0.0,"max_hp_loss":0.0,"gold_gain":0.0,"event_name":"Mysterious Sphere","player_choice":"Ignored","floor":39.0,"gold_loss":0.0,"damage_taken":0.0},{"damage_healed":0.0,"max_hp_gain":0.0,"max_hp_loss":0.0,"gold_gain":0.0,"event_name":"Tomb of Lord Red Mask","player_choice":"Ignored","floor":41.0,"gold_loss":0.0,"damage_taken":0.0},{"damage_healed":0.0,"max_hp_gain":0.0,"max_hp_loss":0.0,"gold_gain":0.0,"event_name":"Winding Halls","player_choice":"Embrace Madness","floor":42.0,"gold_loss":0.0,"damage_taken":9.0,"cards_obtained":["Madness","Madness"]}],"is_beta":false,"boss_relics":[{"not_picked":["Coffee Dripper","Ring of the Serpent"],"picked":"Busted Crown"},{"not_picked":["SacredBark","Pandora\u0027s Box"],"picked":"HoveringKite"}],"items_purged_floors":[14,22,36],"is_endless":false,"potions_floor_spawned":[3,4,11,28,30,31,33,35,44,47,48],"killed_by":"Awakened One","ascension_level":3}}