{"host":"utqe55yv0jihe4d6","time":1608233448,"event":{"mods":["2.2 Compatiblity","AchievementEnabler","BaseMod","Block Reminder","Colored Map","Colored Powertips","Minty Spire (QoL Compilation)","Quick Restart","Rare Cards Sparkle","Relic Stats","SuperFastMode"],"gold_per_floor":[111,32,46,46,46,46,46,74,126,51,79,97,97,116,116,193,193,209,209,209,122,22,22,22,22],"floor_reached":24,"playtime":591,"items_purged":["Strike_G","Underhanded Strike+1"],"score":400,"play_id":"21dbde5c-bcb5-483f-9999-f4fa3678eb00","local_time":"20201217143048","is_ascension_mode":true,"campfire_choices":[{"data":"Neutralize","floor":7,"key":"SMITH"},{"data":"Bouncing Flask","floor":13,"key":"SMITH"},{"floor":15,"key":"REST"},{"floor":23,"key":"REST"}],"circlet_count":0,"master_deck":["AscendersBane","Defend_G","Defend_G","Defend_G","Survivor","Neutralize+1","Flechettes","Noxious Fumes","Dagger Spray","Bouncing Flask+1","Leg Sweep","Backstab","Glass Knife","Footwork+1","Choke+1","Deadly Poison+1","Catalyst","Footwork"],"relics":["Empty Cage","GremlinMask","Bag of Marbles","Centennial Puzzle","Orichalcum","Astrolabe"],"acts_visited":["Exordium","TheCity"],"potions_floor_usage":[8,11,16,24],"damage_taken":[{"damage":0,"enemies":"Cultist","floor":1,"turns":4},{"damage":0,"enemies":"2 Louse","floor":3,"turns":4},{"damage":26,"enemies":"3 Sentries","floor":8,"turns":7},{"damage":22,"enemies":"Gremlin Nob","floor":11,"turns":4},{"damage":1,"enemies":"Small Slimes","floor":12,"turns":4},{"damage":9,"enemies":"Red Slaver","floor":14,"turns":5},{"damage":8,"enemies":"The Guardian","floor":16,"turns":9},{"damage":24,"enemies":"2 Thieves","floor":18,"turns":4},{"damage":51,"enemies":"Book of Stabbing","floor":24,"turns":7}],"seed_played":"3149642499055240648","potions_obtained":[{"floor":1,"key":"PowerPotion"},{"floor":3,"key":"AttackPotion"},{"floor":11,"key":"FearPotion"},{"floor":14,"key":"GhostInAJar"},{"floor":16,"key":"SkillPotion"}],"is_trial":false,"path_per_floor":["M","$","M","$","?","?","R","E","T","$","E","M","R","M","R","B",null,"M","?","?","$","$","R","E"],"character_chosen":"THE_SILENT","items_purchased":["Noxious Fumes","Footwork"],"campfire_rested":2,"item_purchase_floors":[2,21],"current_hp_per_floor":[59,59,59,59,59,59,59,33,33,33,11,10,10,1,20,12,53,29,29,29,29,29,48,0,0],"gold":22,"neow_bonus":"BOSS_RELIC","is_daily":false,"chose_seed":false,"campfire_upgraded":2,"win_rate":0.0,"timestamp":1608233448,"path_taken":["M","$","M","?","?","?","R","E","T","$","E","M","R","?","R","BOSS","M","?","?","?","$","R","E"],"items_purchased_type":["Card","Card"],"build_version":"2020-12-13","purchased_purges":2,"victory":false,"max_hp_per_floor":[66,66,66,66,66,66,66,66,66,66,66,66,66,66,66,66,66,66,66,66,66,66,66,66,66],"relic_stats":{"Centennial Puzzle":[18],"counters":[9,48],"Astrolabe":["Footwork","Choke","Underhanded Strike"],"Orichalcum":[66],"obtain_stats":[{"Centennial Puzzle":9,"Astrolabe":17,"GremlinMask":6,"Bag of Marbles":8,"Orichalcum":11,"Empty Cage":0,"Ring of the Snake":0},{"Centennial Puzzle":3,"Astrolabe":7,"GremlinMask":2,"Bag of Marbles":3,"Orichalcum":4,"Empty Cage":0,"Ring of the Snake":0},{"Centennial Puzzle":15,"Astrolabe":37,"GremlinMask":8,"Bag of Marbles":15,"Orichalcum":19,"Empty Cage":0,"Ring of the Snake":0}]},"card_choices":[{"not_picked":["Dodge and Roll","Backstab"],"picked":"Flechettes","floor":1},{"not_picked":["All Out Attack","Calculated Gamble"],"picked":"Dagger Spray","floor":3},{"not_picked":["Concentrate","Sucker Punch"],"picked":"Bouncing Flask","floor":8},{"not_picked":["Well Laid Plans","Flying Knee"],"picked":"Leg Sweep","floor":11},{"not_picked":["Backflip","All Out Attack","Quick Slash"],"picked":"SKIP","floor":12},{"not_picked":["Acrobatics","Distraction"],"picked":"Backstab","floor":14},{"not_picked":["Phantasmal Killer","Unload"],"picked":"Glass Knife","floor":16},{"not_picked":["Slice+1","Tactician"],"picked":"Deadly Poison+1","floor":18}],"player_experience":2787281,"relics_obtained":[{"floor":8,"key":"Bag of Marbles"},{"floor":9,"key":"Centennial Puzzle"},{"floor":11,"key":"Orichalcum"}],"event_choices":[{"damage_healed":0,"gold_gain":0,"player_choice":"Leave","damage_taken":0,"max_hp_gain":0,"max_hp_loss":0,"event_name":"The Cleric","floor":5,"gold_loss":0},{"damage_healed":0,"gold_gain":0,"player_choice":"Trade","damage_taken":0,"relics_obtained":["GremlinMask"],"max_hp_gain":0,"max_hp_loss":0,"event_name":"FaceTrader","floor":6,"gold_loss":0},{"cards_removed":["Defend_G"],"damage_healed":0,"gold_gain":0,"player_choice":"Elegance","damage_taken":0,"max_hp_gain":0,"max_hp_loss":0,"event_name":"Back to Basics","floor":19,"gold_loss":0},{"damage_healed":0,"gold_gain":0,"player_choice":"Read","damage_taken":0,"max_hp_gain":0,"max_hp_loss":0,"event_name":"The Library","floor":20,"gold_loss":0,"cards_obtained":["Catalyst"]}],"is_beta":false,"boss_relics":[{"not_picked":["HoveringKite","Runic Pyramid"],"picked":"Astrolabe"}],"items_purged_floors":[10,22],"is_endless":false,"potions_floor_spawned":[1,3,11,14,16,18],"killed_by":"Book of Stabbing","ascension_level":20}}