{"host":"s3a6hixhsg8wpq6p","time":1608210670,"event":{"mods":["BaseMod","Colored Map","Colored Powertips","DeckTracker","Minty Spire (QoL Compilation)","Relic Stats"],"gold_per_floor":[118,268,168,93,93,93,127,127,127,168,192,192,201,220,220,301,301,320,320,341,174,89,89,132,141,165,175,26,26,46,59,59,145,145,164,164,132,153,28,59,59,78,78,0,0,0,9,27,27,27],"floor_reached":51,"playtime":1892,"items_purged":["Doubt","Strike_R","Strike_R"],"score":1424,"play_id":"b39ddce5-3624-4025-8342-a96beadd36ef","local_time":"20201217141110","is_ascension_mode":true,"campfire_choices":[{"data":"Bash","floor":6.0,"key":"SMITH"},{"data":"Shockwave","floor":8.0,"key":"SMITH"},{"data":"Wild Strike","floor":12.0,"key":"SMITH"},{"data":"Feed","floor":15.0,"key":"SMITH"},{"data":"Metallicize","floor":23.0,"key":"SMITH"},{"data":"Dual Wield","floor":32.0,"key":"SMITH"},{"data":"Corruption","floor":41.0,"key":"SMITH"},{"data":"Barricade","floor":46.0,"key":"SMITH"},{"floor":49,"key":"REST"}],"circlet_count":0,"master_deck":["AscendersBane","Strike_R","Defend_R+1","Defend_R","Defend_R+1","Defend_R","Bash+1","Metallicize","Wild Strike+1","Shockwave+1","Battle Trance","Burning Pact","Feed+1","Anger","Corruption+1","Shrug It Off","Uppercut+1","Metallicize+1","Spot Weakness","Feel No Pain","Dual Wield+1","Barricade+1","Sword Boomerang","Disarm","Feel No Pain","Shrug It Off","Writhe","Burning Pact","Shrug It Off"],"relics":["Burning Blood","NeowsBlessing","Meat on the Bone","InkBottle","Bottled Flame","CeramicFish","Philosopher\u0027s Stone","Centennial Puzzle","Letter Opener","Bag of Preparation","Runic Pyramid","War Paint","Akabeko","Red Mask"],"acts_visited":["Exordium","TheCity","TheBeyond"],"potions_floor_usage":[50],"damage_taken":[{"damage":0.0,"enemies":"Small Slimes","floor":1.0,"turns":1.0},{"damage":0.0,"enemies":"Gremlin Nob","floor":7.0,"turns":1.0},{"damage":0.0,"enemies":"Lagavulin","floor":10.0,"turns":1.0},{"damage":12.0,"enemies":"Jaw Worm","floor":11.0,"turns":2.0},{"damage":1.0,"enemies":"Cultist","floor":14.0,"turns":4.0},{"damage":64.0,"enemies":"Hexaghost","floor":16.0,"turns":11.0},{"damage":7.0,"enemies":"Chosen","floor":18.0,"turns":4.0},{"damage":19.0,"enemies":"Shell Parasite","floor":20.0,"turns":4.0},{"damage":23.0,"enemies":"Book of Stabbing","floor":24.0,"turns":5.0},{"damage":9.0,"enemies":"Centurion and Healer","floor":27.0,"turns":4.0},{"damage":0.0,"enemies":"Snecko","floor":30.0,"turns":5.0},{"damage":19.0,"enemies":"Chosen and Byrds","floor":31.0,"turns":8.0},{"damage":62.0,"enemies":"Champ","floor":33.0,"turns":13.0},{"damage":2.0,"enemies":"3 Shapes","floor":35.0,"turns":5.0},{"damage":24.0,"enemies":"3 Darklings","floor":38.0,"turns":7.0},{"damage":51.0,"enemies":"Reptomancer","floor":40.0,"turns":6.0},{"damage":5.0,"enemies":"Sphere and 2 Shapes","floor":42.0,"turns":7.0},{"damage":28,"enemies":"Time Eater","floor":50,"turns":8}],"seed_played":"4750185979924197582","potions_obtained":[{"floor":1.0,"key":"ColorlessPotion"},{"floor":14.0,"key":"PowerPotion"},{"floor":16.0,"key":"DistilledChaos"},{"floor":18.0,"key":"LiquidBronze"},{"floor":24.0,"key":"Fire Potion"},{"floor":33.0,"key":"FearPotion"},{"floor":40.0,"key":"Strength Potion"}],"is_trial":false,"path_per_floor":["M","?","$","?","T","R","E","R","T","E","M","R","?","M","R","B",null,"M","?","M","$","?","R","E","?","T","M","$","?","M","M","R","B",null,"M","?","$","M","$","E","R","M","T","?","$","R","?","?","R","B",null],"character_chosen":"IRONCLAD","items_purchased":["Wild Strike","Metallicize","Feel No Pain","Dual Wield","Disarm"],"campfire_rested":1,"item_purchase_floors":[3,21,28,28,37],"current_hp_per_floor":[74,74,74,74,74,74,75,75,75,75,69,69,69,77,77,31,66,69,69,56,56,56,56,55,55,55,56,56,56,62,65,65,21,76,84,84,84,66,66,33,33,50,50,50,50,50,70,70,100,78],"gold":27,"neow_bonus":"THREE_ENEMY_KILL","is_daily":false,"chose_seed":false,"campfire_upgraded":8,"win_rate":0.0,"timestamp":1608210670,"path_taken":["M","?","$","?","?","R","E","R","T","E","?","R","?","?","R","BOSS","M","?","M","$","?","R","E","?","T","M","$","?","M","?","R","BOSS","M","?","$","?","$","E","R","M","T","?","?","R","?","?","R","BOSS"],"items_purchased_type":["Card","Card","Card","Card","Card"],"build_version":"2020-12-13","purchased_purges":3,"victory":true,"max_hp_per_floor":[75,75,75,75,75,75,75,75,75,75,75,75,75,78,78,78,78,82,82,82,82,82,82,86,86,86,90,90,90,90,94,94,94,94,98,98,98,98,98,98,98,102,102,102,102,102,102,102,102,102],"relic_stats":{"Centennial Puzzle":[24],"counters":[18,96],"CeramicFish":180,"Bag of Preparation":[18],"Letter Opener":[144],"War Paint":["Defend_R","Defend_R"],"obtain_stats":[{"NeowsBlessing":0,"CeramicFish":10,"Bag of Preparation":26,"Letter Opener":24,"War Paint":40,"Burning Blood":0,"Akabeko":43,"Bottled Flame":9,"Centennial Puzzle":22,"Philosopher\u0027s Stone":17,"Red Mask":44,"InkBottle":7,"Meat on the Bone":5,"Runic Pyramid":34},{"NeowsBlessing":0,"CeramicFish":3,"Bag of Preparation":9,"Letter Opener":9,"War Paint":16,"Burning Blood":0,"Akabeko":17,"Bottled Flame":2,"Centennial Puzzle":8,"Philosopher\u0027s Stone":6,"Red Mask":17,"InkBottle":2,"Meat on the Bone":1,"Runic Pyramid":13},{"NeowsBlessing":0,"CeramicFish":3,"Bag of Preparation":33,"Letter Opener":33,"War Paint":81,"Burning Blood":0,"Akabeko":88,"Bottled Flame":2,"Centennial Puzzle":28,"Philosopher\u0027s Stone":20,"Red Mask":88,"InkBottle":2,"Meat on the Bone":1,"Runic Pyramid":63}],"Burning Blood":97,"InkBottle":[33],"Meat on the Bone":72},"card_choices":[{"not_picked":["Armaments","Iron Wave"],"picked":"Metallicize","floor":1.0},{"not_picked":["Twin Strike","Flex"],"picked":"Shockwave","floor":7.0},{"not_picked":["Shrug It Off","Burning Pact"],"picked":"Battle Trance","floor":10.0},{"not_picked":["True Grit","Dropkick"],"picked":"Burning Pact","floor":11.0},{"not_picked":["Sword Boomerang","Thunderclap"],"picked":"Anger","floor":14.0},{"not_picked":["Double Tap","Offering"],"picked":"Corruption","floor":16.0},{"not_picked":["Wild Strike","Blood for Blood"],"picked":"Shrug It Off","floor":18.0},{"not_picked":["Shrug It Off","Entrench"],"picked":"Uppercut+1","floor":20.0},{"not_picked":["Havoc","Berserk"],"picked":"Spot Weakness","floor":24.0},{"not_picked":["Entrench","Iron Wave","Rage"],"picked":"SKIP","floor":27.0},{"not_picked":["Wild Strike","Armaments","Clash"],"picked":"SKIP","floor":30.0},{"not_picked":["Body Slam","Iron Wave","Havoc"],"picked":"SKIP","floor":31.0},{"not_picked":["Impervious","Limit Break"],"picked":"Barricade","floor":33.0},{"not_picked":["Twin Strike+1","Clothesline"],"picked":"Sword Boomerang","floor":35.0},{"not_picked":["Perfected Strike","Power Through"],"picked":"Feel No Pain","floor":38.0},{"not_picked":["Twin Strike","Battle Trance+1","Fire Breathing"],"picked":"SKIP","floor":40.0},{"not_picked":["Perfected Strike","Heavy Blade"],"picked":"Shrug It Off","floor":42.0}],"player_experience":587084,"relics_obtained":[{"floor":5.0,"key":"Meat on the Bone"},{"floor":7.0,"key":"InkBottle"},{"floor":9.0,"key":"Bottled Flame"},{"floor":10.0,"key":"CeramicFish"},{"floor":24.0,"key":"Letter Opener"},{"floor":26.0,"key":"Bag of Preparation"},{"floor":40.0,"key":"War Paint"},{"floor":43.0,"key":"Akabeko"}],"event_choices":[{"damage_healed":0.0,"max_hp_gain":0.0,"max_hp_loss":0.0,"gold_gain":150.0,"event_name":"Liars Game","player_choice":"AGREE","floor":2.0,"gold_loss":0.0,"damage_taken":0.0,"cards_obtained":["Doubt"]},{"cards_removed":["Strike_R"],"damage_healed":0.0,"max_hp_gain":0.0,"max_hp_loss":0.0,"gold_gain":0.0,"event_name":"The Cleric","player_choice":"Card Removal","floor":4.0,"gold_loss":75.0,"damage_taken":0.0},{"damage_healed":0.0,"max_hp_gain":0.0,"max_hp_loss":0.0,"gold_gain":0.0,"cards_transformed":["Strike_R"],"event_name":"Transmorgrifier","player_choice":"Transformed","floor":13.0,"gold_loss":0.0,"damage_taken":0.0,"cards_obtained":["Feed"]},{"damage_healed":0.0,"max_hp_gain":0.0,"max_hp_loss":0.0,"gold_gain":0.0,"event_name":"Ghosts","player_choice":"Ignored","floor":19.0,"gold_loss":0.0,"damage_taken":0.0},{"damage_healed":0.0,"max_hp_gain":0.0,"max_hp_loss":0.0,"gold_gain":0.0,"event_name":"Addict","player_choice":"Obtained Relic","floor":22.0,"gold_loss":85.0,"damage_taken":0.0,"relics_obtained":["Centennial Puzzle"]},{"damage_healed":0.0,"max_hp_gain":0.0,"max_hp_loss":0.0,"gold_gain":0.0,"event_name":"Forgotten Altar","player_choice":"Smashed Altar","floor":25.0,"gold_loss":0.0,"damage_taken":0.0,"cards_obtained":["Decay"]},{"damage_healed":0.0,"max_hp_gain":0.0,"max_hp_loss":0.0,"gold_gain":0.0,"event_name":"Vampires","player_choice":"Ignored","floor":29.0,"gold_loss":0.0,"damage_taken":0.0},{"cards_removed":["Decay"],"damage_healed":0.0,"max_hp_gain":0.0,"max_hp_loss":0.0,"gold_gain":0.0,"event_name":"Purifier","player_choice":"Purged","floor":36.0,"gold_loss":0.0,"damage_taken":0.0},{"damage_healed":0.0,"max_hp_gain":0.0,"max_hp_loss":0.0,"gold_gain":0.0,"event_name":"Tomb of Lord Red Mask","player_choice":"Paid","floor":44.0,"gold_loss":78.0,"damage_taken":0.0,"relics_obtained":["Red Mask"]},{"damage_healed":20.0,"max_hp_gain":0.0,"max_hp_loss":0.0,"gold_gain":0.0,"event_name":"Winding Halls","player_choice":"Writhe","floor":47.0,"gold_loss":0.0,"damage_taken":0.0,"cards_obtained":["Writhe"]},{"damage_healed":0,"gold_gain":0,"player_choice":"2 cards matched","damage_taken":0,"max_hp_gain":0,"max_hp_loss":0,"event_name":"Match and Keep!","floor":48,"gold_loss":0,"cards_obtained":["Burning Pact","Shrug It Off"]}],"is_beta":false,"boss_relics":[{"not_picked":["Empty Cage","Sozu"],"picked":"Philosopher\u0027s Stone"},{"not_picked":["Pandora\u0027s Box","Cursed Key"],"picked":"Runic Pyramid"}],"items_purged_floors":[3,21,39],"is_endless":false,"potions_floor_spawned":[1,14,16,18,24,33,40],"ascension_level":18}}