{"host":"644z1j61xspvblw3","time":1608226214,"event":{"mods":["AchievementEnabler","BaseMod","Best Route Mod","Better Altar","Better Match","Better Note","Better Sensory Stone","Better Skull","Better Third Choice","BetterRewards","Block Reminder","Colored Map","Colored Powertips","Curses Come First","Downfall","Hermit","Minty Spire (QoL Compilation)","Rare Cards Sparkle","StSLib","The Hierophant","The Runesmith","TheBandit","Uncapped"],"gold_per_floor":[112,130,150,150,225,225,238,255,255,255,270,280,335,335,335,430,430,447,419,434,434,434,434,434,434],"floor_reached":24,"playtime":4460,"items_purged":[],"score":190,"play_id":"aee76c1d-85fe-414d-9d4b-f4510f637401","local_time":"20201217083014","is_ascension_mode":false,"campfire_choices":[{"floor":6,"key":"REST"},{"data":"hermit:Dive","floor":10,"key":"SMITH"},{"floor":15,"key":"REST"},{"floor":23,"key":"REST"}],"circlet_count":0,"master_deck":["hermit:Strike_Hermit","hermit:Strike_Hermit","hermit:Strike_Hermit","hermit:Strike_Hermit","hermit:Defend_Hermit","hermit:Defend_Hermit","hermit:Defend_Hermit","hermit:Defend_Hermit","hermit:Snapshot","hermit:Covet","hermit:Coalescence","hermit:Snipe","hermit:Coalescence","hermit:Dive+1","hermit:WideOpen","hermit:Enervate","hermit:Glare","hermit:CalledShot+1","hermit:FromBeyond","hermit:Deadeye+1","hermit:Showdown+1","hermit:EyeOfTheStorm","hermit:Dive+1"],"relics":["hermit:Momento","Centennial Puzzle","Toy Ornithopter","Molten Egg 2","FaceOfCleric","Black Star"],"acts_visited":["Exordium","TheCity"],"potions_floor_usage":[16,16,16,24,24],"damage_taken":[{"damage":12,"enemies":"Cultist","floor":1,"turns":5},{"damage":0,"enemies":"2 Louse","floor":2,"turns":2},{"damage":5,"enemies":"Small Slimes","floor":3,"turns":4},{"damage":6,"enemies":"3 Louse","floor":7,"turns":4},{"damage":4,"enemies":"2 Fungi Beasts","floor":8,"turns":4},{"damage":8,"enemies":"Red Slaver","floor":11,"turns":4},{"damage":0,"enemies":"3 Louse","floor":12,"turns":4},{"damage":45,"enemies":"Gremlin Nob","floor":13,"turns":5},{"damage":18,"enemies":"Hexaghost","floor":16,"turns":16},{"damage":19,"enemies":"Shell Parasite","floor":18,"turns":7},{"damage":26,"enemies":"2 Thieves","floor":19,"turns":5},{"damage":18,"enemies":"Snake Plant","floor":20,"turns":5},{"damage":118,"enemies":"Gremlin Leader","floor":24,"turns":9}],"seed_played":"7415975929641494711","potions_obtained":[{"floor":2,"key":"Guardian:BlockOnCardUsePotion"},{"floor":7,"key":"SkillPotion"},{"floor":11,"key":"hexamod:EctoCoolerPotion"},{"floor":12,"key":"EssenceOfSteel"},{"floor":16,"key":"PowerPotion"},{"floor":19,"key":"Regen Potion"},{"floor":20,"key":"LiquidMemories"},{"floor":22,"key":"FairyPotion"}],"is_trial":false,"path_per_floor":["M","M","M","?","?","R","M","M","T","R","M","M","?","?","R","B",null,"M","M","M","?","?","R","E"],"character_chosen":"HERMIT","items_purchased":[],"campfire_rested":3,"item_purchase_floors":[],"current_hp_per_floor":[70,70,65,53,42,66,60,56,56,56,48,48,3,3,27,25,83,65,40,23,23,23,48,0,0],"gold":434,"neow_bonus":"TEN_PERCENT_HP_BONUS","is_daily":false,"chose_seed":false,"campfire_upgraded":1,"win_rate":0.0,"timestamp":1608226214,"path_taken":["M","M","?","?","?","R","M","M","T","R","M","M","?","?","R","BOSS","M","M","M","?","?","R","E"],"items_purchased_type":[],"build_version":"2020-12-13","purchased_purges":0,"victory":false,"max_hp_per_floor":[82,82,82,82,82,82,82,82,82,82,82,82,82,82,82,83,83,84,85,86,86,86,86,86,86],"card_choices":[{"not_picked":["hermit:Glare","hermit:Desperado"],"picked":"hermit:Coalescence","floor":1},{"not_picked":["hermit:Spite","hermit:WideOpen"],"picked":"hermit:Snipe","floor":2},{"not_picked":["hermit:Misfire","hermit:SprayPray"],"picked":"hermit:Coalescence","floor":3},{"not_picked":["hermit:ShadowCloak","hermit:Headshot"],"picked":"hermit:Dive","floor":7},{"not_picked":["hermit:HighNoon","hermit:TrackingShot"],"picked":"hermit:WideOpen","floor":8},{"not_picked":["hermit:Snipe","hermit:ShadowCloak"],"picked":"hermit:Enervate","floor":11},{"not_picked":["hermit:BodyArmor","hermit:Vantage"],"picked":"hermit:Glare","floor":12},{"not_picked":["hermit:Manifest","hermit:Feint"],"picked":"hermit:CalledShot+1","floor":13},{"not_picked":["hermit:FinalCanter+1","hermit:BlackWind+1"],"picked":"hermit:FromBeyond","floor":16},{"not_picked":["hermit:TrackingShot+1","hermit:FlashPowder"],"picked":"hermit:Deadeye+1","floor":18},{"not_picked":["hermit:Snipe","hermit:Feint+1"],"picked":"hermit:Showdown+1","floor":19},{"not_picked":["hermit:Desperado+1","hermit:Headshot+1"],"picked":"hermit:EyeOfTheStorm","floor":20}],"player_experience":121028,"relics_obtained":[{"floor":9,"key":"Toy Ornithopter"}],"event_choices":[{"damage_healed":0,"gold_gain":0,"player_choice":"Relic ","damage_taken":12,"max_hp_gain":0,"max_hp_loss":0,"event_name":"betterThird:BetterScrap","floor":4,"gold_loss":0,"cards_obtained":["All Out Attack"]},{"damage_healed":0,"gold_gain":75,"player_choice":"Gold","damage_taken":11,"max_hp_gain":0,"max_hp_loss":0,"event_name":"betterThird:BetterGoop","floor":5,"gold_loss":0},{"damage_healed":0,"gold_gain":0,"player_choice":"Searched \u00272\u0027 times","damage_taken":0,"relics_obtained":["Molten Egg 2"],"max_hp_gain":0,"max_hp_loss":0,"event_name":"Dead Adventurer","floor":13,"gold_loss":0},{"damage_healed":0,"gold_gain":0,"player_choice":"Trade","damage_taken":0,"relics_obtained":["FaceOfCleric"],"max_hp_gain":0,"max_hp_loss":0,"event_name":"FaceTrader","floor":14,"gold_loss":0},{"damage_healed":0,"gold_gain":0,"player_choice":"Copied","damage_taken":0,"max_hp_gain":0,"max_hp_loss":0,"event_name":"Duplicator","floor":21,"gold_loss":0,"cards_obtained":["hermit:Dive"]},{"damage_healed":0,"gold_gain":0,"player_choice":"Got Potions","damage_taken":0,"max_hp_gain":0,"max_hp_loss":0,"event_name":"Lab","floor":22,"gold_loss":0}],"is_beta":false,"boss_relics":[{"not_picked":["Coffee Dripper","Tiny House"],"picked":"Black Star"}],"items_purged_floors":[],"is_endless":false,"potions_floor_spawned":[2,7,11,12,16,19,20],"killed_by":"Gremlin Leader","ascension_level":0}}