{"host":"r5m27m0hu9mtdi9d","time":1608196819,"event":{"mods":["AchievementEnabler","BaseMod","Colored Map","Colored Powertips","Highlight Path","Minty Spire (QoL Compilation)"],"gold_per_floor":[117,117,130,130,146,173,204,241,253,275,287,332,344,372,384,498,510,533,545,7,7,17,45,45,57,84,84,111,141,161,190,190,286,286,302,302,319,329,329,356,356,375,375,400,400,434,445,445,445,445],"floor_reached":51,"playtime":5402,"items_purged":["Writhe"],"score":1315,"play_id":"25243c89-cada-4785-9b97-b353330beadb","local_time":"20201217042019","is_ascension_mode":true,"campfire_choices":[{"floor":11.0,"key":"REST"},{"floor":13.0,"key":"RECALL"},{"floor":15.0,"key":"REST"},{"floor":24,"key":"REST"},{"floor":27,"key":"REST"},{"floor":32,"key":"REST"},{"floor":41,"key":"REST"},{"floor":49,"key":"REST"}],"circlet_count":0,"master_deck":["Defend_G+1","Defend_G+1","Defend_G+1","Defend_G+1","Defend_G+1","Survivor+1","Neutralize+1","Dagger Spray+1","Masterful Stab+1","Backstab+1","Backflip+1","Unload+1","Leg Sweep+1","Blur+1","Footwork+1","A Thousand Cuts+1","CurseOfTheBell","Venomology+1","Bite+1","Bite+1","Bite+1","Bite+1","Bite+1","Blur+1","Blade Dance+1","PiercingWail+1","Infinite Blades+1","Die Die Die+1","Blade Dance+1","Cloak And Dagger+1","Outmaneuver+1"],"relics":["Fusion Hammer","MawBank","Odd Mushroom","InkBottle","Dead Branch","Calling Bell","Oddly Smooth Stone","Matryoshka","Incense Burner","Bronze Scales","Turnip","Ancient Tea Set","Toy Ornithopter","War Paint","Red Mask","StrikeDummy","Gremlin Horn","WristBlade","Mark of the Bloom","Question Card","Toxic Egg 2","Ornamental Fan","Snake Skull","Frozen Egg 2","Regal Pillow"],"acts_visited":["Exordium","TheCity","TheBeyond"],"potions_floor_usage":[18,23,23,29,29,30,31,33,33,35,38,40,42,44,46,50,50,50,50],"damage_taken":[{"damage":1.0,"enemies":"2 Louse","floor":1.0,"turns":4.0},{"damage":0.0,"enemies":"Cultist","floor":3.0,"turns":3.0},{"damage":0.0,"enemies":"Small Slimes","floor":5.0,"turns":2.0},{"damage":0.0,"enemies":"3 Sentries","floor":6.0,"turns":5.0},{"damage":0.0,"enemies":"2 Fungi Beasts","floor":7.0,"turns":2.0},{"damage":0.0,"enemies":"The Mushroom Lair","floor":8.0,"turns":3.0},{"damage":5.0,"enemies":"Blue Slaver","floor":10.0,"turns":2.0},{"damage":0.0,"enemies":"Gremlin Nob","floor":12.0,"turns":3.0},{"damage":0.0,"enemies":"3 Louse","floor":14.0,"turns":3.0},{"damage":18.0,"enemies":"Slime Boss","floor":16.0,"turns":12.0},{"damage":2,"enemies":"2 Thieves","floor":18,"turns":4},{"damage":1,"enemies":"Chosen","floor":22,"turns":6},{"damage":15,"enemies":"Book of Stabbing","floor":23,"turns":6},{"damage":0,"enemies":"Snecko","floor":25,"turns":5},{"damage":0,"enemies":"Masked Bandits","floor":28,"turns":4},{"damage":3,"enemies":"Gremlin Leader","floor":29,"turns":7},{"damage":0,"enemies":"Centurion and Healer","floor":30,"turns":6},{"damage":10,"enemies":"Book of Stabbing","floor":31,"turns":6},{"damage":23,"enemies":"Automaton","floor":33,"turns":9},{"damage":0,"enemies":"Orb Walker","floor":35,"turns":3},{"damage":0,"enemies":"3 Shapes","floor":37,"turns":4},{"damage":0,"enemies":"3 Darklings","floor":38,"turns":5},{"damage":0,"enemies":"Giant Head","floor":40,"turns":4},{"damage":0,"enemies":"4 Shapes","floor":42,"turns":2},{"damage":1,"enemies":"Nemesis","floor":44,"turns":5},{"damage":0,"enemies":"Giant Head","floor":46,"turns":5},{"damage":0,"enemies":"Transient","floor":47,"turns":5},{"damage":13,"enemies":"Donu and Deca","floor":50,"turns":7}],"seed_played":"3195024865186120610","potions_obtained":[{"floor":6.0,"key":"Swift Potion"},{"floor":8.0,"key":"SteroidPotion"},{"floor":12.0,"key":"Explosive Potion"},{"floor":14.0,"key":"SkillPotion"},{"floor":25,"key":"LiquidMemories"},{"floor":28,"key":"FearPotion"},{"floor":31,"key":"AttackPotion"},{"floor":33,"key":"SkillPotion"},{"floor":44,"key":"Strength Potion"}],"is_trial":false,"path_per_floor":["M","?","M","?","M","E","M","?","T","M","R","E","R","M","R","B",null,"M","?","$","?","M","E","R","M","T","R","?","E","M","E","R","B",null,"M","?","M","M","?","E","R","M","T","E","T","E","M","?","R","B",null],"character_chosen":"THE_SILENT","items_purchased":["Venomology","Turnip"],"campfire_rested":7,"item_purchase_floors":[20,20],"current_hp_per_floor":[62,62,62,48,48,48,48,48,48,43,64,64,64,64,70,52,66,64,64,64,49,48,40,49,49,49,49,49,49,49,46,49,33,45,49,49,49,49,49,49,49,49,49,48,48,48,48,48,48,35],"gold":445,"neow_bonus":"BOSS_RELIC","is_daily":false,"chose_seed":false,"campfire_upgraded":0,"win_rate":0.0,"timestamp":1608196819,"path_taken":["M","?","?","?","M","E","M","?","T","M","R","E","R","M","R","BOSS","M","?","$","?","M","E","R","M","T","R","?","E","M","E","R","BOSS","M","?","?","M","?","E","R","M","T","E","?","E","M","?","R","BOSS"],"items_purchased_type":["Card","Relic"],"build_version":"2020-12-13","purchased_purges":1,"victory":true,"max_hp_per_floor":[70,70,70,70,70,70,70,70,70,70,70,70,70,70,70,70,70,70,70,70,49,49,49,49,49,49,49,49,49,49,49,49,49,49,49,49,49,49,49,49,49,49,49,49,49,49,49,49,49,49],"card_choices":[{"not_picked":["Flying Knee","Deflect"],"picked":"Dagger Spray","floor":1.0},{"not_picked":["Dodge and Roll","Reflex"],"picked":"Backstab","floor":3.0},{"not_picked":["Deadly Poison","Dagger Spray"],"picked":"Backflip","floor":5.0},{"not_picked":["Underhanded Strike","Deflect"],"picked":"Unload","floor":6.0},{"not_picked":["Eviscerate","Predator","Quick Slash"],"picked":"SKIP","floor":7.0},{"not_picked":["Dagger Throw","Masterful Stab"],"picked":"Leg Sweep","floor":8.0},{"not_picked":["Setup","Flying Knee"],"picked":"Blur","floor":10.0},{"not_picked":["Bane","Masterful Stab","Accuracy"],"picked":"SKIP","floor":12.0},{"not_picked":["Poisoned Stab","Expertise"],"picked":"Footwork","floor":14.0},{"not_picked":["Bullet Time","Doppelganger"],"picked":"A Thousand Cuts","floor":16.0},{"not_picked":["Blur","Bane","Dagger Throw"],"picked":"SKIP","floor":18},{"not_picked":["Blur","Bane","Dagger Throw"],"picked":"SKIP","floor":18},{"not_picked":["Quick Slash","All Out Attack","Slice+1"],"picked":"SKIP","floor":22},{"not_picked":["Leg Sweep","Endless Agony"],"picked":"Blur+1","floor":23},{"not_picked":["Tactician","Leg Sweep"],"picked":"Blade Dance","floor":25},{"not_picked":["Dagger Throw","Footwork","Dash"],"picked":"SKIP","floor":29},{"not_picked":["Calculated Gamble","Underhanded Strike+1"],"picked":"PiercingWail+1","floor":30},{"not_picked":["Tactician+1","Terror"],"picked":"Infinite Blades","floor":31},{"not_picked":["Corpse Explosion","Tools of the Trade"],"picked":"Die Die Die","floor":33},{"not_picked":["Quick Slash+1","Deadly Poison+1","Slice+1"],"picked":"SKIP","floor":35},{"not_picked":["Choke+1","Catalyst"],"picked":"Blade Dance","floor":37},{"not_picked":["Escape Plan","Slice+1","Dagger Spray+1"],"picked":"SKIP","floor":38},{"not_picked":["Heel Hook","Infinite Blades","Terror"],"picked":"SKIP","floor":40},{"not_picked":["Dagger Throw","Outmaneuver","Backstab+1","Blur"],"picked":"SKIP","floor":42},{"not_picked":["Dagger Throw+1","Blur+1","Catalyst+1","Dagger Spray"],"picked":"SKIP","floor":44},{"not_picked":["Sucker Punch+1","Concentrate+1","Outmaneuver+1"],"picked":"Cloak And Dagger+1","floor":46},{"not_picked":["Venomology+1","PiercingWail+1","Acrobatics+1"],"picked":"Outmaneuver+1","floor":47}],"player_experience":659792,"relics_obtained":[{"floor":6.0,"key":"MawBank"},{"floor":8.0,"key":"Odd Mushroom"},{"floor":9.0,"key":"InkBottle"},{"floor":12.0,"key":"Dead Branch"},{"floor":17.0,"key":"Oddly Smooth Stone"},{"floor":17.0,"key":"Matryoshka"},{"floor":17.0,"key":"Incense Burner"},{"floor":23,"key":"Ancient Tea Set"},{"floor":26,"key":"Toy Ornithopter"},{"floor":26,"key":"War Paint"},{"floor":28,"key":"Red Mask"},{"floor":29,"key":"StrikeDummy"},{"floor":31,"key":"Gremlin Horn"},{"floor":40,"key":"Question Card"},{"floor":43,"key":"Toxic Egg 2"},{"floor":43,"key":"Ornamental Fan"},{"floor":44,"key":"Snake Skull"},{"floor":45,"key":"Frozen Egg 2"},{"floor":46,"key":"Regal Pillow"}],"event_choices":[{"damage_healed":0.0,"max_hp_gain":0.0,"max_hp_loss":0.0,"gold_gain":0.0,"cards_transformed":["Strike_G"],"event_name":"Transmorgrifier","player_choice":"Transformed","floor":2.0,"gold_loss":0.0,"damage_taken":0.0,"cards_obtained":["Masterful Stab"]},{"damage_healed":0.0,"max_hp_gain":0.0,"max_hp_loss":0.0,"gold_gain":0.0,"event_name":"Shining Light","player_choice":"Entered Light","floor":4.0,"gold_loss":0.0,"damage_taken":14.0,"cards_upgraded":["Neutralize","Strike_G"]},{"damage_healed":0.0,"max_hp_gain":0.0,"max_hp_loss":0.0,"gold_gain":0.0,"event_name":"Mushrooms","player_choice":"Fought Mushrooms","floor":8.0,"gold_loss":0.0,"damage_taken":0.0},{"damage_healed":0,"gold_gain":0,"player_choice":"Opened","damage_taken":0,"relics_obtained":["Bronze Scales"],"max_hp_gain":0,"max_hp_loss":0,"event_name":"The Mausoleum","floor":19,"gold_loss":0,"cards_obtained":["Writhe"]},{"damage_healed":0,"gold_gain":0,"player_choice":"Became a vampire","damage_taken":0,"max_hp_gain":0,"max_hp_loss":21,"event_name":"Vampires","floor":21,"gold_loss":0,"cards_obtained":["Bite","Bite","Bite","Bite","Bite"]},{"damage_healed":0,"gold_gain":0,"player_choice":"Fought Bandits","damage_taken":0,"max_hp_gain":0,"max_hp_loss":0,"event_name":"Masked Bandits","floor":28,"gold_loss":0},{"damage_healed":0,"gold_gain":0,"player_choice":"Upgraded","damage_taken":0,"max_hp_gain":0,"max_hp_loss":0,"event_name":"Upgrade Shrine","floor":36,"gold_loss":0,"cards_upgraded":["Infinite Blades"]},{"damage_healed":0,"gold_gain":0,"player_choice":"Upgrade","damage_taken":0,"relics_obtained":["Mark of the Bloom"],"max_hp_gain":0,"max_hp_loss":0,"event_name":"MindBloom","floor":39,"gold_loss":0,"cards_upgraded":["Defend_G","Defend_G","Defend_G","Defend_G","Dagger Spray","Masterful Stab","Backstab","Backflip","Unload","Leg Sweep","Blur","Footwork","A Thousand Cuts","Venomology","Bite","Bite","Bite","Bite","Bite","Blade Dance","Die Die Die","Blade Dance"]},{"damage_healed":0,"gold_gain":0,"player_choice":"Memory 1","damage_taken":0,"max_hp_gain":0,"max_hp_loss":0,"event_name":"SensoryStone","floor":48,"gold_loss":0}],"is_beta":false,"boss_relics":[{"not_picked":["Empty Cage","Tiny House"],"picked":"Calling Bell"},{"not_picked":["SlaversCollar","Runic Pyramid"],"picked":"WristBlade"}],"items_purged_floors":[20],"is_endless":false,"potions_floor_spawned":[6,8,12,14,25,28,31,33,37,44],"ascension_level":9}}