{"host":"9ndbo4kgsfoemf7y","time":1608210446,"event":{"mods":["AchievementEnabler","BaseMod","Colored Map","DeckTracker","Keyboard Shortcuts","Minty Spire (QoL Compilation)","Permanent Neow","Quick Restart","Relic Stats","StSLib","SuperFastMode"],"gold_per_floor":[109,121,138,138,153,153,182,182,258,25,50,50,78,89,89,161,161,172,93,106,106,106,106,106,106],"floor_reached":24,"playtime":802,"items_purged":["Strike_R"],"score":407,"play_id":"5b88ea7c-8bf1-4771-be09-309787da3e72","local_time":"20201217220726","is_ascension_mode":true,"campfire_choices":[{"data":"Armaments","floor":6.0,"key":"SMITH"},{"data":"Juggernaut","floor":8.0,"key":"SMITH"},{"data":"Body Slam","floor":15,"key":"SMITH"},{"data":"Entrench","floor":23,"key":"SMITH"}],"circlet_count":0,"master_deck":["AscendersBane","Strike_R","Strike_R","Strike_R+1","Defend_R","Defend_R","Defend_R","Defend_R","Bash+1","Juggernaut+1","Burning Pact","Iron Wave","Armaments+1","Sentinel","Cleave","Body Slam","Body Slam+1","Berserk","Entrench+1"],"relics":["Burning Blood","Champion Belt","HornCleat","Bag of Marbles","Happy Flower","Whetstone","Busted Crown","PreservedInsect"],"acts_visited":["Exordium","TheCity"],"potions_floor_usage":[24],"damage_taken":[{"damage":21.0,"enemies":"Jaw Worm","floor":1.0,"turns":5.0},{"damage":8.0,"enemies":"Cultist","floor":2.0,"turns":5.0},{"damage":17.0,"enemies":"Small Slimes","floor":3.0,"turns":5.0},{"damage":6.0,"enemies":"Blue Slaver","floor":5.0,"turns":4.0},{"damage":8.0,"enemies":"Gremlin Nob","floor":7.0,"turns":3.0},{"damage":5.0,"enemies":"3 Sentries","floor":11.0,"turns":6.0},{"damage":20.0,"enemies":"Lagavulin","floor":13.0,"turns":8.0},{"damage":0,"enemies":"Red Slaver","floor":14,"turns":3},{"damage":23,"enemies":"Hexaghost","floor":16,"turns":11},{"damage":0,"enemies":"Chosen","floor":18,"turns":3},{"damage":10,"enemies":"Shell Parasite","floor":20,"turns":4},{"damage":41,"enemies":"Gremlin Leader","floor":24,"turns":4}],"seed_played":"6017853274223147911","potions_obtained":[{"floor":1.0,"key":"BlessingOfTheForge"},{"floor":3.0,"key":"DistilledChaos"},{"floor":5.0,"key":"AttackPotion"},{"floor":7.0,"key":"Explosive Potion"},{"floor":11.0,"key":"ColorlessPotion"}],"is_trial":false,"path_per_floor":["M","M","M","?","M","R","E","R","T","$","E","?","E","M","R","B",null,"M","$","M","?","?","R","E"],"character_chosen":"IRONCLAD","items_purchased":["Bag of Marbles","Entrench"],"campfire_rested":0,"item_purchase_floors":[10,19],"current_hp_per_floor":[53,51,40,40,40,40,38,38,38,38,39,32,18,24,24,7,58,64,64,60,39,39,39,0,0],"gold":106,"neow_bonus":"ONE_RANDOM_RARE_CARD","is_daily":false,"chose_seed":false,"campfire_upgraded":4,"win_rate":0.0,"timestamp":1608210446,"path_taken":["M","M","M","?","?","R","E","R","T","$","E","?","E","M","R","BOSS","M","$","M","?","?","R","E"],"items_purchased_type":["Relic","Card"],"build_version":"2020-12-13","purchased_purges":1,"victory":false,"max_hp_per_floor":[75,75,75,75,75,75,75,75,75,75,75,75,75,75,75,75,75,75,75,75,80,80,80,80,80],"relic_stats":{"Busted Crown":4,"Happy Flower":[11],"counters":[12,61],"PreservedInsect":46,"Champion Belt":[11],"Whetstone":["Bash","Strike_R"],"obtain_stats":[{"HornCleat":9,"Busted Crown":17,"Happy Flower":11,"PreservedInsect":22,"Bag of Marbles":10,"Champion Belt":7,"Whetstone":13,"Burning Blood":0},{"HornCleat":5,"Busted Crown":9,"Happy Flower":6,"PreservedInsect":11,"Bag of Marbles":5,"Champion Belt":5,"Whetstone":7,"Burning Blood":0},{"HornCleat":22,"Busted Crown":50,"Happy Flower":28,"PreservedInsect":57,"Bag of Marbles":22,"Champion Belt":22,"Whetstone":36,"Burning Blood":0}],"Burning Blood":66},"card_choices":[{"not_picked":["Bloodletting","Body Slam"],"picked":"Burning Pact","floor":1.0},{"not_picked":["Combust","Pummel","Wild Strike"],"picked":"SKIP","floor":2.0},{"not_picked":["Whirlwind","Infernal Blade"],"picked":"Iron Wave","floor":3.0},{"not_picked":["Wild Strike","Clothesline"],"picked":"Armaments","floor":5.0},{"not_picked":["Clash","Twin Strike"],"picked":"Sentinel","floor":7.0},{"not_picked":["Uppercut","Heavy Blade"],"picked":"Cleave","floor":11.0},{"not_picked":["Rampage","Shrug It Off"],"picked":"Body Slam","floor":13},{"not_picked":["Havoc","Corruption"],"picked":"Body Slam","floor":14},{"not_picked":["Exhume","Fiend Fire"],"picked":"Berserk","floor":16},{"not_picked":["Iron Wave"],"picked":"SKIP","floor":18},{"not_picked":["Wild Strike+1"],"picked":"SKIP","floor":20}],"player_experience":692622,"relics_obtained":[{"floor":7.0,"key":"Champion Belt"},{"floor":9.0,"key":"HornCleat"},{"floor":11.0,"key":"Happy Flower"},{"floor":13,"key":"Whetstone"}],"event_choices":[{"damage_healed":0.0,"max_hp_gain":0.0,"max_hp_loss":0.0,"gold_gain":0.0,"event_name":"Match and Keep!","player_choice":"0 cards matched","floor":4.0,"gold_loss":0.0,"damage_taken":0.0,"cards_obtained":[]},{"cards_removed":["Strike_R"],"damage_healed":0.0,"max_hp_gain":0.0,"max_hp_loss":0.0,"gold_gain":0.0,"event_name":"Golden Wing","player_choice":"Card Removal","floor":12.0,"gold_loss":0.0,"damage_taken":7.0},{"damage_healed":0,"gold_gain":0,"player_choice":"Shed Blood","damage_taken":26,"max_hp_gain":5,"max_hp_loss":0,"event_name":"Forgotten Altar","floor":21,"gold_loss":0},{"damage_healed":0,"gold_gain":0,"player_choice":"Gave Potion","damage_taken":0,"relics_obtained":["PreservedInsect"],"max_hp_gain":0,"max_hp_loss":0,"event_name":"WeMeetAgain","floor":22,"gold_loss":0}],"is_beta":false,"boss_relics":[{"not_picked":["Runic Dome","Snecko Eye"],"picked":"Busted Crown"}],"items_purged_floors":[10],"is_endless":false,"potions_floor_spawned":[1,3,5,7,11],"killed_by":"Gremlin Leader","ascension_level":18}}