{"host":"usewcu4ohw2wtmxk","time":1608187618,"event":{"mods":["AchievementEnabler","BaseMod","BetterRewards","Colored Powertips","Minty Spire (QoL Compilation)","Permanent Neow","Quick Restart","Relic Sorter","Relic Stats","Shop Mod","StSLib"],"gold_per_floor":[110,130,130,230,244,244,254,254,254],"floor_reached":8,"playtime":161,"items_purged":[],"score":96,"play_id":"1b789f5e-776c-43b8-aab6-0c7e46731ba0","local_time":"20201217144658","is_ascension_mode":true,"campfire_choices":[{"data":"Blade Dance","floor":6,"key":"SMITH"}],"circlet_count":0,"master_deck":["AscendersBane","Strike_G","Strike_G","Strike_G","Strike_G","Defend_G","Defend_G","Defend_G","Defend_G","Defend_G","Survivor","Neutralize","Infinite Blades","Blade Dance+1","Acrobatics","Blade Dance"],"relics":["Ring of the Snake","Potion Belt"],"acts_visited":["Exordium"],"potions_floor_usage":[],"damage_taken":[{"damage":1,"enemies":"Cultist","floor":1,"turns":5},{"damage":0,"enemies":"Jaw Worm","floor":2,"turns":4},{"damage":1,"enemies":"Small Slimes","floor":5,"turns":5},{"damage":0,"enemies":"2 Fungi Beasts","floor":7,"turns":4},{"damage":0,"enemies":"Lagavulin","floor":8,"turns":1}],"seed_played":"5694298619244951712","potions_obtained":[{"floor":5,"key":"LiquidMemories"},{"floor":7,"key":"Explosive Potion"}],"is_trial":false,"path_per_floor":["M","M","T","?","M","R","M","E"],"character_chosen":"THE_SILENT","items_purchased":[],"campfire_rested":0,"item_purchase_floors":[],"current_hp_per_floor":[58,58,58,58,57,57,57,57,57],"gold":254,"neow_bonus":"TRANSFORM_CARD","is_daily":false,"chose_seed":false,"campfire_upgraded":1,"win_rate":0.0,"timestamp":1608187618,"path_taken":["M","M","?","?","?","R","M","E"],"items_purchased_type":[],"build_version":"2020-12-13","purchased_purges":0,"victory":false,"max_hp_per_floor":[66,66,66,66,66,66,66,66,66],"relic_stats":{"counters":[5,19],"obtain_stats":[{"Potion Belt":3,"Ring of the Snake":0},{"Potion Belt":2,"Ring of the Snake":0},{"Potion Belt":9,"Ring of the Snake":0}],"Ring of the Snake":[10]},"card_choices":[{"not_picked":["Quick Slash","Skewer"],"picked":"Blade Dance","floor":1},{"not_picked":["Endless Agony","Escape Plan"],"picked":"Acrobatics","floor":2},{"not_picked":["Backstab","Prepared"],"picked":"Blade Dance","floor":5},{"not_picked":["Tools of the Trade","Poisoned Stab","Acrobatics"],"picked":"SKIP","floor":7}],"player_experience":274543,"relics_obtained":[{"floor":3,"key":"Potion Belt"}],"event_choices":[{"damage_healed":0,"gold_gain":100,"player_choice":"Gold","damage_taken":0,"max_hp_gain":0,"max_hp_loss":0,"event_name":"Wheel of Change","floor":4,"gold_loss":0}],"is_beta":false,"boss_relics":[],"items_purged_floors":[],"is_endless":false,"potions_floor_spawned":[5,7],"killed_by":"Lagavulin","ascension_level":20}}