{"host":"gbop6m4qugddaz18","time":1608238205,"event":{"mods":["2.2 Compatiblity","BaseMod","Better Third Choice","Block Reminder","Downfall","GifTheSpireLib","Highlight Path","Minty Spire (QoL Compilation)","Replay The Spire","StSLib"],"gold_per_floor":[119,119,84,84,103,130,130,140,221,232,252,279,294,345,345,444,444,456,456,456,6,18,18,49,49,72,72,106,106,106],"floor_reached":29,"playtime":823,"items_purged":[],"score":326,"play_id":"097bc205-5cc1-4fc0-9fe1-e0f7529c122a","local_time":"20201217155005","is_ascension_mode":true,"campfire_choices":[{"data":"Zap","floor":7,"key":"SMITH"},{"floor":15,"key":"REST"},{"floor":23,"key":"REST"},{"floor":25,"key":"REST"},{"floor":27,"key":"REST"}],"circlet_count":0,"master_deck":["Strike_B","Strike_B+1","Defend_B+1","Zap+1","Dualcast","Lockon","Sweeping Beam","Coolheaded","Cold Snap","Ball Lightning","Redo","Gash","Sweeping Beam","Echo Form","Injury","Overencumbered","Leap","Force Field","Hello World","Ball Lightning","Rainbow"],"relics":["Cracked Core","NeowsBlessing","MealTicket","Singing Bowl","Symbiotic Virus","Pantograph","Kintsugi","Garlic","ReplayTheSpireMod:TigerMarble","ReplayTheSpireMod:Lightbulb","Oddly Smooth Stone","Sundial"],"acts_visited":["Exordium","TheCity"],"potions_floor_usage":[11,16,16,18,24,28],"damage_taken":[{"damage":0,"enemies":"2 Louse","floor":1,"turns":1},{"damage":0,"enemies":"Jaw Worm","floor":5,"turns":1},{"damage":0,"enemies":"Gremlin Nob","floor":6,"turns":1},{"damage":0,"enemies":"Cultist","floor":8,"turns":2},{"damage":11,"enemies":"Large Slime","floor":10,"turns":4},{"damage":0,"enemies":"2 Fungi Beasts","floor":11,"turns":2},{"damage":22,"enemies":"Lagavulin","floor":12,"turns":5},{"damage":7,"enemies":"Red Slaver","floor":13,"turns":2},{"damage":39,"enemies":"Hexaghost","floor":16,"turns":9},{"damage":12,"enemies":"3 Byrds","floor":18,"turns":2},{"damage":19,"enemies":"Shell Parasite","floor":22,"turns":3},{"damage":63,"enemies":"Slavers","floor":24,"turns":5},{"damage":38,"enemies":"Gremlin Leader","floor":28,"turns":5},{"damage":12,"enemies":"Sentry and Sphere","floor":29,"turns":3}],"seed_played":"803631014185590253","potions_obtained":[{"floor":1,"key":"champ:CounterPotion"},{"floor":4,"key":"Toxic Potion"},{"floor":4,"key":"Dexterity Potion"},{"floor":8,"key":"AttackPotion"},{"floor":11,"key":"Elixir"},{"floor":16,"key":"PowerPotion"},{"floor":18,"key":"Adrenaline Potion"}],"is_trial":false,"path_per_floor":["M","?","?","?","M","E","R","M","T","M","M","E","M","?","R","B",null,"M","?","?","$","M","R","E","R","T","R","E","M"],"character_chosen":"DEFECT","items_purchased":["Garlic","ReplayTheSpireMod:TigerMarble","Force Field"],"campfire_rested":4,"item_purchase_floors":[21,21,21],"current_hp_per_floor":[75,60,75,75,75,75,75,75,75,64,64,44,37,7,30,16,77,65,51,45,60,41,65,2,26,26,50,12,0,0],"gold":106,"neow_bonus":"THREE_ENEMY_KILL","is_daily":false,"chose_seed":false,"campfire_upgraded":1,"win_rate":0.0,"timestamp":1608238205,"path_taken":["M","?","?","?","?","E","R","M","T","M","M","E","M","?","R","BOSS","M","?","?","$","M","R","E","R","T","R","E","M"],"items_purchased_type":["Relic","Relic","Card"],"build_version":"2020-12-13","purchased_purges":0,"victory":false,"max_hp_per_floor":[75,75,75,75,75,75,75,75,75,75,75,77,77,77,77,77,77,77,82,82,82,82,82,82,82,82,82,82,82,82],"card_choices":[{"not_picked":["Panic Button","Barrage"],"picked":"Lockon","floor":1},{"not_picked":["Steam Power","Beam Cell"],"picked":"Sweeping Beam","floor":5},{"not_picked":["ReplaySort","Lockon"],"picked":"Coolheaded","floor":6},{"not_picked":["Rip and Tear","BasicCrystalCard"],"picked":"Cold Snap","floor":8},{"not_picked":["Hyperbeam","Barrage"],"picked":"Ball Lightning","floor":10},{"not_picked":["BasicCrystalCard","Streamline"],"picked":"Redo","floor":11},{"not_picked":["Storm","Hyperbeam","Stack"],"picked":"Singing Bowl","floor":12},{"not_picked":["Rebound","Tempest"],"picked":"Gash","floor":13},{"not_picked":["Gash","Storm"],"picked":"Sweeping Beam","floor":14},{"not_picked":["Multi-Cast","Reboot"],"picked":"Echo Form","floor":16},{"not_picked":["Rebound","Barrage"],"picked":"Leap","floor":18},{"not_picked":["Redo","Hologram"],"picked":"Hello World","floor":22},{"not_picked":["Barrage","BasicCrystalCard"],"picked":"Ball Lightning","floor":24},{"not_picked":["Melter","Crystallizer+1"],"picked":"Rainbow","floor":28}],"player_experience":447646,"relics_obtained":[{"floor":6,"key":"MealTicket"},{"floor":9,"key":"Singing Bowl"},{"floor":12,"key":"Symbiotic Virus"},{"floor":14,"key":"Pantograph"},{"floor":24,"key":"ReplayTheSpireMod:Lightbulb"},{"floor":26,"key":"Oddly Smooth Stone"},{"floor":28,"key":"Sundial"}],"event_choices":[{"damage_healed":75,"gold_gain":0,"player_choice":"Upgrade","damage_taken":15,"max_hp_gain":0,"max_hp_loss":75,"event_name":"betterThird:BetterShining","floor":2,"gold_loss":0,"cards_upgraded":["Strike_B","Defend_B"]},{"damage_healed":18,"gold_gain":0,"player_choice":"Healed","damage_taken":0,"max_hp_gain":0,"max_hp_loss":0,"event_name":"The Cleric","floor":3,"gold_loss":35},{"damage_healed":0,"gold_gain":0,"player_choice":"Got Potions","damage_taken":0,"max_hp_gain":0,"max_hp_loss":0,"event_name":"Lab","floor":4,"gold_loss":0},{"damage_healed":0,"gold_gain":0,"player_choice":"Shed Blood","damage_taken":19,"max_hp_gain":5,"max_hp_loss":0,"event_name":"Forgotten Altar","floor":19,"gold_loss":0},{"damage_healed":0,"gold_gain":0,"player_choice":"","damage_taken":6,"max_hp_gain":0,"max_hp_loss":0,"event_name":"Knowing Skull","floor":20,"potions_obtained":[],"gold_loss":0,"cards_obtained":[]}],"is_beta":false,"boss_relics":[{"not_picked":["Coffee Dripper","Ring of Chaos"],"picked":"Kintsugi"}],"items_purged_floors":[],"is_endless":false,"potions_floor_spawned":[1,8,11,12,16,18],"killed_by":"Sentry and Sphere","ascension_level":2}}