{"host":"utqe55yv0jihe4d6","time":1608171136,"event":{"mods":["2.2 Compatiblity","AchievementEnabler","BaseMod","Block Reminder","Colored Map","Colored Powertips","Minty Spire (QoL Compilation)","Quick Restart","Rare Cards Sparkle","Relic Stats","SuperFastMode"],"gold_per_floor":[111,122,122,122,122,156,171,5,5,18,33,69,69,83,83,83,83],"floor_reached":16,"playtime":375,"items_purged":[],"score":254,"play_id":"90feb206-2b17-4263-93d4-e931ed90141d","local_time":"20201216211216","is_ascension_mode":true,"campfire_choices":[{"floor":13.0,"key":"REST"},{"data":"Skewer","floor":15.0,"key":"SMITH"}],"circlet_count":0,"master_deck":["AscendersBane","Strike_G","Strike_G","Strike_G","Strike_G","Strike_G+1","Defend_G","Defend_G","Defend_G+1","Defend_G","Defend_G","Survivor","Neutralize","Flying Knee","Bouncing Flask","Poisoned Stab","Dagger Throw","Skewer+1"],"relics":["Ring of the Snake","NeowsBlessing","Ninja Scroll","Golden Idol","HornCleat","Membership Card","Question Card","Odd Mushroom"],"acts_visited":["Exordium"],"potions_floor_usage":[16],"damage_taken":[{"damage":0.0,"enemies":"Cultist","floor":1.0,"turns":1.0},{"damage":0.0,"enemies":"2 Louse","floor":2.0,"turns":1.0},{"damage":0.0,"enemies":"3 Sentries","floor":6.0,"turns":1.0},{"damage":0.0,"enemies":"Small Slimes","floor":7.0,"turns":4.0},{"damage":1.0,"enemies":"Looter","floor":10.0,"turns":3.0},{"damage":0.0,"enemies":"2 Fungi Beasts","floor":11.0,"turns":3.0},{"damage":0.0,"enemies":"The Mushroom Lair","floor":12.0,"turns":3.0},{"damage":4.0,"enemies":"3 Louse","floor":14.0,"turns":3.0},{"damage":43,"enemies":"Slime Boss","floor":16,"turns":7}],"seed_played":"460761481836536559","potions_obtained":[{"floor":6.0,"key":"EssenceOfSteel"},{"floor":7.0,"key":"LiquidMemories"}],"is_trial":false,"path_per_floor":["M","M","?","?","?","E","M","$","T","M","M","?","R","M","R","B"],"character_chosen":"THE_SILENT","items_purchased":["Membership Card"],"campfire_rested":1,"item_purchase_floors":[8],"current_hp_per_floor":[59,59,39,21,21,21,21,21,21,20,20,20,38,34,34,0,0],"gold":83,"neow_bonus":"THREE_ENEMY_KILL","is_daily":false,"chose_seed":false,"campfire_upgraded":1,"win_rate":0.0,"timestamp":1608171136,"path_taken":["M","?","?","?","?","E","M","$","T","M","M","?","R","M","R","BOSS"],"items_purchased_type":["Relic"],"build_version":"2020-12-13","purchased_purges":0,"victory":false,"max_hp_per_floor":[66,66,66,66,60,60,60,60,60,60,60,60,60,60,60,60,60],"relic_stats":{"counters":[9,26],"Golden Idol":26,"Question Card":4,"obtain_stats":[{"HornCleat":6,"NeowsBlessing":0,"Ninja Scroll":4,"Golden Idol":5,"Membership Card":8,"Odd Mushroom":12,"Question Card":9,"Ring of the Snake":0},{"HornCleat":3,"NeowsBlessing":0,"Ninja Scroll":2,"Golden Idol":2,"Membership Card":4,"Odd Mushroom":7,"Question Card":4,"Ring of the Snake":0},{"HornCleat":3,"NeowsBlessing":0,"Ninja Scroll":2,"Golden Idol":2,"Membership Card":7,"Odd Mushroom":16,"Question Card":7,"Ring of the Snake":0}],"Ring of the Snake":[18]},"card_choices":[{"not_picked":["Acrobatics","Catalyst","Cloak And Dagger"],"picked":"SKIP","floor":1.0},{"not_picked":["Distraction","Backflip"],"picked":"Flying Knee","floor":2.0},{"not_picked":["Heel Hook","Riddle With Holes","Outmaneuver"],"picked":"SKIP","floor":6.0},{"not_picked":["Acrobatics","Deadly Poison"],"picked":"Bouncing Flask","floor":7.0},{"not_picked":["Cloak And Dagger","Backflip","Expertise"],"picked":"Poisoned Stab","floor":10.0},{"not_picked":["Bane","Prepared","All Out Attack"],"picked":"Dagger Throw","floor":11.0},{"not_picked":["Slice","Prepared","Deadly Poison"],"picked":"Skewer","floor":14.0}],"player_experience":2772275,"relics_obtained":[{"floor":6.0,"key":"HornCleat"},{"floor":9.0,"key":"Question Card"},{"floor":12.0,"key":"Odd Mushroom"}],"event_choices":[{"damage_healed":0.0,"max_hp_gain":0.0,"max_hp_loss":0.0,"gold_gain":0.0,"event_name":"Shining Light","player_choice":"Entered Light","floor":3.0,"gold_loss":0.0,"damage_taken":20.0,"cards_upgraded":["Strike_G","Defend_G"]},{"damage_healed":0.0,"max_hp_gain":0.0,"max_hp_loss":0.0,"gold_gain":0.0,"event_name":"Scrap Ooze","player_choice":"Success","floor":4.0,"gold_loss":0.0,"damage_taken":18.0,"relics_obtained":["Ninja Scroll"]},{"damage_healed":0.0,"max_hp_gain":0.0,"max_hp_loss":6.0,"gold_gain":0.0,"event_name":"Golden Idol","player_choice":"Lose Max HP","floor":5.0,"gold_loss":0.0,"damage_taken":0.0,"relics_obtained":["Golden Idol"]},{"damage_healed":0.0,"max_hp_gain":0.0,"max_hp_loss":0.0,"gold_gain":0.0,"event_name":"Mushrooms","player_choice":"Fought Mushrooms","floor":12.0,"gold_loss":0.0,"damage_taken":0.0}],"is_beta":false,"boss_relics":[],"items_purged_floors":[],"is_endless":false,"potions_floor_spawned":[6,7],"killed_by":"Slime Boss","ascension_level":20}}