{"host":"jjunaul04msmo6r1","time":1608171063,"event":{"mods":["BaseMod","Better Third Choice","Booster Modes","Colored Map","Downfall","Minty Spire (QoL Compilation)","Relic Stats","StSLib","UnlockEverythingMod","everything is the same but u backflip on backflip"],"gold_per_floor":[99,126,51,63,88,88,88,100,100,130,140,140,49,199,214,214,214],"floor_reached":16,"playtime":24382,"items_purged":[],"score":124,"play_id":"d044fcd2-0029-4af5-8b9d-2d753d6d8f4f","local_time":"20201216191103","is_ascension_mode":true,"campfire_choices":[{"floor":1,"key":"RECALL"},{"floor":3,"key":"REST"},{"floor":6,"key":"REST"}],"circlet_count":0,"master_deck":["champ:Strike","champ:Strike","champ:Strike","champ:Strike","champ:Defend","champ:Defend","champ:Defend","champ:Defend","champ:Execute","champ:Taunt","champ:PerfectedStrike","champ:DefensiveShout","champ:Improvising","champ:GladiatorStyle","champ:SwordSigil","champ:FlashCut","champ:DancingMaster","champ:IronFortress","Slimebound:Icky","champ:DeathBlow"],"relics":["Fusion Hammer","Bag of Preparation","downfall:HeartBlessingRed","Vajra","TungstenRod"],"acts_visited":["Exordium"],"potions_floor_usage":[15,16,16,16],"damage_taken":[{"damage":73,"enemies":"Gremlin Nob","floor":2,"turns":6},{"damage":7,"enemies":"Small Slimes","floor":4,"turns":2},{"damage":23,"enemies":"Lagavulin","floor":5,"turns":5},{"damage":3,"enemies":"Cultist","floor":8,"turns":3},{"damage":17,"enemies":"3 Sentries","floor":10,"turns":5},{"damage":5,"enemies":"Jaw Worm","floor":11,"turns":2},{"damage":4,"enemies":"downfall:FleeingMerchant","floor":13,"turns":4},{"damage":0,"enemies":"3 Louse","floor":15,"turns":1},{"damage":52,"enemies":"downfall:Ironclad","floor":16,"turns":5}],"seed_played":"-8927449900061196849","potions_obtained":[{"floor":4,"key":"ColorlessPotion"},{"floor":8,"key":"BlessingOfTheForge"},{"floor":11,"key":"SteroidPotion"},{"floor":15,"key":"ColorlessPotion"}],"is_trial":false,"path_per_floor":["R","E","R","M","E","R","T","M","?","E","M","?","$","?","M","B"],"character_chosen":"THE_CHAMP","items_purchased":["champ:IronFortress"],"campfire_rested":2,"item_purchase_floors":[13],"current_hp_per_floor":[90,27,54,52,39,66,66,66,66,54,49,49,50,50,50,0,0],"gold":214,"neow_bonus":"BOSS_RELIC","is_daily":false,"chose_seed":false,"campfire_upgraded":0,"win_rate":0.0,"timestamp":1608171063,"path_taken":["R","E","R","M","E","R","T","M","?","E","M","?","$","?","M","BOSS"],"items_purchased_type":["Card"],"build_version":"2020-12-13","purchased_purges":0,"victory":false,"max_hp_per_floor":[90,90,90,90,90,90,90,90,90,90,90,90,90,90,90,90,90],"relic_stats":{"counters":[9,33],"Bag of Preparation":[16],"obtain_stats":[{"downfall:HeartBlessingRed":3,"Vajra":5,"champ:ChampionCrown":0,"Fusion Hammer":0,"Bag of Preparation":2,"TungstenRod":10},{"downfall:HeartBlessingRed":1,"Vajra":3,"champ:ChampionCrown":0,"Fusion Hammer":0,"Bag of Preparation":1,"TungstenRod":5},{"downfall:HeartBlessingRed":6,"Vajra":13,"champ:ChampionCrown":0,"Fusion Hammer":0,"Bag of Preparation":6,"TungstenRod":21}],"TungstenRod":8},"card_choices":[{"not_picked":["champ:CrookedStrike","champ:PreciseThrust"],"picked":"champ:PerfectedStrike","floor":2},{"not_picked":["champ:BringItOn","champ:CrookedStrike"],"picked":"champ:DefensiveShout","floor":4},{"not_picked":["champ:ArenaPreparation","champ:BladeFlurry"],"picked":"champ:Improvising","floor":5},{"not_picked":["champ:SkillfulDodge","champ:BladeFlurry"],"picked":"champ:GladiatorStyle","floor":8},{"not_picked":["champ:RageSigil","champ:CrookedStrike"],"picked":"champ:SwordSigil","floor":10},{"not_picked":["champ:PerfectedStrike","champ:SkillfulDodge"],"picked":"champ:FlashCut","floor":11},{"not_picked":["champ:Backstep","champ:FlashCut"],"picked":"champ:DancingMaster","floor":13},{"not_picked":["champ:Riposte","champ:CrookedStrike"],"picked":"champ:DeathBlow","floor":15}],"player_experience":249987,"relics_obtained":[{"floor":2,"key":"Bag of Preparation"},{"floor":5,"key":"Vajra"},{"floor":10,"key":"TungstenRod"}],"event_choices":[],"is_beta":false,"boss_relics":[],"items_purged_floors":[],"is_endless":false,"potions_floor_spawned":[4,8,11,15],"killed_by":"downfall:Ironclad","ascension_level":1}}