{"host":"kiofj7470znkzgvo","time":1608197166,"event":{"mods":["2.2 Compatiblity","AchievementEnabler","BaseMod","Minty Spire (QoL Compilation)"],"gold_per_floor":[113,127,140,158,171,202,202,235,308,341,341,196,225,238,238,339,339,352,365,280,313,313,345,345,361,361,361,361],"floor_reached":27,"playtime":1117,"items_purged":["Strike_B"],"score":266,"play_id":"2d8ad505-af18-4b60-96de-7100baae51b8","local_time":"20201217102606","is_ascension_mode":true,"campfire_choices":[{"floor":7,"key":"REST"},{"floor":11,"key":"RECALL"},{"floor":15,"key":"REST"},{"floor":24,"key":"REST"}],"circlet_count":0,"master_deck":["Strike_B","Defend_B","Defend_B","Defend_B","Defend_B","Zap","Dualcast","Electrodynamics","Sweeping Beam","Beam Cell","Static Discharge","Sweeping Beam","Ball Lightning","Streamline","Reinforced Body","Melter","Capacitor","Leap","Streamline","Barrage","Tempest","Genetic Algorithm","Leap+1","Sweeping Beam+1"],"relics":["Cracked Core","StoneCalendar","Centennial Puzzle","Meat on the Bone","Calipers","Odd Mushroom","SacredBark","Pen Nib","Red Mask","Omamori"],"acts_visited":["Exordium","TheCity"],"potions_floor_usage":[16,23,23],"damage_taken":[{"damage":5,"enemies":"Cultist","floor":1,"turns":4},{"damage":0,"enemies":"Small Slimes","floor":2,"turns":2},{"damage":0,"enemies":"2 Louse","floor":3,"turns":1},{"damage":15,"enemies":"Looter","floor":4,"turns":3},{"damage":9,"enemies":"Exordium Wildlife","floor":5,"turns":3},{"damage":12,"enemies":"3 Sentries","floor":6,"turns":4},{"damage":14,"enemies":"Gremlin Nob","floor":8,"turns":3},{"damage":14,"enemies":"3 Sentries","floor":10,"turns":3},{"damage":1,"enemies":"The Mushroom Lair","floor":13,"turns":2},{"damage":0,"enemies":"2 Fungi Beasts","floor":14,"turns":2},{"damage":23,"enemies":"Hexaghost","floor":16,"turns":8},{"damage":2,"enemies":"Chosen","floor":18,"turns":5},{"damage":35,"enemies":"3 Byrds","floor":19,"turns":3},{"damage":17,"enemies":"Masked Bandits","floor":21,"turns":2},{"damage":37,"enemies":"Slavers","floor":23,"turns":4},{"damage":24,"enemies":"Snake Plant","floor":25,"turns":4},{"damage":21,"enemies":"Book of Stabbing","floor":27,"turns":3}],"seed_played":"4362250388716224293","potions_obtained":[{"floor":3,"key":"CultistPotion"},{"floor":4,"key":"Block Potion"},{"floor":5,"key":"LiquidMemories"},{"floor":10,"key":"BlessingOfTheForge"},{"floor":21,"key":"GamblersBrew"},{"floor":23,"key":"Strength Potion"},{"floor":25,"key":"CultistPotion"}],"is_trial":false,"path_per_floor":["M","M","M","M","M","E","R","E","T","E","R","$","?","M","R","B",null,"M","M","?","?","?","E","R","M","T","E"],"character_chosen":"DEFECT","items_purchased":["Melter"],"campfire_rested":3,"item_purchase_floors":[12],"current_hp_per_floor":[63,63,63,48,39,27,47,33,33,31,31,31,42,42,62,39,68,66,43,43,38,38,13,33,21,21,0,0],"gold":361,"neow_bonus":"THREE_RARE_CARDS","is_daily":false,"chose_seed":false,"campfire_upgraded":0,"win_rate":0.0,"timestamp":1608197166,"path_taken":["M","M","?","M","M","E","R","E","T","E","R","$","?","M","R","BOSS","M","M","?","?","?","E","R","?","T","E"],"items_purchased_type":["Card"],"build_version":"2020-12-13","purchased_purges":1,"victory":false,"max_hp_per_floor":[68,68,68,68,68,68,68,68,68,68,68,68,68,68,68,68,68,68,68,68,68,68,68,68,68,68,68,68],"card_choices":[{"not_picked":["Creative AI","Fission"],"picked":"Electrodynamics","floor":0},{"not_picked":["Redo","Go for the Eyes"],"picked":"Sweeping Beam","floor":1},{"not_picked":["Stack","Leap"],"picked":"Beam Cell","floor":2},{"not_picked":["Hello World","Tempest"],"picked":"Static Discharge","floor":3},{"not_picked":["Aggregate","Barrage"],"picked":"Sweeping Beam","floor":4},{"not_picked":["Steam","Cold Snap"],"picked":"Ball Lightning","floor":5},{"not_picked":["Electrodynamics","Heatsinks"],"picked":"Streamline","floor":6},{"not_picked":["Hologram","Gash"],"picked":"Reinforced Body","floor":8},{"not_picked":["White Noise","Tempest","Beam Cell"],"picked":"SKIP","floor":10},{"not_picked":["Redo","Gash"],"picked":"Capacitor","floor":13},{"not_picked":["Turbo","Hologram"],"picked":"Leap","floor":14},{"not_picked":["Force Field+1","Coolheaded"],"picked":"Streamline","floor":18},{"not_picked":["Compile Driver","Steam"],"picked":"Barrage","floor":19},{"not_picked":["Rebound+1","Coolheaded+1"],"picked":"Leap+1","floor":23},{"not_picked":["Turbo","Stack"],"picked":"Sweeping Beam+1","floor":25}],"player_experience":102253,"relics_obtained":[{"floor":6,"key":"StoneCalendar"},{"floor":8,"key":"Centennial Puzzle"},{"floor":9,"key":"Meat on the Bone"},{"floor":10,"key":"Calipers"},{"floor":13,"key":"Odd Mushroom"},{"floor":21,"key":"Red Mask"},{"floor":23,"key":"Omamori"}],"event_choices":[{"damage_healed":0,"gold_gain":0,"player_choice":"Fought Mushrooms","damage_taken":0,"max_hp_gain":0,"max_hp_loss":0,"event_name":"Mushrooms","floor":13,"gold_loss":0},{"damage_healed":0,"gold_gain":0,"player_choice":"Obtained Relic","damage_taken":0,"relics_obtained":["Pen Nib"],"max_hp_gain":0,"max_hp_loss":0,"event_name":"Addict","floor":20,"gold_loss":85},{"damage_healed":0,"gold_gain":0,"player_choice":"Fought Bandits","damage_taken":0,"max_hp_gain":0,"max_hp_loss":0,"event_name":"Masked Bandits","floor":21,"gold_loss":0},{"damage_healed":0,"gold_gain":0,"cards_transformed":["Strike_B","Strike_B"],"player_choice":"Became Test Subject","damage_taken":0,"max_hp_gain":0,"max_hp_loss":0,"event_name":"Drug Dealer","floor":22,"gold_loss":0,"cards_obtained":["Tempest","Genetic Algorithm"]}],"is_beta":false,"boss_relics":[{"not_picked":["Astrolabe","Philosopher\u0027s Stone"],"picked":"SacredBark"}],"items_purged_floors":[12],"is_endless":false,"potions_floor_spawned":[3,4,5,10,13,21,23,25],"killed_by":"Book of Stabbing","ascension_level":1}}