{"host":"v6z4ef7b9ohrfzi9","time":1608232707,"event":{"mods":["2.2 Compatiblity","Act Like it!","Aspiration","BaseMod","Better Altar","Better Match","Better Sensory Stone","Better Third Choice","BetterRewards","Conspire","Downfall","Gensokyo","Minty Spire (QoL Compilation)","Replay The Spire","Shade Mod","Shop Mod","Spicy Shops","StSLib","Swap Starting Deck Mod","The Administrix"],"gold_per_floor":[121,121,121,21,63,133,133,170,222,40,129,15,47,88,88,244,244,293,293,363,363,423,495,495,62,62,101,163,224,149,149,149,291,291,357,115,184,237,266,266,313,368,368,368,368,411,438,507,507,557],"floor_reached":51,"playtime":166033,"items_purged":[],"score":938,"play_id":"029efad3-f2e8-4795-bdad-d8c5a970043e","local_time":"20201217201827","is_ascension_mode":false,"campfire_choices":[{"data":"conspire:SpireCoStock","floor":7,"key":"SMITH"},{"floor":15,"key":"REST"},{"floor":24,"key":"REST"},{"data":"expansioncontent:DonusPower","floor":32,"key":"SMITH"},{"data":"hexamod:EtherealExpedition","floor":40,"key":"SMITH"},{"data":"hexamod:SpectersWail","floor":49,"key":"SMITH"}],"circlet_count":0,"master_deck":["hexamod:Strike","hexamod:Strike","hexamod:Strike","hexamod:Defend","hexamod:Defend","hexamod:Defend","hexamod:Sear","hexamod:Float+1","hexamod:SwordOfDarkness","hexamod:ExtraCrispy+1","hexamod:HeatShield+1","hexamod:InspiringFlames+1","hexamod:GhostOfSpireFuture+1","conspire:SpireCoStock+1","conspire:SpireCoStock","hexamod:Rewind+1","hexamod:NightmareGuise","hexamod:RecurringNightmare+1","hexamod:ThermalTransfer+1","hexamod:RadiantFlame+1","Master of Strategy+1","hexamod:TimeWarp+1","hexamod:RecurringNightmare+1","hexamod:RecurringNightmare+1","hexamod:EmpoweringStance+1","hexamod:ExtraCrispy+1","hexamod:NecessarySacrifice+1","hexamod:SpectersWail+1","hexamod:HeatMetal+1","hexamod:SpectralAdrenaline+1","hexamod:WildfireWeapon+1","hexamod:EtherealExpedition+1","hexamod:FirstSeal","hexamod:UnleashSpirits+1","HandOfGreed+1","expansioncontent:DonusPower+1","hexamod:EmpoweringStance+1","hexamod:Hexaguard+1","hexamod:FifthSeal","hexamod:SecondSeal","hexamod:FifthSeal","hexamod:TimeWarp+1","hexamod:ThirdSeal","hexamod:FifthSeal","hexamod:FifthSeal","hexamod:FourthSeal","hexamod:FifthSeal","hexamod:VolcanoVisage+1","Doubt","hexamod:FourthSeal","hexamod:ThirdSeal","hexamod:FirstSeal","hexamod:FourthSeal","hexamod:FourthSeal","hexamod:ThirdSeal","hexamod:SecondSeal","hexamod:FifthSeal"],"relics":["hexamod:SpiritBrand","Membership Card","StoneCalendar","Golden Egg","Replay:Bandana","Iron Hammer","Simple Rune","PreservedInsect","aspiration:HummingbirdHeart","hexamod:MatchstickCase","Painkiller Herb","conspire:DecoderRing","Replay:Mystery Machine","Gremlin Food","aspiration:HiddenCompartment","Mango","Pet Ghost","SlaversCollar","HandDrill","Guide Book","aspiration:FetidBarrel","hexamod:TheBrokenSeal","Incense Burner","Ring of Fury","ReplayTheSpireMod:Ring of Challenge","ReplayFunnel"],"acts_visited":["Exordium","TheCity","TheBeyond"],"potions_floor_usage":[6,16,22,23,33,37,46,50,50,50,50,50,50],"damage_taken":[{"damage":0,"enemies":"Cultist","floor":1,"turns":3},{"damage":0,"enemies":"Small Slimes","floor":5,"turns":3},{"damage":27,"enemies":"Gremlin Nob","floor":6,"turns":6},{"damage":0,"enemies":"2 Louse","floor":8,"turns":3},{"damage":6,"enemies":"Replay:BlueRogue","floor":11,"turns":4},{"damage":0,"enemies":"Blue Slaver","floor":13,"turns":2},{"damage":0,"enemies":"conspire:2 RoseBushes","floor":14,"turns":5},{"damage":9,"enemies":"The Guardian","floor":16,"turns":9},{"damage":32,"enemies":"conspire:FuzzyDice","floor":18,"turns":7},{"damage":15,"enemies":"3 Byrds","floor":20,"turns":6},{"damage":14,"enemies":"Sentry and Sphere","floor":22,"turns":7},{"damage":7,"enemies":"conspire:Head Lice","floor":23,"turns":7},{"damage":0,"enemies":"conspire:HollyBat","floor":27,"turns":8},{"damage":10,"enemies":"Cultist and Chosen","floor":28,"turns":7},{"damage":0,"enemies":"Shelled Parasite and Fungi","floor":29,"turns":4},{"damage":21,"enemies":"Champ","floor":33,"turns":8},{"damage":6,"enemies":"Orb Walker","floor":35,"turns":5},{"damage":15,"enemies":"3 Darklings","floor":37,"turns":6},{"damage":11,"enemies":"4 Shapes","floor":38,"turns":7},{"damage":1,"enemies":"Transient","floor":39,"turns":5},{"damage":0,"enemies":"Maw","floor":41,"turns":6},{"damage":0,"enemies":"Jaw Worm Horde","floor":42,"turns":4},{"damage":5,"enemies":"Spire Growth","floor":46,"turns":6},{"damage":16,"enemies":"4 Shapes","floor":47,"turns":7},{"damage":0,"enemies":"Giant Head","floor":48,"turns":6},{"damage":49,"enemies":"Awakened One","floor":50,"turns":9}],"seed_played":"8786069456276936855","potions_obtained":[{"floor":5,"key":"Languid Potion"},{"floor":13,"key":"BlessingOfTheForge"},{"floor":14,"key":"Milkshake"},{"floor":22,"key":"Fruit Juice"},{"floor":27,"key":"PowerPotion"},{"floor":28,"key":"GamblersBrew"},{"floor":29,"key":"LiquidMemories"},{"floor":37,"key":"Milkshake"},{"floor":38,"key":"EntropicBrew"},{"floor":38,"key":"ColorlessPotion"},{"floor":46,"key":"Block Potion"},{"floor":47,"key":"Regen Potion"},{"floor":47,"key":"DistilledChaos"}],"is_trial":false,"path_per_floor":["M","?","?","?","M","E","R","M","T","$","E","$","M","M","R","B",null,"?","?","?","?","?","E","T","T","T","?","?","?","?","?","T","B",null,"?","T","?","?","?","T","?","?","T","?","?","?","?","E","T","B",null],"character_chosen":"THE_SPIRIT","items_purchased":["Membership Card","hexamod:SwordOfDarkness","hexamod:ExtraCrispy","hexamod:HeatShield","Golden Egg","Replay:Bandana","hexamod:InspiringFlames","hexamod:GhostOfSpireFuture","PreservedInsect","hexamod:ThermalTransfer+1","hexamod:RadiantFlame","Master of Strategy","hexamod:TimeWarp","hexamod:MatchstickCase","hexamod:RecurringNightmare","Gremlin Food","aspiration:HiddenCompartment","Mango","hexamod:WildfireWeapon","HandDrill","Guide Book","aspiration:FetidBarrel"],"campfire_rested":2,"item_purchase_floors":[0,0,0,0,0,0,0,0,10,10,10,10,12,12,12,25,25,25,25,36,36,36],"current_hp_per_floor":[38,38,38,38,38,11,11,11,11,11,5,5,5,5,26,17,70,38,38,23,23,9,7,29,43,43,50,54,68,68,68,68,61,89,83,83,75,99,99,99,99,99,99,99,109,109,107,107,107,77],"gold":557,"neow_bonus":"","is_daily":false,"chose_seed":false,"campfire_upgraded":4,"win_rate":0.0,"timestamp":1608232707,"path_taken":["M","?","?","?","M","E","R","M","T","?","E","$","M","M","R","BOSS","?","?","?","?","?","E","T","T","T","?","?","?","?","?","T","BOSS","?","T","?","?","?","T","?","?","T","?","?","?","?","E","T","BOSS"],"items_purchased_type":["Relic","Card","Card","Card","Relic","Relic","Card","Card","Relic","Card","Card","Card","Card","Relic","Card","Relic","Relic","Relic","Card","Relic","Relic","Relic"],"build_version":"2020-12-13","purchased_purges":0,"victory":true,"max_hp_per_floor":[70,70,70,70,70,70,70,70,70,70,70,70,70,70,70,70,70,70,70,70,70,70,75,75,89,89,89,89,89,89,89,89,89,89,89,89,89,99,99,99,99,99,99,99,109,109,109,109,109,109],"card_choices":[{"not_picked":["hexamod:SpectersWail","hexamod:FastForward"],"picked":"hexamod:SecondSeal","floor":1},{"not_picked":["hexamod:SwordOfDarkness","hexamod:BurningTouch"],"picked":"hexamod:Rewind","floor":5},{"not_picked":["hexamod:InspiringFlames","hexamod:Hexaguard"],"picked":"hexamod:NightmareGuise","floor":6},{"not_picked":["hexamod:PhantomFireball","hexamod:RainOfEmbers"],"picked":"hexamod:RecurringNightmare","floor":8},{"not_picked":["hexamod:GhostShield","hexamod:FastForward","hexamod:Hexaguard"],"picked":"SKIP","floor":11},{"not_picked":["hexamod:SpectersWail","hexamod:InspiringFlames","hexamod:Incineration"],"picked":"SKIP","floor":13},{"not_picked":["hexamod:ThermalTransfer","hexamod:BurningTouch"],"picked":"hexamod:EmpoweringStance","floor":14},{"not_picked":["hexamod:VolcanoVisage","hexamod:GhostflameInferno"],"picked":"hexamod:SixthSeal","floor":16},{"not_picked":["hexamod:ThermalTransfer","hexamod:GhostShield"],"picked":"hexamod:ExtraCrispy+1","floor":18},{"not_picked":["hexamod:Incineration","hexamod:GhostOfSpireFuture"],"picked":"hexamod:NecessarySacrifice+1","floor":20},{"not_picked":["hexamod:ShieldOfDarkness+1","hexamod:GhostShield+1"],"picked":"hexamod:SpectersWail","floor":20},{"not_picked":["hexamod:SwordOfDarkness","hexamod:BurningTouch"],"picked":"hexamod:HeatMetal","floor":22},{"not_picked":["hexamod:NightmareStrike+1","hexamod:RetreatToShadows+1"],"picked":"hexamod:TurnItUp","floor":22},{"not_picked":["hexamod:RadiantFlame+1","hexamod:RainOfEmbers"],"picked":"hexamod:FirstSeal","floor":23},{"not_picked":["hexamod:ShieldOfDarkness","hexamod:InspiringFlames"],"picked":"hexamod:SpectralAdrenaline","floor":23},{"not_picked":["hexamod:Again","hexamod:Rewind"],"picked":"hexamod:EtherealExpedition","floor":27},{"not_picked":["hexamod:SwordOfDarkness","hexamod:GhostShield"],"picked":"hexamod:FirstSeal","floor":27},{"not_picked":["hexamod:InspiringFlames+1","hexamod:Hexaguard","hexamod:ShieldOfDarkness+1"],"picked":"SKIP","floor":28},{"not_picked":["hexamod:NecessarySacrifice+1","hexamod:Firestarter"],"picked":"hexamod:UnleashSpirits","floor":29},{"not_picked":["hexamod:BurningTouch","hexamod:ThermalTransfer","hexamod:NightmareStrike+1"],"picked":"SKIP","floor":29},{"not_picked":["expansioncontent:AwakenDeath","expansioncontent:YouAreMine"],"picked":"HandOfGreed","floor":31},{"not_picked":["expansioncontent:PolyBeam","Blind"],"picked":"expansioncontent:DonusPower","floor":31},{"not_picked":["hexamod:SearingWound","hexamod:VolcanoVisage"],"picked":"hexamod:EmpoweringStance","floor":33},{"not_picked":["hexamod:SearingWound","hexamod:SixthSeal"],"picked":"hexamod:FifthSeal","floor":33},{"not_picked":["hexamod:ThirdSeal","hexamod:FifthSeal"],"picked":"hexamod:FourthSeal","floor":35},{"not_picked":["hexamod:NightmareGuise+1","hexamod:InspiringFlames+1"],"picked":"hexamod:Hexaguard+1","floor":35},{"not_picked":["hexamod:FirstSeal","hexamod:FourthSeal"],"picked":"hexamod:FifthSeal","floor":37},{"not_picked":["hexamod:InspiringFlames","hexamod:ExtraCrispy+1"],"picked":"hexamod:SecondSeal","floor":37},{"not_picked":["hexamod:ThermalTransfer+1","hexamod:FastForward","hexamod:BurningTouch"],"picked":"SKIP","floor":37},{"not_picked":["hexamod:FirstSeal","hexamod:SecondSeal"],"picked":"hexamod:FifthSeal","floor":38},{"not_picked":["hexamod:RainOfEmbers","hexamod:EmpoweredFlame+1"],"picked":"hexamod:TimeWarp","floor":38},{"not_picked":["hexamod:SecondSeal","hexamod:FirstSeal"],"picked":"hexamod:ThirdSeal","floor":39},{"not_picked":["hexamod:SwordOfDarkness+1","hexamod:BacktrackSmack+1","hexamod:ExtraCrispy+1"],"picked":"SKIP","floor":39},{"not_picked":["hexamod:SecondSeal","hexamod:FirstSeal"],"picked":"hexamod:FifthSeal","floor":41},{"not_picked":["hexamod:ThirdSeal","hexamod:SecondSeal"],"picked":"hexamod:FifthSeal","floor":41},{"not_picked":["hexamod:Firestarter+1","hexamod:StepThrough+1","hexamod:GhostLash+1"],"picked":"SKIP","floor":41},{"not_picked":["hexamod:SpectersWail","hexamod:StepThrough+1","hexamod:SpectralAdrenaline+1"],"picked":"SKIP","floor":41},{"not_picked":["hexamod:ThirdSeal","hexamod:FifthSeal"],"picked":"hexamod:FourthSeal","floor":42},{"not_picked":["hexamod:FourthSeal","hexamod:SecondSeal"],"picked":"hexamod:FifthSeal","floor":42},{"not_picked":["hexamod:BurningTouch+1","hexamod:RetreatToShadows"],"picked":"hexamod:VolcanoVisage","floor":42},{"not_picked":["hexamod:NightmareStrike","hexamod:Haunt+1","hexamod:BurningTouch+1"],"picked":"SKIP","floor":42},{"not_picked":["hexamod:FifthSeal","hexamod:FirstSeal"],"picked":"hexamod:FourthSeal","floor":46},{"not_picked":["hexamod:FirstSeal","hexamod:SecondSeal"],"picked":"hexamod:ThirdSeal","floor":46},{"not_picked":["hexamod:SoulSteal","hexamod:HauntingEcho"],"picked":"hexamod:FirstSeal","floor":46},{"not_picked":["hexamod:GhostShield+1","hexamod:NightmareGuise+1","hexamod:RainOfEmbers"],"picked":"SKIP","floor":46},{"not_picked":["hexamod:FirstSeal","hexamod:FifthSeal"],"picked":"hexamod:FourthSeal","floor":47},{"not_picked":["hexamod:FirstSeal","hexamod:FifthSeal"],"picked":"hexamod:FourthSeal","floor":47},{"not_picked":["hexamod:FourthSeal","hexamod:SecondSeal"],"picked":"hexamod:ThirdSeal","floor":47},{"not_picked":["hexamod:RetreatToShadows+1","hexamod:SkipABeat+1","hexamod:NightmareGuise+1"],"picked":"SKIP","floor":47},{"not_picked":["hexamod:BacktrackSmack","hexamod:Firestarter+1","hexamod:HauntingEcho+1"],"picked":"SKIP","floor":47},{"not_picked":["hexamod:RainOfEmbers+1","hexamod:AdvancingGuard","hexamod:GhostLash+1"],"picked":"SKIP","floor":47},{"not_picked":["hexamod:FourthSeal","hexamod:ThirdSeal"],"picked":"hexamod:SecondSeal","floor":48},{"not_picked":["hexamod:ThirdSeal","hexamod:FirstSeal"],"picked":"hexamod:FifthSeal","floor":48},{"not_picked":["hexamod:BurningTouch+1","hexamod:GhostShield","hexamod:GhostLash+1"],"picked":"SKIP","floor":48},{"not_picked":["hexamod:FastForward+1","hexamod:RetreatToShadows","hexamod:HeatCrush+1"],"picked":"SKIP","floor":48},{"not_picked":["hexamod:GhostShield+1","hexamod:Haunt","hexamod:HauntingEcho"],"picked":"SKIP","floor":48}],"player_experience":1394740,"relics_obtained":[{"floor":6,"key":"Iron Hammer"},{"floor":9,"key":"Simple Rune"},{"floor":11,"key":"aspiration:HummingbirdHeart"},{"floor":23,"key":"Replay:Mystery Machine"},{"floor":26,"key":"Pet Ghost"},{"floor":43,"key":"Incense Burner"},{"floor":44,"key":"Ring of Fury"},{"floor":44,"key":"ReplayTheSpireMod:Ring of Challenge"},{"floor":48,"key":"ReplayFunnel"}],"event_choices":[{"cards_removed":["hexamod:Defend"],"damage_healed":0,"gold_gain":0,"player_choice":"Forget","damage_taken":0,"max_hp_gain":0,"max_hp_loss":0,"event_name":"Living Wall","floor":3,"gold_loss":0},{"damage_healed":0,"gold_gain":0,"player_choice":"Invest 2","damage_taken":0,"max_hp_gain":0,"max_hp_loss":0,"event_name":"conspire:Investor","floor":4,"gold_loss":0},{"damage_healed":0,"gold_gain":0,"player_choice":"Read","damage_taken":0,"max_hp_gain":0,"max_hp_loss":0,"event_name":"The Library","floor":19,"gold_loss":0,"cards_obtained":["hexamod:ThirdSeal"]},{"damage_healed":0,"gold_gain":0,"player_choice":"Stole Relic","damage_taken":0,"relics_obtained":["conspire:DecoderRing"],"max_hp_gain":0,"max_hp_loss":0,"event_name":"Addict","floor":21,"gold_loss":0,"cards_obtained":["Shame"]},{"cards_removed":["Shame"],"damage_healed":0,"gold_gain":0,"player_choice":"Gave Gold","damage_taken":0,"max_hp_gain":0,"max_hp_loss":0,"event_name":"Beggar","floor":30,"gold_loss":75},{"damage_healed":0,"gold_gain":2,"player_choice":"1","damage_taken":0,"max_hp_gain":0,"max_hp_loss":0,"event_name":"betterStone:BetterStone","floor":31,"gold_loss":0},{"cards_removed":["hexamod:TurnItUp"],"damage_healed":0,"gold_gain":0,"player_choice":"Offered Rare","damage_taken":0,"max_hp_gain":10,"max_hp_loss":0,"event_name":"Bonfire Elementals","floor":45,"gold_loss":0}],"is_beta":false,"boss_relics":[{"not_picked":["aspiration:SecretTechniqueScroll","Replay:Ancient Bell"],"picked":"Painkiller Herb"},{"not_picked":["Snecko Eye","conspire:RunicOctahedron"],"picked":"SlaversCollar"}],"items_purged_floors":[],"is_endless":false,"potions_floor_spawned":[5,13,14,22,27,28,29,38],"ascension_level":0}}