{"host":"j61pjxqytd94o6ng","time":1608237779,"event":{"mods":["BaseMod","Colored Map","Colored Powertips","Downfall","Minty Spire (QoL Compilation)","StSLib"],"gold_per_floor":[0,100,160,220,220,284,333,345,395,357,409,487,522,574,630,642,642],"floor_reached":16,"playtime":523,"items_purged":[],"score":94,"play_id":"c8edcb05-2214-415e-b7ea-1d3dc3f8d968","local_time":"20201217134259","is_ascension_mode":false,"campfire_choices":[{"data":"HandOfGreed","floor":1,"key":"SMITH"},{"data":"Slimebound:CorrosiveSpit","floor":5,"key":"SMITH"},{"floor":10,"key":"REST"}],"circlet_count":0,"master_deck":["Slimebound:Strike_Slimebound","Slimebound:Strike_Slimebound","Slimebound:Strike_Slimebound","Slimebound:Tackle","Slimebound:Defend_Slimebound","Slimebound:Defend_Slimebound","Slimebound:Defend_Slimebound","Slimebound:Defend_Slimebound","Slimebound:Split","Slimebound:CorrosiveSpit+1","HandOfGreed+1","Slimebound:SlimeBrawl","Slimebound:Schlurp","Slimebound:TongueLash","Slimebound:SlimeBrawl","Slimebound:LeechEnergy","Slimebound:SlimeTap","Slimebound:AcidTongue","Slimebound:MegaLick"],"relics":["Slimebound:AbsorbEndCombat","Bag of Marbles","MawBank","Slimebound:GreedOozeRelic","Blood Vial"],"acts_visited":["Exordium"],"potions_floor_usage":[11,16,16,16],"damage_taken":[{"damage":43,"enemies":"Lagavulin Event","floor":3,"turns":5},{"damage":9,"enemies":"Small Slimes","floor":4,"turns":3},{"damage":0,"enemies":"2 Louse","floor":6,"turns":5},{"damage":0,"enemies":"Jaw Worm","floor":9,"turns":1},{"damage":4,"enemies":"Blue Slaver","floor":11,"turns":2},{"damage":29,"enemies":"Exordium Wildlife","floor":12,"turns":4},{"damage":11,"enemies":"Lots of Slimes","floor":14,"turns":4},{"damage":16,"enemies":"Large Slime","floor":15,"turns":3},{"damage":27,"enemies":"downfall:Silent","floor":16,"turns":5}],"seed_played":"8156275564743529352","potions_obtained":[{"floor":3,"key":"Slimebound:ThreeZeroPotion"},{"floor":4,"key":"SpeedPotion"},{"floor":9,"key":"ColorlessPotion"},{"floor":12,"key":"Slimebound:SlimyTonguePotion"}],"is_trial":false,"path_per_floor":["R","?","?","M","R","M","T","?","M","R","M","M","T","M","M","B"],"character_chosen":"SLIMEBOUND","items_purchased":[],"campfire_rested":1,"item_purchase_floors":[],"current_hp_per_floor":[60,60,25,22,22,24,24,24,26,44,48,27,27,22,14,0,0],"gold":642,"neow_bonus":"RANDOM_COLORLESS_2","is_daily":false,"chose_seed":false,"campfire_upgraded":2,"win_rate":0.0,"timestamp":1608237779,"path_taken":["R","?","?","M","R","M","T","?","M","R","M","M","?","M","M","BOSS"],"items_purchased_type":[],"build_version":"2020-12-13","purchased_purges":0,"victory":false,"max_hp_per_floor":[60,60,60,60,60,60,60,60,60,60,60,60,60,60,60,60,60],"card_choices":[{"not_picked":["Violence","Secret Technique"],"picked":"HandOfGreed","floor":0},{"not_picked":["Slimebound:BestDefense","Slimebound:ItLooksTasty"],"picked":"Slimebound:SlimeBrawl","floor":3},{"not_picked":["Slimebound:Grow","Slimebound:FinishingTackle"],"picked":"Slimebound:Schlurp","floor":4},{"not_picked":["Slimebound:PressTheAttack","Slimebound:DuplicatedForm"],"picked":"Slimebound:TongueLash","floor":6},{"not_picked":["Slimebound:GrowthPunch","Slimebound:RollThrough"],"picked":"Slimebound:SlimeBrawl","floor":9},{"not_picked":["Slimebound:DisruptingSlam","Slimebound:ViciousTackle"],"picked":"Slimebound:LeechEnergy","floor":11},{"not_picked":["Slimebound:SplitLeeching","Slimebound:LeadByExample"],"picked":"Slimebound:SlimeTap","floor":12},{"not_picked":["Slimebound:Schlurp","Slimebound:DisruptingSlam"],"picked":"Slimebound:AcidTongue","floor":14},{"not_picked":["Slimebound:DivideAndConquer","Slimebound:SplitLeeching"],"picked":"Slimebound:MegaLick","floor":15}],"player_experience":465672,"relics_obtained":[{"floor":7,"key":"MawBank"},{"floor":13,"key":"Blood Vial"}],"event_choices":[],"is_beta":false,"boss_relics":[],"items_purged_floors":[],"is_endless":false,"potions_floor_spawned":[3,4,9,12],"killed_by":"downfall:Silent","ascension_level":0}}