{"host":"ri7byulpsrkf7k3w","time":1608187043,"event":{"mods":["Act Like it!","BaseMod","Beaked The Cultist","Better Third Choice","BetterRewards","Downfall","Hermit","Minty Spire (QoL Compilation)","Quick Restart","Rare Cards Sparkle","StSLib"],"gold_per_floor":[99,127,138,238,238,688,688,715,727,774,786,811,834,846,875,887,887],"floor_reached":16,"playtime":973,"items_purged":[],"score":110,"play_id":"52aa265e-26a1-4c85-a7f4-5d9f82474465","local_time":"20201217003723","is_ascension_mode":false,"campfire_choices":[{"floor":1.0,"key":"RECALL"},{"floor":5.0,"key":"REST"},{"floor":9.0,"key":"REST"}],"circlet_count":0,"master_deck":["hexamod:Strike","hexamod:Strike","hexamod:Strike","hexamod:Strike","hexamod:Defend","hexamod:Defend","hexamod:Defend","hexamod:Defend","hexamod:Sear","hexamod:Float","hexamod:Hexaguard","hexamod:Again","Slimebound:Icky","Slimebound:Icky","Slimebound:Icky","hexamod:Incineration","hexamod:CrushingStance","hexamod:NecessarySacrifice","hexamod:NecessarySacrifice","hexamod:Incineration"],"relics":["hexamod:SpiritBrand","Du-Vu Doll","MawBank","StrikeDummy","downfall:BrokenWingStatue"],"acts_visited":["Exordium"],"potions_floor_usage":[15],"damage_taken":[{"damage":51.0,"enemies":"Lagavulin","floor":2.0,"turns":11.0},{"damage":1.0,"enemies":"2 Louse","floor":3.0,"turns":4.0},{"damage":3.0,"enemies":"Jaw Worm","floor":8.0,"turns":4.0},{"damage":18.0,"enemies":"3 Sentries","floor":10.0,"turns":8.0},{"damage":0.0,"enemies":"Small Slimes","floor":12.0,"turns":2.0},{"damage":0.0,"enemies":"3 Louse","floor":13.0,"turns":3.0},{"damage":4,"enemies":"Gremlin Gang","floor":15,"turns":3},{"damage":74,"enemies":"downfall:Defect","floor":16,"turns":6}],"seed_played":"2545921060590050370","potions_obtained":[{"floor":8.0,"key":"SteroidPotion"},{"floor":13.0,"key":"Slimebound:ThreeZeroPotion"},{"floor":15,"key":"Swift Potion"}],"is_trial":false,"path_per_floor":["R","E","M","?","R","?","T","M","R","E","?","M","M","?","M","B"],"character_chosen":"THE_SPIRIT","items_purchased":[],"campfire_rested":2,"item_purchase_floors":[],"current_hp_per_floor":[77,26,25,25,48,48,48,45,68,50,50,50,50,77,73,0,0],"gold":887,"neow_bonus":"TEN_PERCENT_HP_BONUS","is_daily":false,"chose_seed":false,"campfire_upgraded":0,"win_rate":0.0,"timestamp":1608187043,"path_taken":["R","E","M","?","R","?","T","M","R","E","?","M","M","?","M","BOSS"],"items_purchased_type":[],"build_version":"2020-12-13","purchased_purges":0,"victory":false,"max_hp_per_floor":[77,77,77,77,77,77,77,77,77,77,77,77,77,77,77,77,77],"card_choices":[{"not_picked":["hexamod:ThermalTransfer","hexamod:SkipABeat"],"picked":"hexamod:Hexaguard","floor":2.0},{"not_picked":["hexamod:ThermalTransfer","hexamod:BacktrackSmack"],"picked":"hexamod:Again","floor":3.0},{"not_picked":["hexamod:GhostflameBarrier","hexamod:HeatCrush"],"picked":"hexamod:Incineration","floor":8.0},{"not_picked":["hexamod:NightmareStrike","hexamod:AdvancingGuard"],"picked":"hexamod:CrushingStance","floor":10.0},{"not_picked":["hexamod:PhantomCloak","hexamod:AdvancingGuard"],"picked":"hexamod:NecessarySacrifice","floor":12.0},{"not_picked":["hexamod:Firestarter","hexamod:ShieldOfDarkness"],"picked":"hexamod:NecessarySacrifice","floor":13.0},{"not_picked":["hexamod:Firestarter","hexamod:InspiringFlames"],"picked":"hexamod:Incineration","floor":15}],"player_experience":345180,"relics_obtained":[{"floor":2.0,"key":"Du-Vu Doll"},{"floor":7.0,"key":"MawBank"},{"floor":10.0,"key":"StrikeDummy"}],"event_choices":[],"is_beta":false,"boss_relics":[],"items_purged_floors":[],"is_endless":false,"potions_floor_spawned":[8,13,15],"killed_by":"downfall:Defect","ascension_level":0}}