{"host":"ml80p9p157c7xd90","time":1608178784,"event":{"mods":["2.2 Compatiblity","Act Like it!","Ascension Unlocker","Aspiration","BaseMod","Better Altar","Better Match","Better Note","Better Sensory Stone","Better Skull","Better Third Choice","CapriCore","Colored Map","Conspire","Downfall","Friendly Minions","Gensokyo","Halation","Hubris","Infinite Spire","Minty Spire (QoL Compilation)","Pale of the Ancients","Replay The Spire","Shade Mod","StSLib","The Mystic","Wandering Minibosses"],"gold_per_floor":[99,99,130,144,177,477,528,528,453,453,453],"floor_reached":10,"playtime":471,"items_purged":[],"score":149,"play_id":"ddadbd57-043e-42f8-96eb-86c6979c8028","local_time":"20201216211944","is_ascension_mode":true,"campfire_choices":[{"data":"champ:Taunt","floor":1,"key":"SMITH"},{"data":"Echo Form","floor":9,"key":"SMITH"}],"circlet_count":0,"master_deck":["AscendersBane","champ:Strike","champ:Strike","champ:Strike","champ:Strike","champ:Defend","champ:Defend","champ:Defend","champ:Defend","champ:Execute","champ:Taunt+1","Echo Form+1","champ:Circumvent","champ:BringItOn","champ:Lariat","Slimebound:Icky","Slimebound:Icky","Slimebound:Icky"],"relics":["halation:LoveArrow","Simple Rune","Darkstone Periapt","conspire:DecoderRing","ReplayTheSpireMod:Shallot","downfall:HeartBlessingBlue"],"acts_visited":["Exordium"],"potions_floor_usage":[],"damage_taken":[{"damage":53,"enemies":"Lagavulin","floor":3,"turns":9},{"damage":15,"enemies":"Jaw Worm","floor":4,"turns":4},{"damage":15,"enemies":"conspire:MimicChest","floor":5,"turns":9},{"damage":46,"enemies":"3 Sentries","floor":10,"turns":9}],"seed_played":"2649706980771146549","potions_obtained":[{"floor":4,"key":"SpeedPotion"}],"is_trial":false,"path_per_floor":["R","?","E","M","?","?","T","T","R","E"],"character_chosen":"THE_CHAMP","items_purchased":[],"campfire_rested":0,"item_purchase_floors":[],"current_hp_per_floor":[73,61,28,28,23,41,41,41,51,5,5],"gold":453,"neow_bonus":"BOSS_RELIC","is_daily":false,"chose_seed":false,"campfire_upgraded":2,"win_rate":0.0,"timestamp":1608178784,"path_taken":["R","?","E","M","?","?","T","?","R","E"],"items_purchased_type":[],"build_version":"2020-12-13","purchased_purges":0,"victory":false,"max_hp_per_floor":[81,81,81,81,81,99,99,99,109,109,109],"card_choices":[{"not_picked":["champ:Shatter","champ:BerserkersShout"],"picked":"champ:Circumvent","floor":3},{"not_picked":["champ:PerfectedStrike","champ:TornadoPunch"],"picked":"champ:BringItOn","floor":4},{"not_picked":["champ:PreciseThrust","champ:FlashCut"],"picked":"champ:Lariat","floor":5}],"player_experience":495871,"relics_obtained":[{"floor":3,"key":"Darkstone Periapt"},{"floor":5,"key":"conspire:DecoderRing"},{"floor":8,"key":"ReplayTheSpireMod:Shallot"}],"event_choices":[],"is_beta":false,"boss_relics":[],"items_purged_floors":[],"is_endless":false,"potions_floor_spawned":[4],"killed_by":"3 Sentries","ascension_level":20}}