{"host":"bur01y2cdbn9byel","time":1608165874,"event":{"mods":["2.2 Compatiblity","Bartender","BaseMod","Downfall","Minty Spire (QoL Compilation)","StSLib","The Animator","The Exalted","The Hierophant"],"gold_per_floor":[99,117,131,131,131,131,202,232,232,262,279,295,312,54,75,181,181,181,208,483,83,126,126,126,126,167,167,190,16,38,38,61,173,173,173,211,236,249,306,318,387,405,405,437,453,506,526,544,557,557],"floor_reached":51,"playtime":14388,"items_purged":["Regret"],"score":811,"play_id":"253f2509-55f3-4b27-a370-6d1c43533f98","local_time":"20201217014434","is_ascension_mode":false,"campfire_choices":[{"data":"hexamod:Float","floor":1.0,"key":"SMITH"},{"data":"hexamod:RainOfEmbers","floor":4.0,"key":"SMITH"},{"data":"hexamod:AdvancingGuard","floor":6.0,"key":"SMITH"},{"data":"hexamod:InspiringFlames","floor":9.0,"key":"SMITH"},{"data":"Apotheosis","floor":18.0,"key":"SMITH"},{"floor":23,"key":"REST"},{"data":"hexamod:TimeOfNeed","floor":25,"key":"SMITH"},{"data":"hexamod:VolcanoVisage","floor":27,"key":"SMITH"},{"data":"hexamod:HeatShield","floor":35,"key":"SMITH"},{"data":"hexamod:TimeWarp","floor":43,"key":"SMITH"}],"circlet_count":0,"master_deck":["hexamod:Sear+1","hexamod:Float+1","hexamod:RainOfEmbers+1","hexamod:AdvancingGuard+1","hexamod:InspiringFlames+1","hexamod:GhostflameBarrier","hexamod:GhostOfSpireFuture","hexamod:SpectersWail","hexamod:Firestarter","hexamod:GhostOfSpirePast","Apotheosis+1","hexamod:SpectersWail","hexamod:VolcanoVisage+1","hexamod:TimeOfNeed+1","hexamod:RadiantFlame","hexamod:HexaLevel","hexamod:NightmareGuise+1","hexamod:PhantomFireball+1","hexamod:EmpoweredFlame+1","expansioncontent:StudyTheSpire","hexamod:RetreatToShadows+1","hexamod:ThermalTransfer+1","Shame","hexamod:ExtraCrispy+1","hexamod:TimeWarp","hexamod:PowerFromBeyond","hexamod:Again","hexamod:CatchUp","hexamod:HauntingEcho","hexamod:Rewind","hexamod:InspiringFlames","hexamod:HeatShield+1","hexamod:EmpoweredFlame","hexamod:FirstSeal","hexamod:EmpoweredFlame","hexamod:FirstSeal","hexamod:FirstSeal","hexamod:TimeWarp+1","hexamod:GhostOfSpirePresent","hexamod:SpectersWail+1","hexamod:HexaLevel"],"relics":["hexamod:SpiritBrand","Bromod:ArcaneDeflection","Bronze Scales","Art of War","Silver_Glasses","Lee\u0027s Waffle","Pocketwatch","Kunai","Letter Opener","Bromod:ArcaneTempo","Pandora\u0027s Box","The Courier","hexamod:TheBrokenSeal","Lizard Tail","Bromod:ArcaneGuardian","Bromod:ArcaneVictory","StoneCalendar"],"acts_visited":["Exordium","TheCity","TheBeyond"],"potions_floor_usage":[22,22,29,29,33,36,39,40,44,46,47,49],"damage_taken":[{"damage":17.0,"enemies":"Small Slimes","floor":2.0,"turns":3.0},{"damage":0.0,"enemies":"Cultist","floor":3.0,"turns":3.0},{"damage":14.0,"enemies":"Lagavulin","floor":8.0,"turns":6.0},{"damage":0.0,"enemies":"3 Sentries","floor":10.0,"turns":8.0},{"damage":0.0,"enemies":"2 Louse","floor":11.0,"turns":2.0},{"damage":10.0,"enemies":"Exordium Thugs","floor":12.0,"turns":4.0},{"damage":0.0,"enemies":"Large Slime","floor":13.0,"turns":5.0},{"damage":0.0,"enemies":"downfall:FleeingMerchant","floor":14.0,"turns":4.0},{"damage":1.0,"enemies":"2 Fungi Beasts","floor":15.0,"turns":2.0},{"damage":17.0,"enemies":"downfall:Silent","floor":16.0,"turns":12.0},{"damage":10,"enemies":"Spheric Guardian","floor":19,"turns":5},{"damage":12,"enemies":"downfall:FleeingMerchant","floor":21,"turns":4},{"damage":46,"enemies":"Slavers","floor":22,"turns":4},{"damage":19,"enemies":"Gremlin Leader","floor":26,"turns":8},{"damage":3,"enemies":"3 Byrds","floor":28,"turns":3},{"damage":0,"enemies":"downfall:FleeingMerchant","floor":29,"turns":4},{"damage":21,"enemies":"Snake Plant","floor":30,"turns":4},{"damage":20,"enemies":"Centurion and Healer","floor":32,"turns":6},{"damage":3,"enemies":"downfall:Defect","floor":33,"turns":9},{"damage":20,"enemies":"Nemesis","floor":36,"turns":5},{"damage":28,"enemies":"Orb Walker","floor":37,"turns":5},{"damage":19,"enemies":"3 Shapes","floor":38,"turns":5},{"damage":0,"enemies":"Mind Bloom Boss Battle","floor":39,"turns":7},{"damage":28,"enemies":"3 Darklings","floor":40,"turns":4},{"damage":31,"enemies":"Spire Growth","floor":42,"turns":5},{"damage":21,"enemies":"Reptomancer","floor":44,"turns":6},{"damage":3,"enemies":"Jaw Worm Horde","floor":45,"turns":4},{"damage":25,"enemies":"2 Orb Walkers","floor":46,"turns":4},{"damage":18,"enemies":"Sphere and 2 Shapes","floor":47,"turns":5},{"damage":0,"enemies":"4 Shapes","floor":48,"turns":4},{"damage":21,"enemies":"Transient","floor":49,"turns":5},{"damage":19,"enemies":"downfall:Watcher","floor":50,"turns":9}],"seed_played":"-4034738527184017838","potions_obtained":[{"floor":2.0,"key":"sneckomod:MuddlingPotion"},{"floor":3.0,"key":"hexamod:DoubleChargePotion"},{"floor":12.0,"key":"hexamod:DoubleChargePotion"},{"floor":13.0,"key":"Swift Potion"},{"floor":15.0,"key":"Block Potion"},{"floor":16.0,"key":"Ancient Potion"},{"floor":22,"key":"Ancient Potion"},{"floor":26,"key":"Regen Potion"},{"floor":28,"key":"Ancient Potion"},{"floor":28,"key":"Block Potion"},{"floor":29,"key":"CultistPotion"},{"floor":30,"key":"Explosive Potion"},{"floor":33,"key":"Dexterity Potion"},{"floor":37,"key":"champ:CounterPotion"},{"floor":38,"key":"DistilledChaos"},{"floor":38,"key":"Energy Potion"},{"floor":39,"key":"BlessingOfTheForge"},{"floor":42,"key":"FearPotion"},{"floor":44,"key":"Weak Potion"},{"floor":47,"key":"Fire Potion"}],"is_trial":false,"path_per_floor":["R","M","M","R","?","R","T","E","R","E","M","M","M","$","M","B",null,"R","M","?","$","E","R","T","R","E","R","M","$","M","?","M","B",null,"R","E","M","M","?","M","T","M","R","E","M","?","M","M","M","B",null],"character_chosen":"THE_SPIRIT","items_purchased":["hexamod:SecondSeal","Apotheosis","hexamod:TimeOfNeed","Fruit Juice","Lee\u0027s Waffle","expansioncontent:StudyTheSpire"],"campfire_rested":1,"item_purchase_floors":[14,14,21,21,21,29],"current_hp_per_floor":[70,53,53,53,53,53,53,39,39,39,39,29,29,29,28,11,70,70,60,60,77,36,60,60,60,41,41,38,50,29,29,9,6,82,82,62,41,36,92,78,78,68,68,68,82,73,79,90,84,80],"gold":557,"neow_bonus":"UPGRADE_CARD","is_daily":false,"chose_seed":false,"campfire_upgraded":9,"win_rate":0.0,"timestamp":1608165874,"path_taken":["R","M","M","R","?","R","T","E","R","E","M","M","M","$","M","BOSS","R","?","?","$","E","R","T","R","E","R","M","?","?","?","M","BOSS","R","E","M","M","?","M","T","M","R","E","M","?","M","M","M","BOSS"],"items_purchased_type":["Card","Card","Card","Potion","Relic","Card"],"build_version":"2020-12-13","purchased_purges":1,"victory":true,"max_hp_per_floor":[70,70,70,70,70,70,70,70,70,70,70,70,70,70,70,70,70,70,70,70,77,82,82,82,82,82,82,82,82,82,82,82,82,82,82,82,82,82,92,92,92,92,92,92,92,92,92,92,92,92],"card_choices":[{"not_picked":["hexamod:ChargedBarrage","hexamod:GhostLash"],"picked":"hexamod:RainOfEmbers","floor":2.0},{"not_picked":["hexamod:BacktrackSmack","hexamod:BurningTouch"],"picked":"hexamod:AdvancingGuard","floor":3.0},{"not_picked":["hexamod:SwordOfDarkness","hexamod:SpectralAdrenaline"],"picked":"hexamod:InspiringFlames","floor":8.0},{"not_picked":["hexamod:AdvancingGuard","hexamod:TurnItUp"],"picked":"hexamod:GhostflameBarrier","floor":10.0},{"not_picked":["hexamod:PhantomCloak","hexamod:Haunt"],"picked":"hexamod:GhostOfSpireFuture","floor":11.0},{"not_picked":["hexamod:GhostLash","hexamod:HauntingEcho"],"picked":"hexamod:SpectersWail","floor":12.0},{"not_picked":["hexamod:AdvancingGuard","hexamod:RainOfEmbers"],"picked":"hexamod:Firestarter","floor":13.0},{"not_picked":["hexamod:SoulSteal","hexamod:SwordOfDarkness"],"picked":"hexamod:GhostOfSpirePast","floor":14.0},{"not_picked":["hexamod:InspiringFlames","hexamod:FastForward"],"picked":"hexamod:SpectersWail","floor":15.0},{"not_picked":["hexamod:WildfireWeapon","hexamod:GhostflameInferno"],"picked":"hexamod:VolcanoVisage","floor":16.0},{"not_picked":["hexamod:HeatShield","hexamod:NightmareGuise"],"picked":"hexamod:ThirdSeal","floor":19},{"not_picked":["hexamod:CatchUp+1","hexamod:GhostLash"],"picked":"hexamod:FourthSeal","floor":21},{"not_picked":["hexamod:FastForward+1","hexamod:GhostShield","hexamod:ShieldOfDarkness"],"picked":"SKIP","floor":21},{"not_picked":["hexamod:GhostflameBarrier+1","hexamod:CatchUp","hexamod:StepThrough"],"picked":"SKIP","floor":22},{"not_picked":["hexamod:Hexaguard","hexamod:HauntingEcho","hexamod:BurningTouch+1"],"picked":"SKIP","floor":22},{"not_picked":["hexamod:FourthSeal","hexamod:BacktrackSmack+1"],"picked":"hexamod:RadiantFlame","floor":26},{"not_picked":["hexamod:Again","hexamod:GhostflameBarrier","hexamod:FourthSeal"],"picked":"SKIP","floor":26},{"not_picked":["hexamod:PhantomFireball+1","hexamod:AdvancingGuard"],"picked":"hexamod:HexaLevel","floor":28},{"not_picked":["hexamod:HauntingEcho","hexamod:FastForward+1"],"picked":"hexamod:NightmareGuise+1","floor":28},{"not_picked":["hexamod:BurningTouch","hexamod:SpectersWail"],"picked":"hexamod:PhantomFireball+1","floor":29},{"not_picked":["hexamod:GiftsFromTheDead","hexamod:BacktrackSmack"],"picked":"hexamod:EmpoweredFlame","floor":29},{"not_picked":["hexamod:GhostLash","hexamod:ThermalTransfer"],"picked":"hexamod:RetreatToShadows+1","floor":30},{"not_picked":["hexamod:Firestarter","hexamod:Incineration"],"picked":"hexamod:ThermalTransfer+1","floor":30},{"not_picked":["hexamod:FastForward","hexamod:SwordOfDarkness"],"picked":"hexamod:ExtraCrispy+1","floor":32},{"not_picked":["hexamod:UnleashSpirits","hexamod:TurnItUp"],"picked":"hexamod:SixthSeal","floor":33},{"not_picked":["hexamod:SearingWound","hexamod:UnleashSpirits"],"picked":"hexamod:TimeWarp","floor":33},{"not_picked":["hexamod:Haunt","hexamod:AdvancingGuard"],"picked":"hexamod:FirstSeal","floor":36},{"not_picked":["hexamod:BacktrackSmack","hexamod:ShieldOfDarkness"],"picked":"hexamod:EmpoweredFlame","floor":36},{"not_picked":["hexamod:ThirdSeal","hexamod:FourthSeal","hexamod:SixthSeal"],"picked":"SKIP","floor":36},{"not_picked":["hexamod:ThirdSeal","hexamod:FourthSeal"],"picked":"hexamod:FirstSeal","floor":37},{"not_picked":["hexamod:FastForward+1","hexamod:DynamicBlow+1"],"picked":"hexamod:EmpoweredFlame","floor":37},{"not_picked":["hexamod:SixthSeal","hexamod:FourthSeal"],"picked":"hexamod:FirstSeal","floor":38},{"not_picked":["hexamod:GhostLash","hexamod:InspiringFlames+1","hexamod:Incineration"],"picked":"SKIP","floor":38},{"not_picked":["hexamod:GhostLash","hexamod:NightmareGuise"],"picked":"hexamod:FirstSeal","floor":40},{"not_picked":["hexamod:SwordOfDarkness","hexamod:Firestarter+1"],"picked":"hexamod:TimeWarp","floor":42},{"not_picked":["hexamod:Incineration+1","hexamod:HeatShield","hexamod:SecondSeal"],"picked":"SKIP","floor":44},{"not_picked":["hexamod:GhostOfSpirePast+1","hexamod:ThermalTransfer"],"picked":"hexamod:GhostOfSpirePresent","floor":45},{"not_picked":["hexamod:GhostOfSpireFuture+1","hexamod:RainOfEmbers+1"],"picked":"hexamod:SpectersWail+1","floor":47},{"not_picked":["hexamod:InspiringFlames+1","hexamod:BurningTouch","hexamod:StepThrough+1"],"picked":"SKIP","floor":48},{"not_picked":["hexamod:Firestarter","hexamod:NightmareStrike"],"picked":"hexamod:HexaLevel","floor":49}],"player_experience":1200756,"relics_obtained":[{"floor":7.0,"key":"Bromod:ArcaneDeflection"},{"floor":8.0,"key":"Bronze Scales"},{"floor":10.0,"key":"Art of War"},{"floor":22,"key":"Pocketwatch"},{"floor":24,"key":"Kunai"},{"floor":26,"key":"Letter Opener"},{"floor":36,"key":"The Courier"},{"floor":39,"key":"Lizard Tail"},{"floor":41,"key":"Bromod:ArcaneGuardian"},{"floor":44,"key":"Bromod:ArcaneVictory"},{"floor":46,"key":"StoneCalendar"}],"event_choices":[{"damage_healed":0.0,"max_hp_gain":0.0,"max_hp_loss":0.0,"gold_gain":0.0,"event_name":"NoteForYourself","player_choice":"Ignored","floor":5.0,"gold_loss":0.0,"damage_taken":0.0},{"damage_healed":0,"gold_gain":0,"player_choice":"Stole Relic","damage_taken":0,"relics_obtained":["Bromod:ArcaneTempo"],"max_hp_gain":0,"max_hp_loss":0,"event_name":"Addict","floor":31,"gold_loss":0,"cards_obtained":["Shame"]},{"damage_healed":0,"gold_gain":0,"player_choice":"Fight","damage_taken":0,"max_hp_gain":0,"max_hp_loss":0,"event_name":"Mysterious Sphere","floor":46,"gold_loss":0}],"is_beta":false,"boss_relics":[{"not_picked":["Black Star","Busted Crown"],"picked":"Silver_Glasses"},{"not_picked":["Empty Cage","Coffee Dripper"],"picked":"Pandora\u0027s Box"}],"items_purged_floors":[21],"is_endless":false,"potions_floor_spawned":[2,3,12,13,15,16,28,32,33,37,38,42,44,47],"ascension_level":0}}