{"host":"1rf9pknejqhzkc4o","time":1608223976,"event":{"mods":["Aspiration","BaseMod","Better Altar","Better Match","Better Note","Better Sensory Stone","Better Skull","Better Third Choice","Colored Map","Colored Powertips","Communication Mod","Conspire","Energized Spire","Hubris","Infinite Spire","Ironclad Rager","Minty Spire (QoL Compilation)","Quick Restart","RNG Fix","Rare Cards Sparkle","Relic Stats","Replay The Spire","Retaliation","Spicy Shops","StSLib","The Blue Laboratory","Trackpad"],"gold_per_floor":[116,116,116,127,50,50,76,87,87,99,99,99,99,99,99,99,99],"floor_reached":16,"playtime":427,"items_purged":[],"score":88,"play_id":"9f238c23-2f01-489f-919d-9789c4e240eb","local_time":"20201217195256","is_ascension_mode":false,"campfire_choices":[{"data":"Bandage Up","floor":6,"key":"SMITH"},{"data":"FollowUp","floor":11,"key":"SMITH"},{"data":"Consecrate","floor":13,"key":"SMITH"},{"data":"Consecrate","floor":15,"key":"SMITH"}],"circlet_count":0,"master_deck":["Strike_P+1","Strike_P+1","Strike_P","Strike_P","Defend_P","Defend_P","Defend_P","Defend_P","Eruption","Vigilance","FollowUp+1","Bandage Up+1","Adaptation","Consecrate+1","FlurryOfBlows","Consecrate+1","Injury"],"relics":["PureWater","aspiration:Nostalgia","Sizzling Blood","HandDrill","Blood Vial","Eternal Feather","Molten Egg 2"],"acts_visited":["Exordium"],"potions_floor_usage":[1],"damage_taken":[{"damage":14,"enemies":"Small Slimes","floor":1,"turns":5},{"damage":9,"enemies":"Cultist","floor":4,"turns":5},{"damage":2,"enemies":"2 Louse","floor":8,"turns":3},{"damage":20,"enemies":"2 Fungi Beasts","floor":10,"turns":3},{"damage":84,"enemies":"Hexaghost","floor":16,"turns":9}],"seed_played":"-803841013639799291","potions_obtained":[{"floor":1,"key":"Fruit Juice"},{"floor":4,"key":"blueLaboratory:PolymorphPotion"}],"is_trial":false,"path_per_floor":["M","?","?","M","$","R","T","M","T","M","R","$","R","?","R","B"],"character_chosen":"WATCHER","items_purchased":["HandDrill"],"campfire_rested":0,"item_purchase_floors":[5],"current_hp_per_floor":[71,71,55,54,54,54,54,64,64,56,65,65,74,74,81,0,0],"gold":99,"neow_bonus":"NOSTALGIA","is_daily":false,"chose_seed":false,"campfire_upgraded":4,"win_rate":0.0,"timestamp":1608223976,"path_taken":["M","?","?","?","$","R","?","M","T","M","R","$","R","?","R","BOSS"],"items_purchased_type":["Relic"],"build_version":"2020-12-13","purchased_purges":0,"victory":false,"max_hp_per_floor":[81,81,81,81,81,81,81,81,81,81,81,81,81,81,81,81,81],"relic_stats":{"Blood Vial":4,"counters":[5,25],"Eternal Feather":25,"HandDrill":[2],"obtain_stats":[{"Blood Vial":7,"aspiration:Nostalgia":0,"Eternal Feather":9,"Molten Egg 2":14,"Sizzling Blood":0,"HandDrill":5,"PureWater":0},{"Blood Vial":2,"aspiration:Nostalgia":0,"Eternal Feather":3,"Molten Egg 2":4,"Sizzling Blood":0,"HandDrill":2,"PureWater":0},{"Blood Vial":10,"aspiration:Nostalgia":0,"Eternal Feather":13,"Molten Egg 2":16,"Sizzling Blood":0,"HandDrill":10,"PureWater":0}]},"card_choices":[{"not_picked":["Meditate","Weave"],"picked":"FollowUp","floor":1},{"not_picked":["PanicButton","Madness"],"picked":"Bandage Up","floor":2},{"not_picked":["Perseverance","Sanctity"],"picked":"Adaptation","floor":2},{"not_picked":["Replay:Hum","MentalFortress"],"picked":"Consecrate","floor":4},{"not_picked":["Replay:ManipulateFuture","Sanctity"],"picked":"FlurryOfBlows","floor":8},{"not_picked":["Replay:BluntJabs","WheelKick"],"picked":"Consecrate","floor":10}],"player_experience":144882,"relics_obtained":[{"floor":7,"key":"Blood Vial"},{"floor":9,"key":"Eternal Feather"}],"event_choices":[{"damage_healed":0,"gold_gain":0,"player_choice":"1","damage_taken":0,"max_hp_gain":0,"max_hp_loss":0,"event_name":"betterMatch:BetterMatch","floor":2,"gold_loss":0,"cards_obtained":["betterMatch:ColorlessUncommonCard","betterMatch:UncommonCard"]},{"damage_healed":71,"gold_gain":0,"player_choice":"Upgrade","damage_taken":16,"max_hp_gain":0,"max_hp_loss":81,"event_name":"betterThird:BetterShining","floor":3,"gold_loss":0,"cards_upgraded":["Strike_P","Strike_P"]}],"is_beta":false,"boss_relics":[],"items_purged_floors":[],"is_endless":false,"potions_floor_spawned":[1,4],"killed_by":"Hexaghost","ascension_level":0}}