{"host":"ok3pmhc1fiz31noj","time":1608166425,"event":{"mods":["AchievementEnabler","BaseMod","Colored Map","Colored Powertips","Minty Spire (QoL Compilation)","Quick Restart","Relic Stats","Replay The Spire","StSLib"],"gold_per_floor":[109,109,129,142,157,192,192,204,229,241,253,253],"floor_reached":11,"playtime":230,"items_purged":[],"score":75,"play_id":"e818c17e-b911-4e66-8e07-c3f7b1955fd4","local_time":"20201217085345","is_ascension_mode":false,"campfire_choices":[{"data":"Hemokinesis","floor":7,"key":"SMITH"}],"circlet_count":0,"master_deck":["Strike_R+1","Strike_R","Strike_R","Strike_R","Strike_R","Defend_R","Defend_R","Defend_R+1","Defend_R","Bash","Hemokinesis+1","Rampage","ReplayTheSpireMod:Muscle Training","Seeing Red"],"relics":["Burning Blood","NeowsBlessing","Pantograph","MawBank"],"acts_visited":["Exordium"],"potions_floor_usage":[6],"damage_taken":[{"damage":0,"enemies":"Small Slimes","floor":1,"turns":1},{"damage":0,"enemies":"Cultist","floor":3,"turns":1},{"damage":0,"enemies":"Jaw Worm","floor":4,"turns":1},{"damage":13,"enemies":"Exordium Wildlife","floor":5,"turns":4},{"damage":27,"enemies":"Lagavulin","floor":6,"turns":5},{"damage":7,"enemies":"Looter","floor":8,"turns":3},{"damage":10,"enemies":"3 Sentries","floor":11,"turns":3}],"seed_played":"7530480318935994698","potions_obtained":[{"floor":1,"key":"Elixir"},{"floor":4,"key":"PowerPotion"}],"is_trial":false,"path_per_floor":["M","?","M","M","M","E","R","M","T","?","E"],"character_chosen":"IRONCLAD","items_purchased":[],"campfire_rested":0,"item_purchase_floors":[],"current_hp_per_floor":[80,80,80,80,73,52,52,51,51,35,25,25],"gold":253,"neow_bonus":"THREE_ENEMY_KILL","is_daily":false,"chose_seed":false,"campfire_upgraded":1,"win_rate":0.0,"timestamp":1608166425,"path_taken":["M","?","?","?","M","E","R","M","T","?","E"],"items_purchased_type":[],"build_version":"2020-12-13","purchased_purges":0,"victory":false,"max_hp_per_floor":[80,80,80,80,80,80,80,80,80,80,80,80],"relic_stats":{"counters":[7,17],"Pantograph":0,"MawBank":24,"obtain_stats":[{"NeowsBlessing":0,"Pantograph":6,"MawBank":9,"Burning Blood":0},{"NeowsBlessing":0,"Pantograph":5,"MawBank":6,"Burning Blood":0},{"NeowsBlessing":0,"Pantograph":12,"MawBank":15,"Burning Blood":0}],"Burning Blood":18},"card_choices":[{"not_picked":["Cleave","Bloodletting"],"picked":"Hemokinesis","floor":1},{"not_picked":["Anger","Havoc","Run Through"],"picked":"SKIP","floor":3},{"not_picked":["Evolve","Battle Trance"],"picked":"ReplayTheSpireMod:Muscle Training","floor":4},{"not_picked":["Heavy Blade","Body Slam"],"picked":"Seeing Red","floor":5},{"not_picked":["Immolate","Feel No Pain","ReplayTheSpireMod:Strike From Hell"],"picked":"SKIP","floor":6},{"not_picked":["Carnage","ReplayTheSpireMod:Strike From Hell","ReplayTheSpireMod:Corrosion Curse"],"picked":"SKIP","floor":8}],"player_experience":130857,"relics_obtained":[{"floor":6,"key":"Pantograph"},{"floor":9,"key":"MawBank"}],"event_choices":[{"damage_healed":0,"gold_gain":0,"player_choice":"1 cards matched","damage_taken":0,"max_hp_gain":0,"max_hp_loss":0,"event_name":"Match and Keep!","floor":2,"gold_loss":0,"cards_obtained":["Rampage"]},{"damage_healed":0,"gold_gain":0,"player_choice":"Entered Light","damage_taken":16,"max_hp_gain":0,"max_hp_loss":0,"event_name":"Shining Light","floor":10,"gold_loss":0,"cards_upgraded":["Defend_R","Strike_R"]}],"is_beta":false,"boss_relics":[],"items_purged_floors":[],"is_endless":false,"potions_floor_spawned":[1,4],"killed_by":"3 Sentries","ascension_level":0}}