{"host":"1tl36azeqm6yhdgj","time":1608245699,"event":{"mods":["AchievementEnabler","BaseMod","Minty Spire (QoL Compilation)","StSLib","The IronCluck","everything is the same but u backflip on backflip"],"gold_per_floor":[111,124,124,74,91,123,140,165,165,165,165,181,207,207,207,279,279,296,314,38,137,137,172,184,184,211,211,16,32,44,64,64,64,64],"floor_reached":33,"playtime":1425,"items_purged":[],"score":524,"play_id":"26653bd0-fc74-4542-a7ce-0d152fc66c9b","local_time":"20201217175459","is_ascension_mode":true,"campfire_choices":[{"floor":10.0,"key":"RECALL"},{"floor":15.0,"key":"REST"},{"data":"Anger","floor":27.0,"key":"SMITH"},{"floor":32,"key":"REST"}],"circlet_count":0,"master_deck":["AscendersBane","Strike_R+1","Strike_R+1","Strike_R","Strike_R","Defend_R","Defend_R","Defend_R","Defend_R","Bash","Clash","Metallicize","Flex","Impervious+1","Anger+1","Feed","Cleave","Clash","Rage+1","Demon Form","Metallicize","Clash+1","Sadistic Nature","Fire Breathing","Armaments+1","Discovery","Spot Weakness"],"relics":["Burning Blood","NeowsBlessing","CaptainsWheel","Incense Burner","Tiny Chest","Self Forming Clay","InkBottle","SlaversCollar","Singing Bowl","Pear","War Paint"],"acts_visited":["Exordium","TheCity"],"potions_floor_usage":[31,31],"damage_taken":[{"damage":0.0,"enemies":"Cultist","floor":1.0,"turns":1.0},{"damage":0.0,"enemies":"Jaw Worm","floor":2.0,"turns":1.0},{"damage":0.0,"enemies":"Small Slimes","floor":5.0,"turns":1.0},{"damage":29.0,"enemies":"3 Sentries","floor":6.0,"turns":11.0},{"damage":3.0,"enemies":"Blue Slaver","floor":7.0,"turns":4.0},{"damage":26.0,"enemies":"Lagavulin","floor":8.0,"turns":7.0},{"damage":7.0,"enemies":"Large Slime","floor":12.0,"turns":6.0},{"damage":16.0,"enemies":"3 Sentries","floor":13.0,"turns":8.0},{"damage":52.0,"enemies":"Hexaghost","floor":16.0,"turns":14.0},{"damage":24.0,"enemies":"Shell Parasite","floor":18.0,"turns":7.0},{"damage":19.0,"enemies":"Chosen","floor":19.0,"turns":8.0},{"damage":18.0,"enemies":"Book of Stabbing","floor":23.0,"turns":5.0},{"damage":4.0,"enemies":"Centurion and Healer","floor":24.0,"turns":5.0},{"damage":28.0,"enemies":"Snake Plant","floor":29.0,"turns":5.0},{"damage":18.0,"enemies":"Shelled Parasite and Fungi","floor":30.0,"turns":7.0},{"damage":18,"enemies":"Snecko","floor":31,"turns":8},{"damage":69,"enemies":"Automaton","floor":33,"turns":10}],"seed_played":"5823447633509616711","potions_obtained":[{"floor":5.0,"key":"Regen Potion"},{"floor":6.0,"key":"LiquidBronze"},{"floor":13.0,"key":"DuplicationPotion"},{"floor":16.0,"key":"Fruit Juice"},{"floor":19.0,"key":"DistilledChaos"},{"floor":24.0,"key":"ElixirPotion"},{"floor":30.0,"key":"DistilledChaos"}],"is_trial":false,"path_per_floor":["M","M","T","$","M","E","M","E","T","R","?","M","E","?","R","B",null,"M","M","$","?","T","E","M","?","T","R","$","M","M","M","R","B"],"character_chosen":"IRONCLAD","items_purchased":["Explosive Potion","Sadistic Nature","Fire Breathing","Discovery","EntropicBrew"],"campfire_rested":2,"item_purchase_floors":[4,20,20,28,28],"current_hp_per_floor":[78,80,80,80,80,57,60,40,40,40,40,42,50,33,58,20,76,58,48,48,48,48,48,53,53,53,53,53,35,29,19,56,0,0],"gold":64,"neow_bonus":"THREE_ENEMY_KILL","is_daily":false,"chose_seed":false,"campfire_upgraded":1,"win_rate":0.0,"timestamp":1608245699,"path_taken":["M","?","?","$","M","E","M","E","T","R","?","M","E","?","R","BOSS","M","M","$","?","?","E","M","?","T","R","?","M","M","?","R","BOSS"],"items_purchased_type":["Potion","Card","Card","Card","Potion"],"build_version":"2020-12-13","purchased_purges":0,"victory":false,"max_hp_per_floor":[80,80,80,80,80,80,80,80,80,80,80,83,86,86,86,94,94,94,97,97,97,97,109,112,112,112,112,112,116,122,124,124,124,124],"card_choices":[{"not_picked":["Wild Strike","Sword Boomerang"],"picked":"Clash","floor":1.0},{"not_picked":["Flex","Heavy Blade"],"picked":"Metallicize","floor":2.0},{"not_picked":["Twin Strike","Body Slam"],"picked":"Flex","floor":5.0},{"not_picked":["Armaments","Spot Weakness"],"picked":"Impervious","floor":6.0},{"not_picked":["Twin Strike","Iron Wave"],"picked":"Anger","floor":7.0},{"not_picked":["Armaments","True Grit"],"picked":"Feed","floor":8.0},{"not_picked":["Carnage","Perfected Strike"],"picked":"Clash","floor":12.0},{"not_picked":["Headbutt","Bloodletting"],"picked":"Rage","floor":13.0},{"not_picked":["Exhume","Immolate"],"picked":"Demon Form","floor":16.0},{"not_picked":["Entrench+1","Wild Strike"],"picked":"Metallicize","floor":18.0},{"not_picked":["Entrench","Combust"],"picked":"Clash+1","floor":19.0},{"not_picked":["Whirlwind","Cleave","Anger"],"picked":"Singing Bowl","floor":23.0},{"not_picked":["Flame Barrier","Pommel Strike"],"picked":"Armaments+1","floor":24.0},{"not_picked":["Body Slam","Fire Breathing"],"picked":"Spot Weakness","floor":29.0},{"not_picked":["Headbutt","Searing Blow","Pommel Strike+1"],"picked":"Singing Bowl","floor":30.0},{"not_picked":["Battle Trance","Armaments+1","Cleave"],"picked":"Singing Bowl","floor":31}],"player_experience":1953529,"relics_obtained":[{"floor":3.0,"key":"CaptainsWheel"},{"floor":6.0,"key":"Incense Burner"},{"floor":8.0,"key":"Tiny Chest"},{"floor":9.0,"key":"Self Forming Clay"},{"floor":13.0,"key":"InkBottle"},{"floor":22.0,"key":"Singing Bowl"},{"floor":23.0,"key":"Pear"},{"floor":26.0,"key":"War Paint"}],"event_choices":[{"damage_healed":0.0,"max_hp_gain":0.0,"max_hp_loss":0.0,"gold_gain":0.0,"cards_transformed":["Strike_R"],"event_name":"Living Wall","player_choice":"Change","floor":11.0,"gold_loss":0.0,"damage_taken":0.0,"cards_obtained":["Cleave"]},{"damage_healed":0.0,"max_hp_gain":0.0,"max_hp_loss":0.0,"gold_gain":0.0,"event_name":"Shining Light","player_choice":"Entered Light","floor":14.0,"gold_loss":0.0,"damage_taken":17.0,"cards_upgraded":["Strike_R","Strike_R"]},{"damage_healed":0.0,"max_hp_gain":0.0,"max_hp_loss":0.0,"gold_gain":99.0,"event_name":"Nest","player_choice":"Stole From Cult","floor":21.0,"gold_loss":0.0,"damage_taken":0.0},{"damage_healed":0.0,"max_hp_gain":0.0,"max_hp_loss":0.0,"gold_gain":0.0,"event_name":"Cursed Tome","player_choice":"Ignored","floor":25.0,"gold_loss":0.0,"damage_taken":0.0}],"is_beta":false,"boss_relics":[{"not_picked":["Ectoplasm","Runic Pyramid"],"picked":"SlaversCollar"}],"items_purged_floors":[],"is_endless":false,"potions_floor_spawned":[5,6,8,13,16,19,24,30],"killed_by":"Automaton","ascension_level":13}}