{"host":"44szraw8fc5x6fuf","time":1608229526,"event":{"mods":["2.2 Compatiblity","Act Like it!","Aspiration","BaseMod","Better Altar","Better Match","Better Note","Better Sensory Stone","Better Skull","Better Third Choice","CapriCore","Chen","Colored Map","Conspire","Gensokyo","Hermit","Highlight Path","Koishi","KomeijiMod","Lobotomy","LobotomyExtend","MarisaÅiñ∂âJÅ@ñÇóùçπÅj","Minty Spire (QoL Compilation)","Pale of the Ancients","Permanent Neow","Puzzle Mod","Rare Cards Sparkle","ReimuÅiîé??öÎÅj","Replay The Spire","Spicy Shops","StSLib","The Administrix","The Alterego","The Dragon Tamer","The Factory","The Fake Hero","The Immortal","TheFirefly","Yuyuko","Åy?ï˚ìÒéü?çÏÅzî™â]éámod","Åy?ï®?îvÅzREMEMod"],"gold_per_floor":[12,12,12,287,303,303,314,329,329,329,359,464,478,498,498,597,597,597,522,64,64,64,105,30,57,83,124,147,147,171,193,193,296,296,319,319,319,13,41,83,83,30,54,54,78,96,121,143,143,75,75],"floor_reached":52,"playtime":2671,"items_purged":["Regret"],"score":1000,"play_id":"70f961da-30f6-4602-9c2b-68b014a863b9","local_time":"20201217132526","is_ascension_mode":false,"metric_token":2643,"campfire_choices":[{"data":"DTMod:InvisibleFlame","floor":6.0,"key":"SMITH"},{"data":"DTMod:GearUp","floor":10.0,"key":"SMITH"},{"floor":15.0,"key":"REST"},{"floor":29,"key":"REST"},{"data":"DTMod:BreakAttack","floor":32,"key":"SMITH"},{"data":"DTMod:SwitchingTactic","floor":41,"key":"SMITH"},{"floor":49,"key":"REST"}],"dtmod_dragon_data":[24,50,1,2,8,6],"circlet_count":0,"master_deck":["DTMod:Strike","DTMod:Strike","DTMod:Strike","DTMod:Strike","DTMod:DoubleHit","DTMod:TargetDefense","DTMod:TargetDefense+1","DTMod:TargetDefense","DTMod:SwitchingTactic+1","DTMod:GearUp+1","REME_DataAnalysis","DTMod:InvisibleFlame+1","DTMod:LastStand","DTMod:ComboAttack+1","DTMod:QuickFly","DTMod:Astonish+1","DTMod:Multitask","DTMod:BreakAttack+1","DTMod:ShadowImage+1","ReplayTheSpireMod:Uncanny Aura+1","ReplayTheSpireMod:Faulty Equipment","DTMod:Training+1","DTMod:BuildUp","DTMod:MaximumCharge+1","DTMod:Harmonize+1","AbeCurse","DTMod:RunningTactic+1","DTMod:BizarreTactic+1","DTMod:BlazingStrike+1","DTMod:Hide","Panacea","Purity","DTMod:Dissolve","DTMod:Overwhelm+1"],"relics":["DTMod:PactStone","REME_ComplimentaryCards","LetterFromLob","Juzu Bracelet","conspire:Boomerang","Gremlin Food","Busted Crown","Moonlight_r","Replay:Bandana","DTMod:OddArmor","ClockworkSouvenir","ReplayTheSpireMod:Ring of Collecting","Ring of Searing","Du-Vu Doll","Ring of Peace","aspiration:ChemicalBlood","MealTicket","Abe\u0027s Treasure","Oddly Smooth Stone","REME_OnlineShoppingPlatform","Ancient Tea Set","Ring of Fury","DTMod:BasicTextbook","ReplayFunnel"],"acts_visited":["Exordium","Gensokyo:Gensokyoer","TheBeyond"],"potions_floor_usage":[27,33,48,50,50,50,50,50],"damage_taken":[{"damage":0.0,"enemies":"Small Slimes","floor":1.0,"turns":4.0},{"damage":5.0,"enemies":"conspire:RoseBush","floor":5.0,"turns":3.0},{"damage":0.0,"enemies":"2 Louse","floor":7.0,"turns":3.0},{"damage":5.0,"enemies":"Exordium Thugs","floor":8.0,"turns":6.0},{"damage":2.0,"enemies":"3 Sentries","floor":11.0,"turns":6.0},{"damage":1.0,"enemies":"Gremlin Gang","floor":13.0,"turns":5.0},{"damage":0.0,"enemies":"2 Fungi Beasts","floor":14.0,"turns":3.0},{"damage":8.0,"enemies":"The Guardian","floor":16.0,"turns":10.0},{"damage":5.0,"enemies":"Gensokyo:Reisen","floor":23.0,"turns":6.0},{"damage":0,"enemies":"Gensokyo:CosmicMonolith","floor":25,"turns":4},{"damage":0,"enemies":"Gensokyo:Tenshi","floor":27,"turns":2},{"damage":0,"enemies":"Gensokyo:2_Gloops","floor":28,"turns":2},{"damage":0,"enemies":"Gensokyo:Swordslinger","floor":30,"turns":3},{"damage":0,"enemies":"Gensokyo:Slime_Group","floor":31,"turns":3},{"damage":0,"enemies":"Gensokyo:Kaguya","floor":33,"turns":10},{"damage":5,"enemies":"Orb Walker","floor":35,"turns":4},{"damage":0,"enemies":"3 Shapes","floor":39,"turns":3},{"damage":12,"enemies":"Reptomancer","floor":40,"turns":4},{"damage":0,"enemies":"3 Darklings","floor":45,"turns":2},{"damage":10,"enemies":"Maw","floor":46,"turns":5},{"damage":6,"enemies":"Sphere and 2 Shapes","floor":47,"turns":4},{"damage":0,"enemies":"Nemesis","floor":48,"turns":6},{"damage":10,"enemies":"Awakened One","floor":50,"turns":9}],"seed_played":"4890584978894924280","potions_obtained":[{"floor":5.0,"key":"Swift Potion"},{"floor":8.0,"key":"EntropicBrew"},{"floor":13.0,"key":"AttackPotion"},{"floor":27,"key":"ZuzhouPotion:ReiMu"},{"floor":28,"key":"conspire:TimeTravelPotion"}],"is_trial":false,"path_per_floor":["M","?","?","?","M","R","M","M","T","R","E","?","M","M","R","B",null,"M","?","$","?","$","E","?","M","T","E","M","R","M","M","R","B",null,"M","?","?","$","M","E","R","$","T","?","M","M","M","E","R","B",null,null],"character_chosen":"THE_DT","items_purchased":["Replay:Bandana","DTMod:OddArmor","ClockworkSouvenir","Oddly Smooth Stone","REME_OnlineShoppingPlatform","DTMod:Hide"],"campfire_rested":3,"item_purchase_floors":[20,20,20,38,38,42],"current_hp_per_floor":[45,45,45,45,40,40,40,35,35,35,33,16,15,15,28,20,45,20,20,20,20,20,15,15,15,15,15,15,28,28,28,28,28,45,40,40,40,45,45,33,33,45,45,45,45,35,29,29,42,32,32],"gold":75,"neow_bonus":"THREE_RARE_CARDS","is_daily":false,"chose_seed":false,"campfire_upgraded":4,"win_rate":0.0,"timestamp":1608229526,"path_taken":["M","?","?","?","M","R","M","M","T","R","E","?","M","M","R","BOSS","M","?","$","?","?","E","?","M","T","E","M","R","M","M","R","BOSS","M","?","?","$","M","E","R","?","T","?","M","M","M","E","R","BOSS"],"items_purchased_type":["Relic","Relic","Relic","Relic","Relic","Card"],"build_version":"2020-12-13","purchased_purges":1,"victory":true,"max_hp_per_floor":[45,45,45,45,45,45,45,45,45,45,45,45,45,45,45,45,45,45,45,45,45,45,45,45,45,45,45,45,45,45,45,45,45,45,45,45,45,45,45,45,45,45,45,45,45,45,45,45,45,45,45],"card_choices":[{"not_picked":["DTMod:Safeguard","DTMod:SealedStrike"],"picked":"DTMod:GearUp","floor":0.0},{"not_picked":["DTMod:PurifyingFlame","DTMod:Training"],"picked":"DTMod:InvisibleFlame","floor":1.0},{"not_picked":["DTMod:TauntingStrike","DTMod:RunningTactic"],"picked":"DTMod:LastStand","floor":5.0},{"not_picked":["DTMod:Hide","DTMod:QuickFly"],"picked":"DTMod:ComboAttack","floor":7.0},{"not_picked":["DTMod:BizarreTactic","DTMod:TagTeam"],"picked":"DTMod:QuickFly","floor":8.0},{"not_picked":["DTMod:CrossStep","DTMod:DarkBreath"],"picked":"DTMod:Astonish","floor":11.0},{"not_picked":["DTMod:ShieldDrain","DTMod:Haste"],"picked":"DTMod:Multitask","floor":13.0},{"not_picked":["DTMod:Feint","DTMod:CleansingStrike"],"picked":"DTMod:BreakAttack","floor":14.0},{"not_picked":["DTMod:LightShield","DTMod:ResonanceForm"],"picked":"DTMod:ShadowImage","floor":16.0},{"not_picked":[],"picked":"ReplayTheSpireMod:Uncanny Aura+1","floor":19.0},{"not_picked":["DTMod:GhostSkin"],"picked":"SKIP","floor":23.0},{"not_picked":[],"picked":"DTMod:Training+1","floor":24},{"not_picked":["DTMod:GhostSkin"],"picked":"SKIP","floor":25},{"not_picked":["DTMod:QuickFly"],"picked":"SKIP","floor":27},{"not_picked":["DTMod:CrossStep"],"picked":"SKIP","floor":28},{"not_picked":[],"picked":"DTMod:BuildUp","floor":30},{"not_picked":[],"picked":"DTMod:MaximumCharge+1","floor":31},{"not_picked":[],"picked":"DTMod:Harmonize","floor":33},{"not_picked":[],"picked":"DTMod:RunningTactic","floor":35},{"not_picked":[],"picked":"DTMod:BizarreTactic+1","floor":39},{"not_picked":[],"picked":"DTMod:BlazingStrike+1","floor":40},{"not_picked":[],"picked":"Panacea","floor":44},{"not_picked":[],"picked":"Purity","floor":44},{"not_picked":["DTMod:Cover"],"picked":"SKIP","floor":45},{"not_picked":[],"picked":"DTMod:Dissolve","floor":46},{"not_picked":[],"picked":"DTMod:Overwhelm+1","floor":47},{"not_picked":["DTMod:ShieldDrain"],"picked":"SKIP","floor":48}],"player_experience":212328,"relics_obtained":[{"floor":1.0,"key":"LetterFromLob"},{"floor":9.0,"key":"Juzu Bracelet"},{"floor":11.0,"key":"conspire:Boomerang"},{"floor":21.0,"key":"ReplayTheSpireMod:Ring of Collecting"},{"floor":21.0,"key":"Ring of Searing"},{"floor":23.0,"key":"Du-Vu Doll"},{"floor":26,"key":"Ring of Peace"},{"floor":26,"key":"aspiration:ChemicalBlood"},{"floor":27,"key":"MealTicket"},{"floor":40,"key":"Ancient Tea Set"},{"floor":43,"key":"Ring of Fury"},{"floor":43,"key":"DTMod:BasicTextbook"},{"floor":48,"key":"ReplayFunnel"}],"event_choices":[{"damage_healed":0.0,"max_hp_gain":0.0,"max_hp_loss":0.0,"gold_gain":0.0,"event_name":"conspire:Investor","player_choice":"Leave","floor":3.0,"gold_loss":0.0,"damage_taken":0.0},{"damage_healed":0.0,"max_hp_gain":0.0,"max_hp_loss":0.0,"gold_gain":275.0,"event_name":"Golden Shrine","player_choice":"Desecrate","floor":4.0,"gold_loss":0.0,"damage_taken":0.0,"cards_obtained":["Regret"]},{"damage_healed":0.0,"max_hp_gain":0.0,"max_hp_loss":0.0,"gold_gain":105.0,"event_name":"betterSkull:BetterSkull","player_choice":"GO RE ","floor":12.0,"gold_loss":0.0,"damage_taken":20.0,"cards_upgraded":[],"relics_obtained":["Gremlin Food"]},{"damage_healed":0.0,"max_hp_gain":0.0,"max_hp_loss":0.0,"gold_gain":0.0,"event_name":"betterMatch:BetterMatch","player_choice":"2","floor":19.0,"gold_loss":0.0,"damage_taken":0.0,"cards_obtained":["betterMatch:ColorlessUncommonCard"]},{"damage_healed":0,"gold_gain":0,"player_choice":"2","damage_taken":0,"max_hp_gain":0,"max_hp_loss":0,"event_name":"betterMatch:BetterMatch","floor":24,"gold_loss":0,"cards_obtained":["betterMatch:CommonCard"]},{"damage_healed":0,"gold_gain":0,"player_choice":"Upgraded","damage_taken":0,"max_hp_gain":0,"max_hp_loss":0,"event_name":"Upgrade Shrine","floor":36,"gold_loss":0,"cards_upgraded":["DTMod:Harmonize"]},{"cards_removed":["DTMod:TargetDefense"],"damage_healed":0,"gold_gain":0,"player_choice":"Purged","damage_taken":0,"max_hp_gain":0,"max_hp_loss":0,"event_name":"Purifier","floor":37,"gold_loss":0},{"damage_healed":0,"gold_gain":3,"player_choice":"1","damage_taken":0,"max_hp_gain":0,"max_hp_loss":0,"event_name":"betterStone:BetterStone","floor":44,"gold_loss":0}],"is_beta":false,"boss_relics":[{"not_picked":["Runic Pyramid","conspire:RunicOctahedron"],"picked":"Busted Crown"},{"not_picked":["Astrolabe","Black Star"],"picked":"Abe\u0027s Treasure"}],"items_purged_floors":[20],"is_endless":false,"potions_floor_spawned":[5,8,13,14,23,27,28,40,45,47],"ascension_level":0}}