{"host":"wdiovb6uv7szux0m","time":1608246391,"event":{"mods":["BaseMod","Minty Spire (QoL Compilation)","StSLib","The Bug Knight","The Druid"],"gold_per_floor":[113,113,113,130,144,172,172,185,240,252,283,310,357,385,397,514,526,554,576,122,122,148,148,175,175,175],"floor_reached":25,"playtime":5859,"items_purged":["Strike_G"],"score":258,"play_id":"5ca49261-fb16-4e1b-967b-ec9111523a7f","local_time":"20201217140631","is_ascension_mode":false,"campfire_choices":[{"floor":7,"key":"REST"},{"floor":15,"key":"REST"},{"data":"Neutralize","floor":23,"key":"SMITH"}],"circlet_count":0,"master_deck":["Strike_G","Strike_G","Defend_G+1","Defend_G","Defend_G","Defend_G","Survivor","Neutralize+1","Backflip","Blade Dance+1","Cloak And Dagger","Blade Dance","Blade Dance","Dodge and Roll","Backflip","PiercingWail+1","Doppelganger+1","Footwork","Outmaneuver+1","Storm of Steel+1","PiercingWail+1","Storm of Steel+1"],"relics":["Ring of the Snake","Mercury Hourglass","HollowMod:PaleOreRelic","MawBank","Toxic Egg 2","Empty Cage","Oddly Smooth Stone","Chemical X","Red Mask","Bag of Preparation"],"acts_visited":["Exordium","TheCity"],"potions_floor_usage":[6,13,16,25,25],"damage_taken":[{"damage":0,"enemies":"2 Louse","floor":1,"turns":4},{"damage":0,"enemies":"Small Slimes","floor":4,"turns":2},{"damage":0,"enemies":"Cultist","floor":5,"turns":3},{"damage":26,"enemies":"Gremlin Nob","floor":6,"turns":4},{"damage":1,"enemies":"Exordium Wildlife","floor":8,"turns":2},{"damage":0,"enemies":"Looter","floor":11,"turns":2},{"damage":0,"enemies":"2 Fungi Beasts","floor":12,"turns":2},{"damage":11,"enemies":"Lagavulin","floor":13,"turns":4},{"damage":2,"enemies":"3 Louse","floor":14,"turns":2},{"damage":2,"enemies":"Slime Boss","floor":16,"turns":10},{"damage":0,"enemies":"Chosen","floor":18,"turns":4},{"damage":9,"enemies":"Shell Parasite","floor":19,"turns":5},{"damage":8,"enemies":"Masked Bandits","floor":22,"turns":5},{"damage":36,"enemies":"Gremlin Leader","floor":24,"turns":9},{"damage":23,"enemies":"Snake Plant","floor":25,"turns":7}],"seed_played":"-3755223607540030075","potions_obtained":[{"floor":5,"key":"AttackPotion"},{"floor":8,"key":"SpeedPotion"},{"floor":12,"key":"PowerPotion"},{"floor":14,"key":"Swift Potion"},{"floor":16,"key":"Ancient Potion"}],"is_trial":false,"path_per_floor":["M","?","?","M","M","E","R","M","T","?","M","M","E","M","R","B",null,"M","M","$","?","?","R","E","M"],"character_chosen":"THE_SILENT","items_purchased":["Oddly Smooth Stone","Storm of Steel+1","Chemical X"],"campfire_rested":2,"item_purchase_floors":[20,20,20],"current_hp_per_floor":[70,63,49,49,49,23,44,43,43,43,43,43,32,30,51,49,70,70,61,61,61,53,53,17,0,0],"gold":175,"neow_bonus":"TRANSFORM_CARD","is_daily":false,"chose_seed":false,"campfire_upgraded":1,"win_rate":0.0,"timestamp":1608246391,"path_taken":["M","?","?","M","M","E","R","M","T","?","M","M","E","M","R","BOSS","M","?","$","?","?","R","E","M"],"items_purchased_type":["Relic","Card","Relic"],"build_version":"2020-12-13","purchased_purges":1,"victory":false,"max_hp_per_floor":[70,70,70,70,70,70,70,70,70,70,70,70,70,70,70,70,70,70,70,70,70,70,70,70,70,70],"card_choices":[{"not_picked":["Flying Knee","Predator"],"picked":"Blade Dance","floor":1},{"not_picked":["Riddle With Holes","All Out Attack"],"picked":"Cloak And Dagger","floor":4},{"not_picked":["Flying Knee","Dagger Spray"],"picked":"Blade Dance","floor":5},{"not_picked":["Glass Knife","Deadly Poison"],"picked":"Blade Dance","floor":6},{"not_picked":["Escape Plan","Deadly Poison","Dagger Spray"],"picked":"SKIP","floor":8},{"not_picked":["Deadly Poison","Sucker Punch"],"picked":"Dodge and Roll","floor":11},{"not_picked":["Flying Knee","Sucker Punch"],"picked":"Backflip","floor":12},{"not_picked":["Predator","Quick Slash"],"picked":"PiercingWail+1","floor":13},{"not_picked":["Dash","Prepared+1","Underhanded Strike"],"picked":"SKIP","floor":14},{"not_picked":["Grand Finale","Tools of the Trade"],"picked":"Doppelganger+1","floor":16},{"not_picked":["Bane+1","Deadly Poison+1"],"picked":"Footwork","floor":18},{"not_picked":["Endless Agony","Skewer"],"picked":"Outmaneuver+1","floor":19},{"not_picked":["Choke","Dagger Throw"],"picked":"PiercingWail+1","floor":22},{"not_picked":["Bouncing Flask+1","All Out Attack"],"picked":"Storm of Steel+1","floor":24}],"player_experience":1482900,"relics_obtained":[{"floor":6,"key":"HollowMod:PaleOreRelic"},{"floor":9,"key":"MawBank"},{"floor":13,"key":"Toxic Egg 2"},{"floor":22,"key":"Red Mask"},{"floor":24,"key":"Bag of Preparation"}],"event_choices":[{"damage_healed":0,"gold_gain":0,"player_choice":"Success","damage_taken":7,"relics_obtained":["Mercury Hourglass"],"max_hp_gain":0,"max_hp_loss":0,"event_name":"Scrap Ooze","floor":2,"gold_loss":0},{"damage_healed":0,"gold_gain":0,"player_choice":"Entered Light","damage_taken":14,"max_hp_gain":0,"max_hp_loss":0,"event_name":"Shining Light","floor":3,"gold_loss":0,"cards_upgraded":["Blade Dance","Defend_G"]},{"damage_healed":0,"gold_gain":0,"player_choice":"Ignored","damage_taken":0,"max_hp_gain":0,"max_hp_loss":0,"event_name":"NoteForYourself","floor":10,"gold_loss":0},{"damage_healed":0,"gold_gain":0,"player_choice":"Ignored","damage_taken":0,"max_hp_gain":0,"max_hp_loss":0,"event_name":"Ghosts","floor":21,"gold_loss":0},{"damage_healed":0,"gold_gain":0,"player_choice":"Fought Bandits","damage_taken":0,"max_hp_gain":0,"max_hp_loss":0,"event_name":"Masked Bandits","floor":22,"gold_loss":0}],"is_beta":false,"boss_relics":[{"not_picked":["Ring of the Serpent","Cursed Key"],"picked":"Empty Cage"}],"items_purged_floors":[20],"is_endless":false,"potions_floor_spawned":[5,8,12,14,16],"killed_by":"Snake Plant","ascension_level":0}}