{"host":"yk98keyoflza93y0","time":1608241891,"event":{"mods":["AchievementEnabler","BaseMod","BetterRewards","Card Forge","Colored Map","DeckTracker","Minty Spire (QoL Compilation)","Shop Mod","StSLib","SuperFastMode","The Poker Player"],"gold_per_floor":[116,116,116,116,116,157,157,178,178,218,218,252,252,276,276,369,369,387,262,276,297,147,188,204,204,227,262,177,218,218,237,237,333,333,348,373,373,397,222,262,595,626,650,650,650,450,225,252,252,252,252,252,2,28,28],"floor_reached":56,"playtime":2366,"items_purged":["Forethought","PokerPlayerMod:Diamond1","PokerPlayerMod:Heart2","PokerPlayerMod:Diamond3","PokerPlayerMod:Spade2","PokerPlayerMod:RiskyBet","PokerPlayerMod:Diamond4","PokerPlayerMod:BadJoker"],"score":3505,"play_id":"e1e1845a-1f15-4f7c-80b9-a76c149ade82","local_time":"20201218065131","is_ascension_mode":true,"metric_token":734,"campfire_choices":[{"data":"PokerPlayerMod:Spade6","floor":7,"key":"SMITH"},{"data":"PokerPlayerMod:Diamond6","floor":11,"key":"SMITH"},{"data":"PokerPlayerMod:Mulligan","floor":15,"key":"SMITH"},{"data":"PokerPlayerMod:Club2","floor":25,"key":"PURGE"},{"data":"PokerPlayerMod:CloakAndDiamond","floor":32,"key":"SMITH"},{"data":"PokerPlayerMod:CloakAndDiamond","floor":45,"key":"SMITH"},{"floor":49,"key":"RECALL"},{"data":"PokerPlayerMod:TrumpStrike","floor":52,"key":"SMITH"}],"circlet_count":0,"master_deck":["AscendersBane","PokerPlayerMod:Diamond5","PokerPlayerMod:Spade3","PokerPlayerMod:Spade4","PokerPlayerMod:TrumpStrike+1","PokerPlayerMod:Mulligan+1","PokerPlayerMod:FillThePot+1","PokerPlayerMod:Spade7","PokerPlayerMod:Diamond7","PokerPlayerMod:Club9","PokerPlayerMod:Club7","PokerPlayerMod:CardBurn+1","PokerPlayerMod:CloakAndDiamond+1","PokerPlayerMod:CloakAndDiamond+1","PokerPlayerMod:Duplicate+1"],"relics":["PokerPlayerMod:DeckCase","Hammer of Thor","Seething Fire","Anvil of the Gods","OrangePellets","Du-Vu Doll","Peace Pipe","Frozen Eye","PokerPlayerMod:JackpotMachine","Meat on the Bone","Bird Faced Urn","PokerPlayerMod:Splitter","Medical Kit","StoneCalendar","Question Card","Ice Cream","Oddly Smooth Stone","Odd Mushroom","Empty Cage","Mercury Hourglass","Dream Catcher","Boot","Sundial","Shuriken","Runic Dome","Calipers","Eternal Feather","Blood Vial","War Paint","Strawberry"],"acts_visited":["Exordium","TheCity","TheBeyond","TheEnding"],"potions_floor_usage":[],"damage_taken":[{"damage":0,"enemies":"2 Louse","floor":1,"turns":1},{"damage":27,"enemies":"Gremlin Nob","floor":6,"turns":4},{"damage":0,"enemies":"Small Slimes","floor":8,"turns":1},{"damage":16,"enemies":"Lagavulin","floor":10,"turns":5},{"damage":0,"enemies":"The Mushroom Lair","floor":12,"turns":1},{"damage":0,"enemies":"Jaw Worm","floor":14,"turns":1},{"damage":13,"enemies":"The Guardian","floor":16,"turns":5},{"damage":0,"enemies":"3 Byrds","floor":18,"turns":2},{"damage":0,"enemies":"2 Thieves","floor":20,"turns":1},{"damage":7,"enemies":"Shelled Parasite and Fungi","floor":21,"turns":2},{"damage":0,"enemies":"Slavers","floor":23,"turns":1},{"damage":0,"enemies":"3 Cultists","floor":24,"turns":2},{"damage":0,"enemies":"Gremlin Leader","floor":27,"turns":2},{"damage":0,"enemies":"Slavers","floor":29,"turns":1},{"damage":0,"enemies":"Snake Plant","floor":31,"turns":1},{"damage":0,"enemies":"Automaton","floor":33,"turns":3},{"damage":0,"enemies":"3 Shapes","floor":35,"turns":1},{"damage":0,"enemies":"Orb Walker","floor":36,"turns":1},{"damage":0,"enemies":"Writhing Mass","floor":38,"turns":2},{"damage":12,"enemies":"Giant Head","floor":40,"turns":6},{"damage":2,"enemies":"Reptomancer","floor":42,"turns":3},{"damage":13,"enemies":"Nemesis","floor":48,"turns":3},{"damage":0,"enemies":"Time Eater","floor":50,"turns":5},{"damage":26,"enemies":"Shield and Spear","floor":54,"turns":2},{"damage":4,"enemies":"The Heart","floor":55,"turns":7}],"seed_played":"-4365740370123634122","potions_obtained":[{"floor":1,"key":"Ancient Potion"},{"floor":10,"key":"LiquidMemories"},{"floor":21,"key":"LiquidMemories"}],"is_trial":false,"path_per_floor":["M","$","?","?","?","E","R","M","T","E","R","?","T","M","R","B",null,"M","$","M","M","$","E","M","R","T","E","?","E","?","M","R","B",null,"M","M","?","M","$","E","?","E","T","?","R","$","$","E","R","B",null,"R","$","E","B",null],"character_chosen":"THE_POKER_PLAYER","items_purchased":["OrangePellets","Forethought","Frozen Eye","PokerPlayerMod:JackpotMachine","Meat on the Bone","PokerPlayerMod:Splitter","Medical Kit"],"campfire_rested":0,"item_purchase_floors":[0,0,0,0,0,0,0],"current_hp_per_floor":[47,47,34,27,44,31,31,31,31,31,31,31,31,31,31,34,48,48,48,48,41,41,41,41,41,41,41,41,41,41,41,41,41,49,49,49,49,49,46,34,34,32,32,32,41,41,41,30,39,41,45,46,46,39,37],"gold":28,"neow_bonus":"","is_daily":false,"chose_seed":false,"campfire_upgraded":6,"win_rate":0.0,"timestamp":1608241891,"path_taken":["M","$","?","?","?","E","R","?","T","E","R","?","?","M","R","BOSS","M","$","?","M","$","E","M","R","T","E","?","E","?","M","R","BOSS","M","M","?","M","$","E","?","E","T","?","R","?","$","E","R","BOSS","R","$","E","BOSS"],"items_purchased_type":["Relic","Card","Relic","Relic","Relic","Relic","Relic"],"build_version":"2020-12-13","purchased_purges":8,"victory":true,"max_hp_per_floor":[52,52,52,52,52,52,52,52,52,52,52,52,52,52,52,52,52,52,52,52,52,52,52,52,52,52,52,52,52,52,52,52,52,52,52,52,49,49,46,46,46,46,46,46,46,46,46,46,46,46,46,46,46,53,53],"card_choices":[{"not_picked":["PokerPlayerMod:MagicTrick","PokerPlayerMod:Configure"],"picked":"PokerPlayerMod:FillThePot","floor":1},{"not_picked":["PokerPlayerMod:JackOfSpades","PokerPlayerMod:Spade4"],"picked":"PokerPlayerMod:Spade6","floor":6},{"not_picked":["PokerPlayerMod:JackOfSpades","PokerPlayerMod:SpadeStrike","PokerPlayerMod:Heart4"],"picked":"PokerPlayerMod:Diamond6","floor":8},{"not_picked":["PokerPlayerMod:DiamondStrike","PokerPlayerMod:Diamond3","PokerPlayerMod:VarietyAttack"],"picked":"PokerPlayerMod:Club9","floor":10},{"not_picked":["PokerPlayerMod:Raise","PokerPlayerMod:Fold","PokerPlayerMod:Club2","PokerPlayerMod:Heart1"],"picked":"SKIP","floor":14},{"not_picked":["PokerPlayerMod:Diamond9","PokerPlayerMod:Spade10+","PokerPlayerMod:VarietyAttack"],"picked":"PokerPlayerMod:Club7","floor":16},{"not_picked":["PokerPlayerMod:Club4","PokerPlayerMod:Spade4","PokerPlayerMod:Heart4"],"picked":"PokerPlayerMod:RiskyBet","floor":18},{"not_picked":["PokerPlayerMod:ClubShade","PokerPlayerMod:Trickery","PokerPlayerMod:Club2","PokerPlayerMod:Heart2"],"picked":"SKIP","floor":20},{"not_picked":["PokerPlayerMod:CardBurn","PokerPlayerMod:DartThrow","PokerPlayerMod:Trickery","PokerPlayerMod:ClubsClub"],"picked":"SKIP","floor":21},{"not_picked":["PokerPlayerMod:MagicTrick","PokerPlayerMod:Diamond2","PokerPlayerMod:DartThrow","PokerPlayerMod:Trickery"],"picked":"SKIP","floor":23},{"not_picked":["PokerPlayerMod:Spade3","PokerPlayerMod:Spade1","PokerPlayerMod:Configure"],"picked":"PokerPlayerMod:CardBurn+1","floor":24},{"not_picked":["PokerPlayerMod:Diamond4","PokerPlayerMod:MagicTrick+1","PokerPlayerMod:FillThePot","PokerPlayerMod:Diamond6"],"picked":"SKIP","floor":27},{"not_picked":["PokerPlayerMod:Spade3","PokerPlayerMod:Trickery","PokerPlayerMod:Heart10+"],"picked":"PokerPlayerMod:CloakAndDiamond","floor":29},{"not_picked":["PokerPlayerMod:CloakAndDiamond","PokerPlayerMod:DiamondStrike","PokerPlayerMod:Diamond6","PokerPlayerMod:Diamond1"],"picked":"SKIP","floor":31},{"not_picked":["PokerPlayerMod:Diamond8","PokerPlayerMod:FakeSymbols","PokerPlayerMod:ItsShowtime"],"picked":"PokerPlayerMod:Duplicate","floor":33},{"not_picked":["PokerPlayerMod:Club4","PokerPlayerMod:Configure+1","PokerPlayerMod:Club10+","PokerPlayerMod:CardBurn"],"picked":"SKIP","floor":35},{"not_picked":["PokerPlayerMod:DiamondStrike","PokerPlayerMod:Fold+1","PokerPlayerMod:HiddenCard","PokerPlayerMod:Diamond2"],"picked":"SKIP","floor":36},{"not_picked":["PokerPlayerMod:Diamond6","PokerPlayerMod:Spade3","PokerPlayerMod:Spade1","PokerPlayerMod:Heart4"],"picked":"SKIP","floor":38},{"not_picked":["PokerPlayerMod:SecretDealer","PokerPlayerMod:Configure","PokerPlayerMod:FillThePot","PokerPlayerMod:Raise"],"picked":"SKIP","floor":40},{"not_picked":["PokerPlayerMod:Diamond4","PokerPlayerMod:FillThePot","PokerPlayerMod:Diamond6","PokerPlayerMod:HeartStrike"],"picked":"SKIP","floor":42},{"not_picked":["PokerPlayerMod:Diamond2","PokerPlayerMod:Spade1","PokerPlayerMod:WasteCollection","PokerPlayerMod:VarietyAttack"],"picked":"SKIP","floor":48},{"not_picked":["PokerPlayerMod:Spade8","PokerPlayerMod:Diamond2","PokerPlayerMod:Diamond5","PokerPlayerMod:MagicTrick"],"picked":"SKIP","floor":54}],"player_experience":1495020,"relics_obtained":[{"floor":6,"key":"Question Card"},{"floor":9,"key":"Ice Cream"},{"floor":10,"key":"Oddly Smooth Stone"},{"floor":12,"key":"Odd Mushroom"},{"floor":23,"key":"Mercury Hourglass"},{"floor":26,"key":"Dream Catcher"},{"floor":27,"key":"Boot"},{"floor":29,"key":"Shuriken"},{"floor":40,"key":"Calipers"},{"floor":42,"key":"Eternal Feather"},{"floor":43,"key":"Blood Vial"},{"floor":48,"key":"War Paint"},{"floor":54,"key":"Strawberry"}],"event_choices":[{"damage_healed":0,"gold_gain":0,"player_choice":"Take Damage","damage_taken":13,"relics_obtained":["Golden Idol"],"max_hp_gain":0,"max_hp_loss":0,"event_name":"Golden Idol","floor":3,"gold_loss":0},{"cards_removed":["PokerPlayerMod:Club1"],"damage_healed":0,"gold_gain":0,"player_choice":"Card Removal","damage_taken":7,"max_hp_gain":0,"max_hp_loss":0,"event_name":"Golden Wing","floor":4,"gold_loss":0},{"damage_healed":17,"gold_gain":0,"player_choice":"Banana","damage_taken":0,"max_hp_gain":0,"max_hp_loss":0,"event_name":"Big Fish","floor":5,"gold_loss":0},{"damage_healed":0,"gold_gain":0,"player_choice":"Fought Mushrooms","damage_taken":0,"max_hp_gain":0,"max_hp_loss":0,"event_name":"Mushrooms","floor":12,"gold_loss":0},{"damage_healed":0,"gold_gain":0,"player_choice":"Obtained Relic","damage_taken":0,"relics_obtained":["Sundial"],"max_hp_gain":0,"max_hp_loss":0,"event_name":"Addict","floor":28,"gold_loss":85},{"damage_healed":0,"gold_gain":0,"player_choice":"Read","damage_taken":0,"max_hp_gain":0,"max_hp_loss":0,"event_name":"The Library","floor":30,"gold_loss":0,"cards_obtained":["PokerPlayerMod:CloakAndDiamond"]},{"damage_healed":0,"gold_gain":0,"player_choice":"Max HP","damage_taken":0,"max_hp_gain":0,"max_hp_loss":3,"event_name":"Winding Halls","floor":37,"gold_loss":0},{"damage_healed":0,"gold_gain":333,"player_choice":"Gave Idol","damage_taken":0,"max_hp_gain":0,"max_hp_loss":0,"event_name":"The Moai Head","floor":41,"relics_lost":["Golden Idol"],"gold_loss":0},{"damage_healed":0,"gold_gain":0,"player_choice":"Ignored","damage_taken":0,"max_hp_gain":0,"max_hp_loss":0,"event_name":"Tomb of Lord Red Mask","floor":44,"gold_loss":0}],"is_beta":false,"boss_relics":[{"not_picked":["Coffee Dripper","Fusion Hammer"],"picked":"Empty Cage"},{"not_picked":["SacredBark","Velvet Choker"],"picked":"Runic Dome"}],"items_purged_floors":[0,0,19,22,39,46,47,53],"is_endless":false,"potions_floor_spawned":[1,10,14,18,21,23,24,29,42,48],"ascension_level":13}}