{"host":"z60ck2mpr6goyib8","time":1608199274,"event":{"mods":["BaseMod","Best Route Mod","Bestiary","Better Third Choice","Block Reminder","Colored Map","Colored Powertips","Googly Eyes","Minty Spire (QoL Compilation)","Quick Restart","Relic Stats","Slay-I","StSLib","everything is the same but u backflip on backflip"],"gold_per_floor":[115,115,290,290,11,11,47,47,47,70,70,108,126,11,11,130,130,153,172,271,294,318,357,371,389,389,389,19,19,19,19,19],"floor_reached":31,"playtime":1814,"items_purged":["Doubt"],"score":395,"play_id":"9e198fe9-babc-4b28-89c3-9e24d5e23b88","local_time":"20201217100114","is_ascension_mode":true,"campfire_choices":[{"data":"Flame Barrier","floor":6.0,"key":"SMITH"},{"data":"Inflame","floor":8.0,"key":"SMITH"},{"floor":15.0,"key":"REST"}],"circlet_count":0,"master_deck":["AscendersBane","Strike_R","Strike_R","Strike_R+1","Strike_R","Defend_R","Defend_R","Defend_R+1","Defend_R","Bash","Feel No Pain","Flame Barrier+1","Combust","Shrug It Off","Inflame+1","Warcry","Metallicize","Body Slam","Headbutt","Reaper","Immolate","Body Slam","Warcry+1","Dark Embrace","Rage","Seeing Red","Ghostly Armor","Disarm","Berserk","Feel No Pain"],"relics":["Runic Pyramid","Golden Idol","Sundial","Self Forming Clay","The Courier","Mark of Pain","Potion Belt","Blue Candle","Mummified Hand","Paper Frog"],"acts_visited":["TheCity"],"potions_floor_usage":[27,27],"damage_taken":[{"damage":0.0,"enemies":"Jaw Worm","floor":1.0,"turns":5.0},{"damage":11.0,"enemies":"3 Sentries","floor":7.0,"turns":9.0},{"damage":7.0,"enemies":"2 Louse","floor":10.0,"turns":2.0},{"damage":7.0,"enemies":"Lagavulin","floor":12.0,"turns":7.0},{"damage":0.0,"enemies":"Small Slimes","floor":13.0,"turns":4.0},{"damage":14.0,"enemies":"Hexaghost","floor":16.0,"turns":11.0},{"damage":2.0,"enemies":"Spheric Guardian","floor":18.0,"turns":4.0},{"damage":15.0,"enemies":"3 Byrds","floor":19.0,"turns":3.0},{"damage":7.0,"enemies":"Centurion and Healer","floor":21.0,"turns":7.0},{"damage":0.0,"enemies":"Chosen and Byrds","floor":22.0,"turns":4.0},{"damage":23.0,"enemies":"Gremlin Leader","floor":23.0,"turns":7.0},{"damage":12.0,"enemies":"Snecko","floor":24.0,"turns":6.0},{"damage":52.0,"enemies":"3 Cultists","floor":25.0,"turns":6.0},{"damage":7,"enemies":"Colosseum Slavers","floor":27,"turns":2},{"damage":9,"enemies":"Shelled Parasite and Fungi","floor":31,"turns":2}],"seed_played":"-117736511636972276","potions_obtained":[{"floor":16.0,"key":"LiquidMemories"},{"floor":18.0,"key":"Energy Potion"},{"floor":21.0,"key":"Ancient Potion"},{"floor":24.0,"key":"Energy Potion"}],"is_trial":false,"path_per_floor":["M","?","?","?","$","R","E","R","T","M","?","E","M","$","R","B",null,"M","M","?","M","M","E","M","M","T","?","$","?","T","M"],"character_chosen":"IRONCLAD","items_purchased":["Flame Barrier","Combust","Shrug It Off","Reaper","Berserk","Mummified Hand","Feel No Pain"],"campfire_rested":1,"item_purchase_floors":[5,5,5,14,28,28,28],"current_hp_per_floor":[72,56,56,36,36,36,25,25,25,18,18,11,11,11,35,31,68,66,51,51,58,58,56,51,13,13,6,6,6,6,0,0],"gold":19,"neow_bonus":"BOSS_RELIC","is_daily":false,"chose_seed":false,"campfire_upgraded":2,"win_rate":0.0,"timestamp":1608199274,"path_taken":["M","?","?","?","?","R","E","R","T","M","?","E","M","$","R","BOSS","M","M","?","M","M","E","M","M","T","?","$","?","?","?"],"items_purchased_type":["Card","Card","Card","Card","Card","Relic","Card"],"build_version":"2020-12-13","purchased_purges":1,"victory":false,"max_hp_per_floor":[80,80,80,80,80,80,80,80,80,80,80,80,80,80,80,80,80,80,80,80,80,80,80,80,80,80,80,80,80,80,80,80],"relic_stats":{"counters":[15,79],"Golden Idol":82,"Sundial":[8],"Self Forming Clay":[159],"Mummified Hand":[1],"Blue Candle":[0],"obtain_stats":[{"Potion Belt":23,"Golden Idol":4,"Sundial":7,"Self Forming Clay":9,"Mummified Hand":28,"Blue Candle":26,"The Courier":12,"Mark of Pain":17,"Burning Blood":0,"Runic Pyramid":0,"Paper Frog":30},{"Potion Belt":11,"Golden Idol":1,"Sundial":2,"Self Forming Clay":2,"Mummified Hand":14,"Blue Candle":13,"The Courier":4,"Mark of Pain":6,"Burning Blood":0,"Runic Pyramid":0,"Paper Frog":14},{"Potion Belt":63,"Golden Idol":5,"Sundial":14,"Self Forming Clay":14,"Mummified Hand":77,"Blue Candle":75,"The Courier":23,"Mark of Pain":38,"Burning Blood":0,"Runic Pyramid":0,"Paper Frog":77}]},"card_choices":[{"not_picked":["Clash","Rupture"],"picked":"Feel No Pain","floor":1.0},{"not_picked":["Searing Blow","Power Through"],"picked":"Inflame","floor":7.0},{"not_picked":["Entrench","Dual Wield"],"picked":"Warcry","floor":10.0},{"not_picked":["Pommel Strike","Flex"],"picked":"Body Slam","floor":12.0},{"not_picked":["Pommel Strike","Wild Strike"],"picked":"Headbutt","floor":13.0},{"not_picked":["Berserk","Corruption"],"picked":"Immolate","floor":16.0},{"not_picked":["Iron Wave","Sword Boomerang+1"],"picked":"Body Slam","floor":18.0},{"not_picked":["Iron Wave","Blood for Blood"],"picked":"Warcry+1","floor":19.0},{"not_picked":["Havoc","Clothesline"],"picked":"Dark Embrace","floor":21.0},{"not_picked":["Heavy Blade","Reckless Charge"],"picked":"Rage","floor":22.0},{"not_picked":["Uppercut","Armaments"],"picked":"Seeing Red","floor":23.0},{"not_picked":["Body Slam","Sentinel+1"],"picked":"Ghostly Armor","floor":24.0},{"not_picked":["True Grit","Warcry"],"picked":"Disarm","floor":25.0}],"player_experience":490375,"relics_obtained":[{"floor":7.0,"key":"Sundial"},{"floor":9.0,"key":"Self Forming Clay"},{"floor":12.0,"key":"The Courier"},{"floor":23.0,"key":"Potion Belt"},{"floor":26.0,"key":"Blue Candle"},{"floor":30,"key":"Paper Frog"}],"event_choices":[{"damage_healed":72.0,"max_hp_gain":0.0,"max_hp_loss":80.0,"gold_gain":0.0,"event_name":"betterThird:BetterShining","player_choice":"Upgrade","floor":2.0,"gold_loss":0.0,"damage_taken":16.0,"cards_upgraded":["Defend_R","Strike_R"]},{"damage_healed":0.0,"max_hp_gain":0.0,"max_hp_loss":0.0,"gold_gain":175.0,"event_name":"betterThird:BetterSerpent","player_choice":"AGREE","floor":3.0,"gold_loss":0.0,"damage_taken":115.0},{"damage_healed":0.0,"max_hp_gain":0.0,"max_hp_loss":0.0,"gold_gain":0.0,"event_name":"Golden Idol","player_choice":"Take Damage","floor":4.0,"gold_loss":0.0,"damage_taken":20.0,"relics_obtained":["Golden Idol"]},{"damage_healed":0.0,"max_hp_gain":0.0,"max_hp_loss":0.0,"gold_gain":0.0,"cards_transformed":["Strike_R"],"event_name":"Living Wall","player_choice":"Change","floor":11.0,"gold_loss":0.0,"damage_taken":0.0,"cards_obtained":["Metallicize"]},{"damage_healed":0.0,"max_hp_gain":0.0,"max_hp_loss":0.0,"gold_gain":99.0,"event_name":"betterThird:BetterNest","player_choice":"Steal","floor":20.0,"gold_loss":0.0,"damage_taken":0.0},{"damage_healed":0,"gold_gain":0,"player_choice":"Fight","damage_taken":0,"max_hp_gain":0,"max_hp_loss":0,"event_name":"Colosseum","floor":27,"gold_loss":0},{"damage_healed":0,"gold_gain":0,"player_choice":"Fled From Nobs","damage_taken":0,"max_hp_gain":0,"max_hp_loss":0,"event_name":"Colosseum","floor":27,"gold_loss":0},{"damage_healed":0,"gold_gain":0,"player_choice":"Ignored","damage_taken":0,"max_hp_gain":0,"max_hp_loss":0,"event_name":"Cursed Tome","floor":29,"gold_loss":0}],"is_beta":false,"boss_relics":[{"not_picked":["Runic Dome","Fusion Hammer"],"picked":"Mark of Pain"}],"items_purged_floors":[5],"is_endless":false,"potions_floor_spawned":[16,18,21,22,24],"killed_by":"Shelled Parasite and Fungi","ascension_level":10}}