{"host":"jm9833yuloeli2yd","time":1608169796,"event":{"mods":["AchievementEnabler","BaseMod","Better Altar","Better Match","Better Note","Better Sensory Stone","Better Skull","Better Vampires","Colored Map","Colored Powertips","DeckTracker","Minty Spire (QoL Compilation)","Permanent Neow","Quick Restart","Replay The Spire","StSLib","SuperFastMode"],"gold_per_floor":[110,122,137,148,223,223,256,45,70,116,142,154,131,158,170,182,182],"floor_reached":16,"playtime":404,"items_purged":[],"score":224,"play_id":"8b32279f-a429-4168-8f6b-c64c80a7944c","local_time":"20201216204956","is_ascension_mode":true,"campfire_choices":[{"floor":6,"key":"REST"},{"floor":15,"key":"REST"}],"circlet_count":0,"master_deck":["AscendersBane","Strike_B","Strike_B","Strike_B","Strike_B","Defend_B","Defend_B","Defend_B","Defend_B","Zap","Dualcast","Loop","Genetic Algorithm","BasicCrystalCard","Go for the Eyes","Static Discharge","Seek","Barrage"],"relics":["Cracked Core","Boot","Vajra","Oddly Smooth Stone","MawBank","Lantern"],"acts_visited":["Exordium"],"potions_floor_usage":[7,16],"damage_taken":[{"damage":8,"enemies":"2 Louse","floor":1,"turns":3},{"damage":3,"enemies":"Small Slimes","floor":2,"turns":3},{"damage":2,"enemies":"Cultist","floor":3,"turns":4},{"damage":12,"enemies":"2 Fungi Beasts","floor":4,"turns":4},{"damage":15,"enemies":"Lagavulin","floor":7,"turns":6},{"damage":11,"enemies":"Replay:BlueRogue","floor":10,"turns":7},{"damage":13,"enemies":"Blue Slaver","floor":11,"turns":4},{"damage":14,"enemies":"Red Slaver","floor":14,"turns":4},{"damage":35,"enemies":"The Guardian","floor":16,"turns":5}],"seed_played":"1465868219659111594","potions_obtained":[{"floor":1,"key":"Swift Potion"},{"floor":3,"key":"Dexterity Potion"}],"is_trial":false,"path_per_floor":["M","M","M","M","?","R","E","$","T","E","M","?","?","M","R","B"],"character_chosen":"DEFECT","items_purchased":["Oddly Smooth Stone","SpeedPotion"],"campfire_rested":2,"item_purchase_floors":[8,8],"current_hp_per_floor":[56,53,51,39,28,49,34,34,34,23,10,10,27,13,34,0,0],"gold":182,"neow_bonus":"RANDOM_COMMON_RELIC","is_daily":false,"chose_seed":false,"campfire_upgraded":0,"win_rate":0.0,"timestamp":1608169796,"path_taken":["M","M","M","M","?","R","E","$","T","E","M","?","?","M","R","BOSS"],"items_purchased_type":["Relic","Potion"],"build_version":"2020-12-13","purchased_purges":0,"victory":false,"max_hp_per_floor":[71,71,71,71,71,71,71,71,71,71,71,71,71,71,71,71,71],"card_choices":[{"not_picked":["Skim","Turbo"],"picked":"Loop","floor":1},{"not_picked":["Ball Lightning","Steam"],"picked":"Genetic Algorithm","floor":2},{"not_picked":["Storm","Beam Cell"],"picked":"BasicCrystalCard","floor":3},{"not_picked":["Leap","Blizzard"],"picked":"Go for the Eyes","floor":4},{"not_picked":["Crystallizer","Thunder Strike"],"picked":"Static Discharge","floor":7},{"not_picked":["Turbo","Barrage"],"picked":"Seek","floor":10},{"not_picked":["Darkness","Redo","Reprogram"],"picked":"SKIP","floor":11},{"not_picked":["Rebound","BasicCrystalCard"],"picked":"Barrage","floor":14}],"player_experience":1112843,"relics_obtained":[{"floor":7,"key":"Vajra"},{"floor":9,"key":"MawBank"},{"floor":10,"key":"Lantern"}],"event_choices":[{"damage_healed":0,"gold_gain":75,"player_choice":"Gather Gold","damage_taken":11,"max_hp_gain":0,"max_hp_loss":0,"event_name":"World of Goop","floor":5,"gold_loss":0},{"damage_healed":0,"gold_gain":0,"player_choice":"Ignored","damage_taken":0,"max_hp_gain":0,"max_hp_loss":0,"event_name":"Liars Game","floor":12,"gold_loss":0},{"damage_healed":17,"gold_gain":0,"player_choice":"Healed","damage_taken":0,"max_hp_gain":0,"max_hp_loss":0,"event_name":"The Cleric","floor":13,"gold_loss":35}],"is_beta":false,"boss_relics":[],"items_purged_floors":[],"is_endless":false,"potions_floor_spawned":[1,3,10,11],"killed_by":"The Guardian","ascension_level":20}}