{"host":"qfskrnw3pl1q86j0","time":1608214325,"event":{"mods":["BaseMod","Block Reminder","Hermit","Marisa????????","Minty Spire (QoL Compilation)","Quick Restart","Random Character Button","StSLib","The Poker Player","slay the spire mod where everything is the same but ironclad has a cowboy hat"],"gold_per_floor":[117,128,203,214,214,214,243,243,269,269,284,284,298,316,316,412,412,423,433,459,475,475,475,490,490,490,490,505,534,315,334,334,434,434,448,448,462,762,782,782,794,826,826,826,840,840,840,858,858,858],"floor_reached":51,"playtime":1925,"items_purged":["Defend_MRS"],"score":851,"play_id":"953f575b-11f2-4883-b343-6ea15401c975","local_time":"20201217151205","is_ascension_mode":false,"campfire_choices":[{"data":"MasterSpark","floor":6,"key":"SMITH"},{"data":"SporeBomb","floor":8,"key":"SMITH"},{"data":"OortCloud","floor":10,"key":"SMITH"},{"data":"GrandCross","floor":12,"key":"SMITH"},{"data":"StarBarrage","floor":15,"key":"SMITH"},{"data":"GrandCross","floor":23,"key":"SMITH"},{"data":"OrrerysSun","floor":27,"key":"SMITH"},{"data":"UpSweep","floor":32,"key":"SMITH"},{"data":"MilkyWay","floor":40,"key":"SMITH"},{"data":"AsteroidBelt","floor":44,"key":"SMITH"},{"data":"Defend_MRS","floor":47,"key":"SMITH"},{"data":"OpenUniverse","floor":49,"key":"SMITH"}],"circlet_count":0,"master_deck":["Strike_MRS+1","Strike_MRS+1","Defend_MRS+1","Defend_MRS+1","Defend_MRS+1","MasterSpark+1","UpSweep+1","GrandCross+1","OortCloud+1","Parasite","Parasite","SporeBomb+1","StarBarrage+1","OrrerysSun+1","GrandCross+1","AsteroidBelt+1","ChargingUp+1","OpenUniverse+1","MilkyWay+1","NonDirectionalLaser+1","Singularity+1","AlicesGift+1"],"relics":["MiniHakkero","ShroomBag","Whetstone","Sozu","Red Mask","MutagenicStrength","CaptainsWheel","Bottled Lightning","War Paint","Coffee Dripper","Bag of Marbles","HandmadeGrimoire"],"acts_visited":["Exordium","TheCity","TheBeyond"],"potions_floor_usage":[7,16,20,21],"damage_taken":[{"damage":7,"enemies":"Small Slimes","floor":1,"turns":5},{"damage":1,"enemies":"Cultist","floor":2,"turns":3},{"damage":0,"enemies":"2 Louse","floor":4,"turns":3},{"damage":10,"enemies":"Gremlin Nob","floor":7,"turns":3},{"damage":0,"enemies":"Large Slime","floor":11,"turns":2},{"damage":7,"enemies":"Blue Slaver","floor":13,"turns":2},{"damage":8,"enemies":"Red Slaver","floor":14,"turns":3},{"damage":0,"enemies":"Slime Boss","floor":16,"turns":3},{"damage":10,"enemies":"2 Thieves","floor":18,"turns":3},{"damage":5,"enemies":"Spheric Guardian","floor":19,"turns":3},{"damage":2,"enemies":"Masked Bandits","floor":20,"turns":4},{"damage":0,"enemies":"Snecko","floor":21,"turns":4},{"damage":0,"enemies":"Cultist and Chosen","floor":24,"turns":3},{"damage":3,"enemies":"3 Cultists","floor":28,"turns":4},{"damage":7,"enemies":"Gremlin Leader","floor":29,"turns":4},{"damage":0,"enemies":"Snake Plant","floor":31,"turns":3},{"damage":22,"enemies":"Collector","floor":33,"turns":8},{"damage":0,"enemies":"3 Darklings","floor":35,"turns":5},{"damage":0,"enemies":"Orb Walker","floor":37,"turns":2},{"damage":0,"enemies":"Writhing Mass","floor":39,"turns":3},{"damage":9,"enemies":"Spire Growth","floor":41,"turns":3},{"damage":9,"enemies":"Reptomancer","floor":42,"turns":4},{"damage":0,"enemies":"3 Darklings","floor":45,"turns":2},{"damage":9,"enemies":"Writhing Mass","floor":48,"turns":2},{"damage":25,"enemies":"Donu and Deca","floor":50,"turns":10}],"seed_played":"8795483223492038292","potions_obtained":[{"floor":1,"key":"SneckoOil"},{"floor":2,"key":"Fire Potion"},{"floor":4,"key":"BottledSpark"},{"floor":7,"key":"Strength Potion"}],"is_trial":false,"path_per_floor":["M","M","?","M","?","R","E","R","T","R","M","R","M","M","R","B",null,"M","M","?","M","?","R","M","?","T","R","M","E","$","M","R","B",null,"M","?","M","?","M","R","M","E","T","R","M","?","R","M","R","B",null],"character_chosen":"MARISA","items_purchased":["War Paint"],"campfire_rested":0,"item_purchase_floors":[30],"current_hp_per_floor":[68,67,56,56,56,56,46,46,46,46,50,50,45,41,41,45,75,69,68,70,74,74,74,74,60,60,60,61,58,58,60,60,42,80,80,80,80,80,80,80,71,66,66,66,68,68,68,61,61,40],"gold":858,"neow_bonus":"REMOVE_CARD","is_daily":false,"chose_seed":false,"campfire_upgraded":12,"win_rate":0.0,"timestamp":1608214325,"path_taken":["M","M","?","M","?","R","E","R","T","R","M","R","M","?","R","BOSS","M","M","?","M","?","R","M","?","T","R","M","E","$","M","R","BOSS","M","?","?","?","M","R","M","E","T","R","?","?","R","M","R","BOSS"],"items_purchased_type":["Relic"],"build_version":"2020-12-13","purchased_purges":1,"victory":true,"max_hp_per_floor":[75,75,75,75,75,75,75,75,75,75,75,75,75,75,75,75,75,75,75,75,75,75,75,75,80,80,80,80,80,80,80,80,80,80,80,80,80,80,80,80,80,80,80,80,80,80,80,80,80,80],"card_choices":[{"not_picked":["SuperPerseids","StarBarrage"],"picked":"GrandCross","floor":1},{"not_picked":["PowerUp","GalacticHalo"],"picked":"OortCloud","floor":2},{"not_picked":["UnstableBomb","EventHorizon","ShootTheMoon"],"picked":"SKIP","floor":4},{"not_picked":["NonDirectionalLaser","CollectingQuirk"],"picked":"SporeBomb","floor":7},{"not_picked":["DC","AlicesGift","SporeBomb"],"picked":"SKIP","floor":11},{"not_picked":["PowerUp","DC","ShootingEcho"],"picked":"SKIP","floor":13},{"not_picked":["WitchLeyline","ShootingEcho"],"picked":"StarBarrage","floor":14},{"not_picked":["MeteoricShower","DC+1","UnstableBomb"],"picked":"SKIP","floor":18},{"not_picked":["GravityBeat+1","PowerUp"],"picked":"OrrerysSun","floor":19},{"not_picked":["6A","Occultation"],"picked":"GrandCross","floor":21},{"not_picked":["EventHorizon","MagicAbsorber","UnstableBomb"],"picked":"SKIP","floor":24},{"not_picked":["ManaConvection","StarBarrage"],"picked":"AsteroidBelt","floor":28},{"not_picked":["GravityBeat+1","DC+1","PowerUp"],"picked":"SKIP","floor":29},{"not_picked":["DC","WitchOfGreed"],"picked":"ChargingUp+1","floor":31},{"not_picked":["DC+1","MysteriousBeam","LuminesStrike+1"],"picked":"SKIP","floor":35},{"not_picked":["Robbery","GravityBeat","Acceleration"],"picked":"SKIP","floor":37},{"not_picked":["MachineGunSpark+1","DeepEcoloBomb+1"],"picked":"MilkyWay","floor":39},{"not_picked":["DC+1","WitchLeyline"],"picked":"NonDirectionalLaser+1","floor":41},{"not_picked":["AbsoluteMagnitude","GalacticHalo"],"picked":"Singularity+1","floor":42},{"not_picked":["6A","MagicAbsorber"],"picked":"AlicesGift+1","floor":45},{"not_picked":["PowerUp+1","WitchLeyline+1","IllusionStar"],"picked":"SKIP","floor":48}],"player_experience":845414,"relics_obtained":[{"floor":7,"key":"ShroomBag"},{"floor":9,"key":"Whetstone"},{"floor":20,"key":"Red Mask"},{"floor":26,"key":"CaptainsWheel"},{"floor":29,"key":"Bottled Lightning"},{"floor":42,"key":"Bag of Marbles"},{"floor":43,"key":"HandmadeGrimoire"}],"event_choices":[{"damage_healed":0,"gold_gain":75,"player_choice":"Gather Gold","damage_taken":11,"max_hp_gain":0,"max_hp_loss":0,"event_name":"World of Goop","floor":3,"gold_loss":0},{"damage_healed":0,"gold_gain":0,"player_choice":"Bought 0 Potions","damage_taken":0,"max_hp_gain":0,"max_hp_loss":0,"event_name":"The Woman in Blue","floor":5,"gold_loss":0},{"damage_healed":0,"gold_gain":0,"player_choice":"Fought Bandits","damage_taken":0,"max_hp_gain":0,"max_hp_loss":0,"event_name":"Masked Bandits","floor":20,"gold_loss":0},{"damage_healed":0,"gold_gain":0,"player_choice":"Inject Mutagens","damage_taken":0,"relics_obtained":["MutagenicStrength"],"max_hp_gain":0,"max_hp_loss":0,"event_name":"Drug Dealer","floor":22,"gold_loss":0},{"damage_healed":0,"gold_gain":0,"player_choice":"Shed Blood","damage_taken":19,"max_hp_gain":5,"max_hp_loss":0,"event_name":"Forgotten Altar","floor":25,"gold_loss":0},{"damage_healed":0,"gold_gain":0,"cards_transformed":["Strike_MRS"],"player_choice":"Transformed","damage_taken":0,"max_hp_gain":0,"max_hp_loss":0,"event_name":"Transmorgrifier","floor":36,"gold_loss":0,"cards_obtained":["OpenUniverse"]},{"damage_healed":0,"gold_gain":300,"player_choice":"Gold","damage_taken":0,"max_hp_gain":0,"max_hp_loss":0,"event_name":"Wheel of Change","floor":38,"gold_loss":0},{"damage_healed":0,"gold_gain":0,"player_choice":"Ignored","damage_taken":0,"max_hp_gain":0,"max_hp_loss":0,"event_name":"Fountain of Cleansing","floor":46,"gold_loss":0}],"is_beta":false,"boss_relics":[{"not_picked":["Calling Bell","SlaversCollar"],"picked":"Sozu"},{"not_picked":["BewitchedHakkero","Philosopher\u0027s Stone"],"picked":"Coffee Dripper"}],"items_purged_floors":[30],"is_endless":false,"potions_floor_spawned":[1,2,4,7,18,19,28,29,31,39,48],"ascension_level":0}}