{"host":"kyy1kus4tsuq869y","time":1608209591,"event":{"mods":["BaseMod","Downfall","GifTheSpireLib","HololiveMod","Hubris","Jorbs\u0027s Wanderer Trilogy","Marisa£®ÏF”Í°°ƒß¿Ì…≥£©","Minty Spire (QoL Compilation)","Quick Restart","READ ME - Guardian Mod","READ ME - Snecko Mod","Reimu£®≤©¿ˆ¡È√Œ£©","Remilia£®¿Ÿ√◊¿Ú—«£©","Replay The Spire","StSLib","Td1madao Mod","The Administrix","The Animator","The Bug Knight","The Construct","The Cursed","The Hierophant","The Runesmith","The Senshi","The Servant 0.9.4","Youmu£®ªÍ∆«—˝√Œ£©"],"gold_per_floor":[119,119,119,119,132,132,265,265,289,318,65,90,140,49,49,121,121,141,51,51,51,140,168,5,5,5,5,5,5],"floor_reached":28,"playtime":697,"items_purged":[],"score":592,"play_id":"5943351d-f878-43cd-a240-f77c08ddfe37","local_time":"20201217205311","is_ascension_mode":true,"campfire_choices":[{"floor":6.0,"key":"REST"},{"data":"Shrug It Off","floor":8.0,"key":"SMITH"},{"floor":15.0,"key":"REST"},{"floor":25,"key":"RECALL"}],"circlet_count":0,"master_deck":["AscendersBane","Strike_R+1","Strike_R+1","Defend_R+1","Defend_R+1","Defend_R+1","Defend_R+1","Bash+1","Shrug It Off+1","Wild Strike","Feed","Discovery","Juggernaut+1","expansioncontent:TimeRipple+1","Spot Weakness+1","Shrug It Off"],"relics":["Burning Blood","NeowsBlessing","hubris:Icosahedron","hubris:EvacipatedBox","hubris:FruitBowl","hubris:ToyBattleship","Onion Ring","Letter Opener","Boot","Chameleon Ring","Sling","hubris:PeanutButter","Replay:Drink Me","hubris:BottledHeart","War Paint","Whetstone","Shovel"],"acts_visited":["Exordium","TheCity"],"potions_floor_usage":[],"damage_taken":[{"damage":0.0,"enemies":"Small Slimes","floor":1.0,"turns":1.0},{"damage":0.0,"enemies":"2 Louse","floor":5.0,"turns":1.0},{"damage":0.0,"enemies":"Gremlin Nob","floor":7.0,"turns":1.0},{"damage":15.0,"enemies":"3 Sentries","floor":10.0,"turns":11.0},{"damage":24.0,"enemies":"Lagavulin","floor":12.0,"turns":4.0},{"damage":5.0,"enemies":"The Guardian","floor":16.0,"turns":9.0},{"damage":0,"enemies":"3 Byrds","floor":18,"turns":3},{"damage":0,"enemies":"HollowMod:Nosk","floor":23,"turns":9},{"damage":1,"enemies":"Slavers","floor":28,"turns":3}],"seed_played":"-2225954630044060360","potions_obtained":[{"floor":1.0,"key":"Fire Potion"},{"floor":7.0,"key":"Venom Potion"},{"floor":12.0,"key":"Elixir"},{"floor":16.0,"key":"BloodPotion"}],"is_trial":false,"path_per_floor":["M","?","?","$","M","R","E","R","T","E","$","E","?","$","R","B",null,"M","$","?","?","?","E","$","R","T","?","E"],"character_chosen":"IRONCLAD","items_purchased":["hubris:EvacipatedBox","hubris:FruitBowl","hubris:ToyBattleship","Onion Ring","Feed","Sling","Discovery","expansioncontent:TimeRipple","Whetstone"],"campfire_rested":2,"item_purchase_floors":[4,4,4,4,11,11,14,19,24],"current_hp_per_floor":[74,74,74,10,18,40,46,46,46,37,37,19,19,19,41,42,47,52,52,52,1,1,1,1,1,1,1,0,0],"gold":5,"neow_bonus":"THREE_ENEMY_KILL","is_daily":false,"chose_seed":false,"campfire_upgraded":1,"win_rate":0.0,"timestamp":1608209591,"path_taken":["M","?","?","?","M","R","E","R","T","E","$","E","?","$","R","BOSS","M","$","?","?","?","E","?","R","T","?","E"],"items_purchased_type":["Relic","Relic","Relic","Relic","Card","Relic","Card","Card","Relic"],"build_version":"2020-12-13","purchased_purges":0,"victory":false,"max_hp_per_floor":[75,75,75,75,75,75,75,75,75,75,75,75,75,75,75,75,48,52,52,52,1,1,1,1,1,1,1,1,1],"card_choices":[{"not_picked":["Intimidate","Massacre","Burning Pact"],"picked":"SKIP","floor":1.0},{"not_picked":["Perfected Strike","Clothesline","Twin Strike"],"picked":"SKIP","floor":5.0},{"not_picked":["ReplayTheSpireMod:Strike From Hell","hubris:ReadiedAction"],"picked":"Shrug It Off","floor":7.0},{"not_picked":["Armaments","Carnage"],"picked":"Wild Strike","floor":10.0},{"not_picked":["Flex","Havoc","ReplayTheSpireMod:Strike From Hell"],"picked":"SKIP","floor":12.0},{"not_picked":["Brutality","Berserk"],"picked":"Juggernaut","floor":16.0},{"not_picked":["Burning Pact","Entrench","Searing Blow"],"picked":"SKIP","floor":18},{"not_picked":["Battle Trance","Replay:Undeath\u0027s Touch"],"picked":"Spot Weakness+1","floor":22},{"not_picked":["Thunderclap","Combust"],"picked":"Shrug It Off","floor":22},{"not_picked":["Clash","Life Link","Rage"],"picked":"SKIP","floor":23}],"player_experience":464320,"relics_obtained":[{"floor":7.0,"key":"Letter Opener"},{"floor":9.0,"key":"Boot"},{"floor":10.0,"key":"Chameleon Ring"},{"floor":12.0,"key":"hubris:PeanutButter"},{"floor":23,"key":"War Paint"},{"floor":26,"key":"Shovel"}],"event_choices":[{"damage_healed":0.0,"max_hp_gain":0.0,"max_hp_loss":0.0,"gold_gain":0.0,"event_name":"Living Wall","player_choice":"Grow","floor":2.0,"gold_loss":0.0,"damage_taken":0.0,"cards_upgraded":["Bash"]},{"damage_healed":0.0,"max_hp_gain":0.0,"max_hp_loss":0.0,"gold_gain":50.0,"event_name":"Golden Shrine","player_choice":"Pray","floor":13.0,"gold_loss":0.0,"damage_taken":0.0},{"damage_healed":0,"gold_gain":0,"player_choice":"Simplicity","damage_taken":0,"max_hp_gain":0,"max_hp_loss":0,"event_name":"Back to Basics","floor":27,"gold_loss":0,"cards_upgraded":["Strike_R","Defend_R","Defend_R"]}],"is_beta":false,"boss_relics":[{"not_picked":["Empty Cage","Replay:Wanted Poster","Runic Pyramid"],"picked":"Replay:Drink Me"}],"items_purged_floors":[],"is_endless":false,"potions_floor_spawned":[1,7,12,16,23],"killed_by":"Slavers","ascension_level":20}}