{"host":"15dd7v8o90xso62x","time":1608235411,"event":{"mods":["BaseMod","Minty Spire (QoL Compilation)","Quick Restart","StSLib"],"gold_per_floor":[116,116,266,13,24,59,59,91,91,91,101,135,26,54,54,131,131,147,47,62,62,62,62,62,62],"floor_reached":24,"playtime":554,"items_purged":["Doubt","Strike_G"],"score":470,"play_id":"bf1e7571-6ce3-402e-9415-0fa5759b0ed1","local_time":"20201218050331","is_ascension_mode":true,"campfire_choices":[{"data":"Accuracy","floor":7.0,"key":"SMITH"},{"data":"Blade Dance","floor":10.0,"key":"SMITH"},{"data":"Phantasmal Killer","floor":15.0,"key":"SMITH"},{"data":"Cloak And Dagger","floor":23.0,"key":"SMITH"}],"circlet_count":0,"master_deck":["AscendersBane","Strike_G","Strike_G","Strike_G","Defend_G","Defend_G","Defend_G","Defend_G","Defend_G","Survivor","Neutralize","Crippling Poison","Backstab","Blade Dance+1","Accuracy+1","Tactician","Dagger Spray+1","Acrobatics","Phantasmal Killer+1","Blade Dance","Footwork","Venomology","Cloak And Dagger+1","Backflip"],"relics":["Ring of the Snake","NeowsBlessing","Molten Egg 2","Ninja Scroll","Omamori","Boot","Odd Mushroom","SlaversCollar","Toxic Egg 2"],"acts_visited":["Exordium","TheCity"],"potions_floor_usage":[],"damage_taken":[{"damage":0.0,"enemies":"Jaw Worm","floor":1.0,"turns":1.0},{"damage":0.0,"enemies":"2 Louse","floor":5.0,"turns":1.0},{"damage":0.0,"enemies":"Lagavulin","floor":6.0,"turns":1.0},{"damage":24.0,"enemies":"3 Sentries","floor":8.0,"turns":8.0},{"damage":0.0,"enemies":"Small Slimes","floor":11.0,"turns":1.0},{"damage":6.0,"enemies":"Gremlin Nob","floor":12.0,"turns":3.0},{"damage":14.0,"enemies":"The Mushroom Lair","floor":14.0,"turns":4.0},{"damage":17.0,"enemies":"The Guardian","floor":16.0,"turns":10.0},{"damage":12.0,"enemies":"Chosen","floor":18.0,"turns":4.0},{"damage":9.0,"enemies":"Shell Parasite","floor":20.0,"turns":2.0},{"damage":33,"enemies":"Shelled Parasite and Fungi","floor":24,"turns":3}],"seed_played":"-2619822922324577842","potions_obtained":[{"floor":11.0,"key":"Fruit Juice"},{"floor":12.0,"key":"Poison Potion"},{"floor":18.0,"key":"Strength Potion"}],"is_trial":false,"path_per_floor":["M","?","?","$","M","E","R","E","T","R","M","E","$","?","R","B",null,"M","$","M","?","T","R","M"],"character_chosen":"THE_SILENT","items_purchased":["Blade Dance","Accuracy","Tactician","Blade Dance","Footwork"],"campfire_rested":0,"item_purchase_floors":[4,4,4,13,13],"current_hp_per_floor":[59,59,59,59,59,59,59,35,35,35,40,34,34,20,20,3,54,42,42,33,33,33,33,0,0],"gold":62,"neow_bonus":"THREE_ENEMY_KILL","is_daily":false,"chose_seed":false,"campfire_upgraded":4,"win_rate":0.0,"timestamp":1608235411,"path_taken":["M","?","?","$","M","E","R","E","T","R","M","E","?","?","R","BOSS","M","$","M","?","?","R","M"],"items_purchased_type":["Card","Card","Card","Card","Card"],"build_version":"2020-12-13","purchased_purges":2,"victory":false,"max_hp_per_floor":[66,66,66,66,66,66,66,66,66,66,71,71,71,71,71,71,71,71,71,71,71,71,71,71,71],"card_choices":[{"not_picked":["Bane","Sucker Punch"],"picked":"Crippling Poison","floor":1.0},{"not_picked":["Sucker Punch","Caltrops","Backflip"],"picked":"SKIP","floor":5.0},{"not_picked":["Bane+1","PiercingWail"],"picked":"Dagger Spray+1","floor":6.0},{"not_picked":["Eviscerate+1","Deadly Poison"],"picked":"Acrobatics","floor":8.0},{"not_picked":["Sucker Punch+1","Dash+1"],"picked":"Phantasmal Killer","floor":11.0},{"not_picked":["Outmaneuver","Noxious Fumes","Bouncing Flask"],"picked":"SKIP","floor":12.0},{"not_picked":["Bullet Time","Phantasmal Killer"],"picked":"Venomology","floor":16.0},{"not_picked":["Deflect+1","Backflip"],"picked":"Cloak And Dagger","floor":18.0},{"not_picked":["Concentrate+1","Dodge and Roll"],"picked":"Backflip","floor":20.0}],"player_experience":921393,"relics_obtained":[{"floor":6.0,"key":"Molten Egg 2"},{"floor":8.0,"key":"Ninja Scroll"},{"floor":9.0,"key":"Omamori"},{"floor":12.0,"key":"Boot"},{"floor":14.0,"key":"Odd Mushroom"},{"floor":22.0,"key":"Toxic Egg 2"}],"event_choices":[{"damage_healed":0.0,"max_hp_gain":0.0,"max_hp_loss":0.0,"gold_gain":0.0,"cards_transformed":["Strike_G"],"event_name":"Living Wall","player_choice":"Change","floor":2.0,"gold_loss":0.0,"damage_taken":0.0,"cards_obtained":["Backstab"]},{"damage_healed":0.0,"max_hp_gain":0.0,"max_hp_loss":0.0,"gold_gain":150.0,"event_name":"Liars Game","player_choice":"AGREE","floor":3.0,"gold_loss":0.0,"damage_taken":0.0,"cards_obtained":["Doubt"]},{"damage_healed":0.0,"max_hp_gain":0.0,"max_hp_loss":0.0,"gold_gain":0.0,"event_name":"Mushrooms","player_choice":"Fought Mushrooms","floor":14.0,"gold_loss":0.0,"damage_taken":0.0}],"is_beta":false,"boss_relics":[{"not_picked":["Fusion Hammer","Philosopher\u0027s Stone"],"picked":"SlaversCollar"}],"items_purged_floors":[4,19],"is_endless":false,"potions_floor_spawned":[11,12,18],"killed_by":"Shelled Parasite and Fungi","ascension_level":20}}