{"host":"5trcja4hacd149zc","time":1608181501,"event":{"mods":["BaseMod","Colored Map","GifTheSpireLib","Minty Spire (QoL Compilation)","Relic Stats","StSLib"],"gold_per_floor":[114,264,282,207,217,217,247,247,247,274,299,299,299,310,310,387,387,407,65,76,89,101,126,126,157,230,58,90,102,102,102,102,179,179,199,210,210,42,1041,1041,407,436,490,310,310,329,362,79,79,79,79,79],"floor_reached":51,"playtime":1569,"items_purged":["Normality","Normality","Strike_P"],"score":1613,"play_id":"c8741a0d-4f50-4120-b569-08a49e596760","local_time":"20201216230501","is_ascension_mode":true,"campfire_choices":[{"data":"Eruption","floor":6,"key":"SMITH"},{"data":"BowlingBash","floor":8,"key":"SMITH"},{"floor":15,"key":"REST"},{"data":"Adaptation","floor":24,"key":"SMITH"},{"data":"TalkToTheHand","floor":30,"key":"SMITH"},{"data":"Wireheading","floor":32,"key":"SMITH"},{"data":"MentalFortress","floor":40,"key":"SMITH"},{"floor":49,"key":"RECALL"}],"circlet_count":0,"master_deck":["AscendersBane","Strike_P+1","Strike_P","Strike_P","Defend_P","Defend_P","Defend_P+1","Eruption+1","Vigilance+1","Consecrate","FlyingSleeves","BowlingBash+1","TalkToTheHand+1","Vengeance+1","Scrawl+1","Adaptation+1","EmptyFist","Blasphemy+1","Wireheading+1","TalkToTheHand+1","MentalFortress+1","FlurryOfBlows+1","Wallop","MentalFortress+1","Wireheading+1","Meditate+1"],"relics":["HolyWater","NeowsBlessing","TeardropLocket","Toxic Egg 2","War Paint","Bag of Marbles","MealTicket","Coffee Dripper","FossilizedHelix","StrikeDummy","Sundial","Question Card","Vajra","TungstenRod","PreservedInsect","Ginger","Whetstone","Gambling Chip","Turnip","Orrery"],"acts_visited":["Exordium","TheCity","TheBeyond"],"potions_floor_usage":[23,33,47,50],"damage_taken":[{"damage":0,"enemies":"2 Louse","floor":1,"turns":1},{"damage":0,"enemies":"Jaw Worm","floor":3,"turns":1},{"damage":0,"enemies":"Small Slimes","floor":5,"turns":1},{"damage":41,"enemies":"Gremlin Nob","floor":7,"turns":4},{"damage":2,"enemies":"3 Sentries","floor":11,"turns":4},{"damage":0,"enemies":"Blue Slaver","floor":14,"turns":1},{"damage":28,"enemies":"Slime Boss","floor":16,"turns":7},{"damage":0,"enemies":"Chosen","floor":18,"turns":1},{"damage":0,"enemies":"3 Byrds","floor":20,"turns":4},{"damage":0,"enemies":"Cultist and Chosen","floor":21,"turns":3},{"damage":0,"enemies":"Sentry and Sphere","floor":22,"turns":3},{"damage":9,"enemies":"Slavers","floor":23,"turns":4},{"damage":6,"enemies":"Book of Stabbing","floor":25,"turns":3},{"damage":14,"enemies":"Slavers","floor":28,"turns":2},{"damage":0,"enemies":"Chosen and Byrds","floor":29,"turns":4},{"damage":26,"enemies":"Collector","floor":33,"turns":4},{"damage":11,"enemies":"3 Darklings","floor":35,"turns":3},{"damage":22,"enemies":"3 Shapes","floor":36,"turns":3},{"damage":0,"enemies":"Nemesis","floor":42,"turns":3},{"damage":12,"enemies":"Writhing Mass","floor":46,"turns":5},{"damage":8,"enemies":"Reptomancer","floor":47,"turns":3},{"damage":0,"enemies":"Time Eater","floor":50,"turns":6},{"damage":64,"enemies":"Awakened One","floor":51,"turns":3}],"seed_played":"8918701745643898326","potions_obtained":[{"floor":11,"key":"Ancient Potion"},{"floor":14,"key":"SkillPotion"},{"floor":25,"key":"FearPotion"},{"floor":29,"key":"DuplicationPotion"}],"is_trial":false,"path_per_floor":["M","?","M","?","M","R","E","R","T","T","E","?","?","M","R","B",null,"M","$","M","M","M","E","R","E","T","$","E","M","R","?","R","B",null,"M","M","?","$","?","R","$","E","T","$","?","M","E","$","R","B","B"],"character_chosen":"WATCHER","items_purchased":["FossilizedHelix","Vajra","PreservedInsect","Ginger","Whetstone","SteroidPotion","Wallop","Orrery"],"campfire_rested":1,"item_purchase_floors":[19,27,38,41,41,41,44,48],"current_hp_per_floor":[61,61,61,61,61,61,20,20,20,20,18,18,13,13,33,5,52,52,67,67,67,67,58,58,52,52,67,53,53,53,35,35,9,57,46,24,60,60,60,60,60,60,60,60,60,48,40,55,55,55,0,0],"gold":79,"neow_bonus":"THREE_ENEMY_KILL","is_daily":false,"chose_seed":false,"campfire_upgraded":6,"win_rate":0.0,"timestamp":1608181501,"path_taken":["M","?","M","?","?","R","E","R","T","?","E","?","?","M","R","BOSS","M","$","M","M","M","E","R","E","T","$","E","M","R","?","R","BOSS","M","M","?","$","?","R","$","E","T","$","?","M","E","?","R","BOSS","BOSS"],"items_purchased_type":["Relic","Relic","Relic","Relic","Relic","Potion","Card","Relic"],"build_version":"2020-12-13","purchased_purges":3,"victory":false,"max_hp_per_floor":[68,68,68,68,68,68,68,68,68,68,68,68,68,68,68,68,68,68,68,68,68,68,68,68,68,68,68,68,68,68,73,73,73,73,73,73,60,60,60,60,60,60,60,60,60,60,60,60,60,60,60,60],"relic_stats":{"counters":[23,73],"Sundial":[4],"Gambling Chip":[6],"MealTicket":45,"PreservedInsect":112,"Turnip":[2],"Ginger":[4],"Whetstone":["Strike_P","FlurryOfBlows"],"War Paint":["Defend_P","Vigilance"],"Question Card":13,"obtain_stats":[{"NeowsBlessing":0,"Vajra":27,"PreservedInsect":38,"TeardropLocket":7,"Ginger":41,"Whetstone":41,"War Paint":10,"Question Card":26,"Sundial":25,"Gambling Chip":42,"HolyWater":34,"Orrery":48,"MealTicket":13,"Turnip":47,"Bag of Marbles":11,"Coffee Dripper":17,"PureWater":0,"Toxic Egg 2":9,"StrikeDummy":23,"FossilizedHelix":19,"TungstenRod":28},{"NeowsBlessing":0,"Vajra":13,"PreservedInsect":18,"TeardropLocket":4,"Ginger":18,"Whetstone":18,"War Paint":4,"Question Card":13,"Sundial":13,"Gambling Chip":19,"HolyWater":16,"Orrery":21,"MealTicket":5,"Turnip":21,"Bag of Marbles":5,"Coffee Dripper":7,"PureWater":0,"Toxic Egg 2":4,"StrikeDummy":12,"FossilizedHelix":8,"TungstenRod":14},{"NeowsBlessing":0,"Vajra":37,"PreservedInsect":53,"TeardropLocket":7,"Ginger":53,"Whetstone":53,"War Paint":7,"Question Card":37,"Sundial":37,"Gambling Chip":56,"HolyWater":47,"Orrery":64,"MealTicket":11,"Turnip":64,"Bag of Marbles":11,"Coffee Dripper":19,"PureWater":0,"Toxic Egg 2":7,"StrikeDummy":34,"FossilizedHelix":20,"TungstenRod":39}],"TungstenRod":13},"card_choices":[{"not_picked":["ClearTheMind","BowlingBash"],"picked":"Consecrate","floor":1},{"not_picked":["Prostrate","Protect"],"picked":"FlyingSleeves","floor":3},{"not_picked":["Nirvana","Crescendo"],"picked":"BowlingBash","floor":5},{"not_picked":["ClearTheMind","SashWhip","Prostrate"],"picked":"SKIP","floor":7},{"not_picked":["Consecrate","Vengeance+1"],"picked":"TalkToTheHand","floor":11},{"not_picked":["ClearTheMind+1","Devotion"],"picked":"Vengeance+1","floor":14},{"not_picked":["Brilliance","Establishment"],"picked":"Scrawl+1","floor":16},{"not_picked":["ReachHeaven+1","BowlingBash"],"picked":"Adaptation","floor":18},{"not_picked":["ClearTheMind+1","InnerPeace+1","Protect+1"],"picked":"SKIP","floor":20},{"not_picked":["FollowUp","EmptyFist","Devotion"],"picked":"SKIP","floor":21},{"not_picked":["FollowUp","Devotion"],"picked":"EmptyFist","floor":21},{"not_picked":["Vengeance+1","BowlingBash","Prostrate+1"],"picked":"SKIP","floor":22},{"not_picked":["JustLucky","BowlingBash"],"picked":"Blasphemy+1","floor":23},{"not_picked":["FlyingSleeves+1","Sanctity+1"],"picked":"Wireheading","floor":25},{"not_picked":["FlyingSleeves","BowlingBash","Consecrate"],"picked":"TalkToTheHand","floor":28},{"not_picked":["FlyingSleeves","CutThroughFate","Protect+1","Fasting2"],"picked":"SKIP","floor":29},{"not_picked":["Crescendo+1","CrushJoints","Halt+1"],"picked":"MentalFortress","floor":35},{"not_picked":["EmptyFist","CutThroughFate","EmptyMind+1"],"picked":"FlurryOfBlows","floor":36},{"not_picked":["WaveOfTheHand+1","ClearTheMind+1","DeusExMachina+1","FlyingSleeves+1"],"picked":"SKIP","floor":42},{"not_picked":["WaveOfTheHand+1","Weave+1","CarveReality","Prostrate+1"],"picked":"SKIP","floor":46},{"not_picked":["BattleHymn","FlurryOfBlows","PathToVictory+1"],"picked":"MentalFortress+1","floor":47},{"not_picked":["BowlingBash","PathToVictory+1","Indignation+1"],"picked":"Wireheading+1","floor":48},{"not_picked":["FollowUp","InnerPeace+1","JustLucky"],"picked":"Meditate+1","floor":48}],"player_experience":749042,"relics_obtained":[{"floor":7,"key":"TeardropLocket"},{"floor":9,"key":"Toxic Egg 2"},{"floor":10,"key":"War Paint"},{"floor":11,"key":"Bag of Marbles"},{"floor":23,"key":"StrikeDummy"},{"floor":25,"key":"Sundial"},{"floor":26,"key":"Question Card"},{"floor":28,"key":"TungstenRod"},{"floor":42,"key":"Gambling Chip"},{"floor":47,"key":"Turnip"}],"event_choices":[{"damage_healed":0,"gold_gain":150,"player_choice":"AGREE","damage_taken":0,"max_hp_gain":0,"max_hp_loss":0,"event_name":"Liars Game","floor":2,"gold_loss":0,"cards_obtained":["Doubt"]},{"cards_removed":["Doubt"],"damage_healed":0,"gold_gain":0,"player_choice":"Card Removal","damage_taken":0,"max_hp_gain":0,"max_hp_loss":0,"event_name":"The Cleric","floor":4,"gold_loss":75},{"damage_healed":0,"gold_gain":0,"player_choice":"Grow","damage_taken":0,"max_hp_gain":0,"max_hp_loss":0,"event_name":"Living Wall","floor":12,"gold_loss":0,"cards_upgraded":["TalkToTheHand"]},{"damage_healed":0,"gold_gain":0,"player_choice":"Success","damage_taken":5,"relics_obtained":["MealTicket"],"max_hp_gain":0,"max_hp_loss":0,"event_name":"Scrap Ooze","floor":13,"gold_loss":0},{"damage_healed":0,"gold_gain":0,"player_choice":"Shed Blood","damage_taken":24,"max_hp_gain":5,"max_hp_loss":0,"event_name":"Forgotten Altar","floor":31,"gold_loss":0},{"damage_healed":60,"gold_gain":0,"player_choice":"Heal","damage_taken":0,"max_hp_gain":0,"max_hp_loss":13,"event_name":"The Moai Head","floor":37,"gold_loss":0},{"damage_healed":0,"gold_gain":999,"player_choice":"Gold","damage_taken":0,"max_hp_gain":0,"max_hp_loss":0,"event_name":"MindBloom","floor":39,"gold_loss":0,"cards_obtained":["Normality","Normality"]},{"cards_removed":["Defend_P"],"damage_healed":0,"gold_gain":0,"player_choice":"Removed Skill","damage_taken":0,"max_hp_gain":0,"max_hp_loss":0,"event_name":"Falling","floor":45,"gold_loss":0}],"is_beta":false,"boss_relics":[{"not_picked":["Philosopher\u0027s Stone","Empty Cage"],"picked":"Coffee Dripper"},{"not_picked":["Tiny House","Velvet Choker"],"picked":"HolyWater"}],"items_purged_floors":[41,44,48],"is_endless":false,"potions_floor_spawned":[11,14,18,20,25,28,29],"killed_by":"Awakened One","ascension_level":20}}