{"host":"b94931fzay7ri6da","time":1608196236,"event":{"mods":["AchievementEnabler","BaseMod","Colored Map","Colored Powertips","Downfall","Minty Spire (QoL Compilation)","Quick Restart","StSLib","SuperFastMode"],"gold_per_floor":[112,112,20,33,52,85,104,181,232,259,259,18,0,20,20,20,20],"floor_reached":16,"playtime":563,"items_purged":[],"score":116,"play_id":"0fa11d8f-77fe-4ccb-bcdd-f9d7d30087a3","local_time":"20201217091036","is_ascension_mode":true,"campfire_choices":[{"floor":15,"key":"REST"}],"circlet_count":0,"master_deck":["Strike_P","Strike_P","Strike_P","Strike_P","Defend_P","Defend_P","Defend_P","Defend_P","Eruption+1","Vigilance","CutThroughFate","expansioncontent:CaCaw","SandsOfTime","JustLucky","Weave","Halt","Conclude","FlurryOfBlows","DevaForm"],"relics":["PureWater","Calipers","The Courier","Dream Catcher","Art of War","Lizard Tail"],"acts_visited":["Exordium"],"potions_floor_usage":[16],"damage_taken":[{"damage":0,"enemies":"Small Slimes","floor":1,"turns":3},{"damage":0,"enemies":"Cultist","floor":4,"turns":2},{"damage":11,"enemies":"Jaw Worm","floor":5,"turns":4},{"damage":10,"enemies":"Gremlin Nob","floor":6,"turns":3},{"damage":0,"enemies":"2 Fungi Beasts","floor":7,"turns":3},{"damage":30,"enemies":"3 Sentries","floor":10,"turns":4},{"damage":14,"enemies":"Blue Slaver","floor":14,"turns":2},{"damage":51,"enemies":"The Guardian","floor":16,"turns":7}],"seed_played":"-4235926240999638798","potions_obtained":[{"floor":4,"key":"BottledMiracle"},{"floor":6,"key":"sneckomod:MuddlingPotion"}],"is_trial":false,"path_per_floor":["M","?","$","M","M","E","M","?","T","E","?","$","?","M","R","B"],"character_chosen":"WATCHER","items_purchased":["expansioncontent:CaCaw","Lizard Tail"],"campfire_rested":1,"item_purchase_floors":[3,12],"current_hp_per_floor":[65,65,65,65,54,44,44,44,44,14,14,14,14,32,51,0,0],"gold":20,"neow_bonus":"ONE_RARE_RELIC","is_daily":false,"chose_seed":false,"campfire_upgraded":0,"win_rate":0.0,"timestamp":1608196236,"path_taken":["M","?","?","M","?","E","M","?","T","E","?","$","?","M","R","BOSS"],"items_purchased_type":["Card","Relic"],"build_version":"2020-12-13","purchased_purges":0,"victory":false,"max_hp_per_floor":[65,65,65,65,65,65,65,65,65,65,65,65,65,65,65,65,65],"card_choices":[{"not_picked":["JustLucky","BowlingBash"],"picked":"CutThroughFate","floor":1},{"not_picked":["SashWhip","Protect"],"picked":"SandsOfTime","floor":4},{"not_picked":["FollowUp","Crescendo"],"picked":"JustLucky","floor":5},{"not_picked":["Wireheading","Meditate"],"picked":"Weave","floor":6},{"not_picked":["TalkToTheHand","BowlingBash"],"picked":"Halt","floor":7},{"not_picked":["PathToVictory","Adaptation"],"picked":"Conclude","floor":10},{"not_picked":["BowlingBash","ForeignInfluence"],"picked":"FlurryOfBlows","floor":14},{"not_picked":["CrushJoints","ReachHeaven"],"picked":"DevaForm","floor":15}],"player_experience":311859,"relics_obtained":[{"floor":6,"key":"The Courier"},{"floor":9,"key":"Dream Catcher"},{"floor":10,"key":"Art of War"}],"event_choices":[{"damage_healed":0,"gold_gain":0,"player_choice":"Upgraded","damage_taken":0,"max_hp_gain":0,"max_hp_loss":0,"event_name":"Upgrade Shrine","floor":2,"gold_loss":0,"cards_upgraded":["Eruption"]},{"damage_healed":0,"gold_gain":77,"player_choice":"Gained Gold","damage_taken":0,"max_hp_gain":0,"max_hp_loss":0,"event_name":"Golden Wing","floor":8,"gold_loss":0},{"damage_healed":0,"gold_gain":0,"player_choice":"Ignored","damage_taken":0,"max_hp_gain":0,"max_hp_loss":0,"event_name":"Shining Light","floor":11,"gold_loss":0},{"damage_healed":0,"gold_gain":0,"player_choice":"Left Gold","damage_taken":0,"max_hp_gain":0,"max_hp_loss":0,"event_name":"World of Goop","floor":13,"gold_loss":18}],"is_beta":false,"boss_relics":[],"items_purged_floors":[],"is_endless":false,"potions_floor_spawned":[4,6],"killed_by":"The Guardian","ascension_level":1}}