{"host":"mi0eibewekhugwl1","time":1608223861,"event":{"mods":["AchievementEnabler","BaseMod","Colored Map","Colored Powertips","DeckTracker","Keyboard Shortcuts","Minty Spire (QoL Compilation)","Quick Restart","Rare Cards Sparkle","Relic Stats","StSLib","SuperFastMode","everything is the same but u backflip on backflip"],"gold_per_floor":[115,115,128,278,278,278,302,302,302,318,318,318],"floor_reached":11,"playtime":106,"items_purged":[],"score":126,"play_id":"8327a6e2-56a5-436d-82ba-676d5d63842b","local_time":"20201218015101","is_ascension_mode":true,"campfire_choices":[{"data":"Zap","floor":6,"key":"SMITH"},{"data":"Dualcast","floor":8,"key":"SMITH"}],"circlet_count":0,"master_deck":["AscendersBane","Strike_B","Strike_B","Strike_B","Strike_B","Defend_B","Defend_B","Defend_B","Defend_B","Zap+1","Dualcast+1","Ball Lightning","Coolheaded","Doubt","Chill","Loop"],"relics":["Cracked Core","NeowsBlessing","Pen Nib","Golden Idol","Cables"],"acts_visited":["Exordium"],"potions_floor_usage":[],"damage_taken":[{"damage":0,"enemies":"Jaw Worm","floor":1,"turns":1},{"damage":0,"enemies":"2 Louse","floor":3,"turns":1},{"damage":0,"enemies":"Small Slimes","floor":7,"turns":1},{"damage":15,"enemies":"Exordium Thugs","floor":10,"turns":4},{"damage":4,"enemies":"Lagavulin","floor":11,"turns":6}],"seed_played":"3694901739398512688","potions_obtained":[{"floor":10,"key":"ColorlessPotion"}],"is_trial":false,"path_per_floor":["M","?","M","?","?","R","M","R","T","M","E"],"character_chosen":"DEFECT","items_purchased":[],"campfire_rested":0,"item_purchase_floors":[],"current_hp_per_floor":[64,59,59,59,35,35,35,35,35,20,16,16],"gold":318,"neow_bonus":"THREE_ENEMY_KILL","is_daily":false,"chose_seed":false,"campfire_upgraded":2,"win_rate":0.0,"timestamp":1608223861,"path_taken":["M","?","M","?","?","R","M","R","T","M","E"],"items_purchased_type":[],"build_version":"2020-12-13","purchased_purges":0,"victory":false,"max_hp_per_floor":[71,71,71,71,71,71,71,71,71,71,71,71],"relic_stats":{"counters":[5,12],"Golden Idol":8,"Pen Nib":[1],"obtain_stats":[{"NeowsBlessing":0,"Golden Idol":5,"Pen Nib":2,"Cracked Core":0,"Cables":9},{"NeowsBlessing":0,"Golden Idol":2,"Pen Nib":1,"Cracked Core":0,"Cables":3},{"NeowsBlessing":0,"Golden Idol":2,"Pen Nib":1,"Cracked Core":0,"Cables":3}],"Cables":[8,4,4,0,0]},"card_choices":[{"not_picked":["Compile Driver","Turbo"],"picked":"Ball Lightning","floor":1},{"not_picked":["Turbo","Loop"],"picked":"Coolheaded","floor":3},{"not_picked":["Coolheaded","Compile Driver"],"picked":"Chill","floor":7},{"not_picked":["Rebound","Steam"],"picked":"Loop","floor":10}],"player_experience":1687688,"relics_obtained":[{"floor":9,"key":"Cables"}],"event_choices":[{"damage_healed":0,"gold_gain":0,"player_choice":"Success","damage_taken":5,"relics_obtained":["Pen Nib"],"max_hp_gain":0,"max_hp_loss":0,"event_name":"Scrap Ooze","floor":2,"gold_loss":0},{"damage_healed":0,"gold_gain":150,"player_choice":"AGREE","damage_taken":0,"max_hp_gain":0,"max_hp_loss":0,"event_name":"Liars Game","floor":4,"gold_loss":0,"cards_obtained":["Doubt"]},{"damage_healed":0,"gold_gain":0,"player_choice":"Take Damage","damage_taken":24,"relics_obtained":["Golden Idol"],"max_hp_gain":0,"max_hp_loss":0,"event_name":"Golden Idol","floor":5,"gold_loss":0}],"is_beta":false,"boss_relics":[],"items_purged_floors":[],"is_endless":false,"potions_floor_spawned":[10],"killed_by":"Lagavulin","ascension_level":20}}