{"host":"7tvb1em0d2fx72q7","time":1608182117,"event":{"mods":["BaseMod","Challenge The Spire","Minty Spire (QoL Compilation)","StSLib","everything is the same but u backflip on backflip"],"gold_per_floor":[115,115,128,148,148,148,180,180,180,180,180,105,143,175,175,261,261,294,303,22,57,57,57,57],"floor_reached":23,"playtime":1939,"items_purged":[],"score":394,"play_id":"e002642d-8d20-4d75-8ba4-6a03a0bde79e","local_time":"20201217001517","is_ascension_mode":true,"campfire_choices":[{"data":"Defragment","floor":6.0,"key":"SMITH"},{"data":"Rainbow","floor":8.0,"key":"SMITH"},{"floor":10.0,"key":"REST"},{"data":"Consume","floor":15.0,"key":"SMITH"}],"circlet_count":0,"master_deck":["AscendersBane","Strike_B","Defend_B","Defend_B","Defend_B","Defend_B","Zap","Dualcast","Rainbow+1","Sweeping Beam","Coolheaded","Defragment+1","Chill","Self Repair","Consume+1","Genetic Algorithm","Core Surge","BootSequence","Cold Snap","Defragment+1","Defragment+1","Redo","Glacier","Static Discharge"],"relics":["Cracked Core","Prayer Wheel","Emotion Chip","White Beast Statue","CeramicFish","Empty Cage","DollysMirror","SsserpentHead"],"acts_visited":["Exordium","TheCity"],"potions_floor_usage":[16,16,16,16,18,23],"damage_taken":[{"damage":11.0,"enemies":"Small Slimes","floor":1.0,"turns":4.0},{"damage":0.0,"enemies":"2 Louse","floor":3.0,"turns":3.0},{"damage":1.0,"enemies":"Cultist","floor":4.0,"turns":3.0},{"damage":23.0,"enemies":"Lagavulin","floor":7.0,"turns":7.0},{"damage":7.0,"enemies":"3 Sentries","floor":13.0,"turns":6.0},{"damage":15.0,"enemies":"3 Louse","floor":14.0,"turns":2.0},{"damage":16,"enemies":"The Guardian","floor":16,"turns":12},{"damage":14,"enemies":"3 Byrds","floor":18,"turns":4},{"damage":7,"enemies":"Spheric Guardian","floor":21,"turns":5},{"damage":59,"enemies":"Gremlin Leader","floor":23,"turns":4}],"seed_played":"3473389152218674507","potions_obtained":[{"floor":4.0,"key":"Strength Potion"},{"floor":13.0,"key":"FocusPotion"},{"floor":14.0,"key":"EntropicBrew"},{"floor":16,"key":"Explosive Potion"},{"floor":18,"key":"SneckoOil"},{"floor":21,"key":"LiquidBronze"}],"is_trial":false,"path_per_floor":["M","?","M","M","?","R","E","R","T","R","?","?","E","M","R","B",null,"M","?","$","M","?","E"],"character_chosen":"DEFECT","items_purchased":["DollysMirror","Redo","LiquidBronze"],"campfire_rested":1,"item_purchase_floors":[20,20,20],"current_hp_per_floor":[53,46,46,45,45,45,22,22,22,42,42,42,35,20,20,11,54,47,47,47,47,47,0,0],"gold":57,"neow_bonus":"THREE_RARE_CARDS","is_daily":false,"chose_seed":false,"campfire_upgraded":3,"win_rate":0.0,"timestamp":1608182117,"path_taken":["M","?","M","M","?","R","E","R","T","R","?","?","E","M","R","BOSS","M","?","$","?","?","E"],"items_purchased_type":["Relic","Card","Potion"],"build_version":"2020-12-13","purchased_purges":0,"victory":false,"max_hp_per_floor":[71,68,68,68,68,68,68,68,68,68,68,68,68,68,68,68,68,68,68,68,68,68,68,68],"card_choices":[{"not_picked":["Creative AI","Buffer"],"picked":"Rainbow","floor":0.0},{"not_picked":["Conserve Battery","Melter"],"picked":"Sweeping Beam","floor":1.0},{"not_picked":["Sweeping Beam","Aggregate"],"picked":"Coolheaded","floor":3.0},{"not_picked":["Leap","Gash"],"picked":"Defragment","floor":4.0},{"not_picked":["Static Discharge","Self Repair"],"picked":"Chill","floor":7.0},{"not_picked":["Force Field","Go for the Eyes"],"picked":"Self Repair","floor":13.0},{"not_picked":["Rebound","Heatsinks"],"picked":"Consume","floor":14.0},{"not_picked":["Leap","Storm"],"picked":"Genetic Algorithm","floor":14.0},{"not_picked":["Reboot","Meteor Strike"],"picked":"Core Surge","floor":16},{"not_picked":["Gash","Go for the Eyes"],"picked":"BootSequence","floor":18},{"not_picked":["Ball Lightning","Conserve Battery"],"picked":"Cold Snap","floor":18},{"not_picked":["Compile Driver+1","Fusion"],"picked":"Glacier","floor":21},{"not_picked":["Stack","Coolheaded"],"picked":"Static Discharge","floor":21}],"player_experience":1846605,"relics_obtained":[{"floor":7.0,"key":"Prayer Wheel"},{"floor":9.0,"key":"Emotion Chip"},{"floor":13.0,"key":"CeramicFish"}],"event_choices":[{"cards_removed":["Parasite"],"damage_healed":0.0,"max_hp_gain":0.0,"max_hp_loss":0.0,"gold_gain":0.0,"event_name":"Golden Wing","player_choice":"Card Removal","floor":2.0,"gold_loss":0.0,"damage_taken":7.0},{"damage_healed":0.0,"max_hp_gain":0.0,"max_hp_loss":0.0,"gold_gain":0.0,"event_name":"Liars Game","player_choice":"Ignored","floor":5.0,"gold_loss":0.0,"damage_taken":0.0},{"damage_healed":0.0,"max_hp_gain":0.0,"max_hp_loss":0.0,"gold_gain":0.0,"event_name":"Dead Adventurer","player_choice":"Searched \u00271\u0027 times","floor":11.0,"gold_loss":0.0,"damage_taken":0.0,"relics_obtained":["White Beast Statue"]},{"cards_removed":["Strike_B"],"damage_healed":0.0,"max_hp_gain":0.0,"max_hp_loss":0.0,"gold_gain":0.0,"event_name":"The Cleric","player_choice":"Card Removal","floor":12.0,"gold_loss":75.0,"damage_taken":0.0},{"damage_healed":0,"gold_gain":0,"player_choice":"Copied","damage_taken":0,"max_hp_gain":0,"max_hp_loss":0,"event_name":"Duplicator","floor":19,"gold_loss":0,"cards_obtained":["Defragment"]},{"damage_healed":0,"gold_gain":0,"player_choice":"Trade","damage_taken":0,"relics_obtained":["SsserpentHead"],"max_hp_gain":0,"max_hp_loss":0,"event_name":"FaceTrader","floor":22,"gold_loss":0}],"is_beta":false,"boss_relics":[{"not_picked":["Runic Dome","FrozenCore"],"picked":"Empty Cage"}],"items_purged_floors":[],"is_endless":false,"potions_floor_spawned":[4,13,14,16,18,21],"killed_by":"Gremlin Leader","ascension_level":20}}