{"host":"elnvswdbusdewy2q","time":1608240389,"event":{"mods":["2.2 Compatiblity","BaseMod","CapriCore","Colored Map","Hermit","Koishi","Lobotomy","Marisa£¨Ùöéë¡¡Øª×âÞÞ£©","Minty Spire (QoL Compilation)","Rare Cards Sparkle","StSLib","Td1madao Mod","The Bug Knight","The Cursed","The Dragon Tamer","The Gatherer","The Hierophant","The Immortal","The Poker Player","The Runesmith","WarShipGirlsR/??á´Ò³R mod"],"gold_per_floor":[114,114,124,144,210,210,223,223,223,273,62,62,88,138,138,138,138],"floor_reached":16,"playtime":773,"items_purged":[],"score":120,"play_id":"3bb81195-3ae2-4a3c-bf06-b234811c4fca","local_time":"20201218062629","is_ascension_mode":true,"campfire_choices":[{"data":"Outmaneuver","floor":6,"key":"SMITH"},{"floor":8,"key":"REST"},{"data":"Unload","floor":12,"key":"SMITH"},{"data":"Die Die Die","floor":15,"key":"SMITH"}],"circlet_count":0,"master_deck":["Strike_G","Strike_G","Strike_G","Strike_G","Strike_G","Defend_G","Defend_G","Defend_G","Defend_G","Defend_G","Survivor","Neutralize","Backflip","Outmaneuver+1","Reflex","Unload+1","Escape Plan","Die Die Die+1"],"relics":["Ring of the Snake","NeowsBlessing","SsserpentHead","Tiny Chest","Membership Card","Orichalcum","HollowMod:PaleOreRelic"],"acts_visited":["Exordium"],"potions_floor_usage":[13],"damage_taken":[{"damage":0,"enemies":"Cultist","floor":1,"turns":1},{"damage":0,"enemies":"Small Slimes","floor":3,"turns":1},{"damage":0,"enemies":"Jaw Worm","floor":4,"turns":1},{"damage":16,"enemies":"Large Slime","floor":5,"turns":14},{"damage":10,"enemies":"Red Slaver","floor":7,"turns":7},{"damage":17,"enemies":"Gremlin Nob","floor":13,"turns":4},{"damage":70,"enemies":"The Guardian","floor":16,"turns":14}],"seed_played":"5011408061872029396","potions_obtained":[{"floor":7,"key":"Fire Potion"}],"is_trial":false,"path_per_floor":["M","?","M","M","M","R","M","R","T","?","$","R","E","?","R","B"],"character_chosen":"THE_SILENT","items_purchased":["Membership Card","Orichalcum","Escape Plan"],"campfire_rested":1,"item_purchase_floors":[11,11,11],"current_hp_per_floor":[70,70,70,70,54,54,44,65,65,70,70,70,53,75,75,5,5],"gold":138,"neow_bonus":"THREE_ENEMY_KILL","is_daily":false,"chose_seed":false,"campfire_upgraded":3,"win_rate":0.0,"timestamp":1608240389,"path_taken":["M","?","M","M","?","R","M","R","T","?","?","R","E","?","R","BOSS"],"items_purchased_type":["Relic","Relic","Card"],"build_version":"2020-12-13","purchased_purges":0,"victory":false,"max_hp_per_floor":[70,70,70,70,70,70,70,70,70,75,75,75,75,75,75,75,75],"card_choices":[{"not_picked":["Quick Slash","Sucker Punch"],"picked":"Backflip","floor":1},{"not_picked":["Dodge and Roll","Prepared"],"picked":"Outmaneuver","floor":3},{"not_picked":["Acrobatics","Setup","Deflect"],"picked":"SKIP","floor":4},{"not_picked":["Outmaneuver","Backflip"],"picked":"Reflex","floor":5},{"not_picked":["Slice","Reflex"],"picked":"Unload","floor":7},{"not_picked":["Poisoned Stab","Backflip"],"picked":"Die Die Die","floor":13}],"player_experience":513217,"relics_obtained":[{"floor":9,"key":"Tiny Chest"},{"floor":13,"key":"HollowMod:PaleOreRelic"}],"event_choices":[{"damage_healed":0,"gold_gain":0,"player_choice":"Trade","damage_taken":0,"relics_obtained":["SsserpentHead"],"max_hp_gain":0,"max_hp_loss":0,"event_name":"FaceTrader","floor":2,"gold_loss":0},{"damage_healed":0,"gold_gain":0,"player_choice":"Donut","damage_taken":0,"max_hp_gain":5,"max_hp_loss":0,"event_name":"Big Fish","floor":10,"gold_loss":0},{"damage_healed":22,"gold_gain":0,"player_choice":"Full Heal","damage_taken":0,"max_hp_gain":0,"max_hp_loss":0,"event_name":"Wheel of Change","floor":14,"gold_loss":0}],"is_beta":false,"boss_relics":[],"items_purged_floors":[],"is_endless":false,"potions_floor_spawned":[7],"killed_by":"The Guardian","ascension_level":4}}