{"host":"irbs4k8g1zbsytxn","time":1608236286,"event":{"mods":["BaseMod","Better Third Choice","Colored Map","Downfall","Duelist Mod","Hermit","Highlight Path","Hubris","Koishi","Marisa????????","Minty Spire (QoL Compilation)","Replay The Spire","Robot Space Explorer","Shade Mod","StSLib","The Bug Knight","The Cursed","The Hierophant","The Jungle","The Necromancer","The Runesmith","The Servant 0.9.4","Yuyuko"],"gold_per_floor":[213,223,233,233,29,29,60,71,94,109,109,109,109],"floor_reached":12,"playtime":1130,"items_purged":[],"score":80,"play_id":"fbc5a894-119f-49e6-b3ed-d2a74ee3db46","local_time":"20201218041806","is_ascension_mode":false,"campfire_choices":[{"data":"SilverBlades","floor":6,"key":"SMITH"},{"floor":11,"key":"REST"}],"circlet_count":0,"master_deck":["Strike_S","Strike_S","Strike_S","Strike_S","Defend_S","Defend_S","Defend_S","Defend_S","KidneyShot","Exchange","Reset","SurpressingFire","Reset+1","SilverBlades+1","SilverBlades","Ricochet","Luminosity","DoubleEdge"],"relics":["Uniform","Lantern","Bottled Lightning","Happy Flower"],"acts_visited":["Exordium"],"potions_floor_usage":[8,12],"damage_taken":[{"damage":0,"enemies":"Jaw Worm","floor":1,"turns":5},{"damage":4,"enemies":"2 Louse","floor":2,"turns":3},{"damage":8,"enemies":"Small Slimes","floor":3,"turns":5},{"damage":22,"enemies":"HollowMod:MossKnight","floor":7,"turns":20},{"damage":11,"enemies":"Exordium Wildlife","floor":8,"turns":4},{"damage":0,"enemies":"3 Louse","floor":10,"turns":2},{"damage":48,"enemies":"Gremlin Nob","floor":12,"turns":5}],"seed_played":"-4684094017404717704","potions_obtained":[{"floor":3,"key":"SmokeBomb"},{"floor":7,"key":"Weak Potion"},{"floor":10,"key":"ColorlessPotion"}],"is_trial":false,"path_per_floor":["M","M","M","?","$","R","E","M","T","M","R","E"],"character_chosen":"THE_SERVANT","items_purchased":["Lantern","SilverBlades"],"campfire_rested":1,"item_purchase_floors":[5,5],"current_hp_per_floor":[65,61,53,53,53,53,31,20,20,20,39,0,0],"gold":109,"neow_bonus":"HUNDRED_GOLD","is_daily":false,"chose_seed":false,"campfire_upgraded":1,"win_rate":0.0,"timestamp":1608236286,"path_taken":["M","M","M","?","$","R","E","M","T","M","R","E"],"items_purchased_type":["Relic","Card"],"build_version":"2020-12-13","purchased_purges":0,"victory":false,"max_hp_per_floor":[65,65,65,65,65,65,65,65,65,65,65,65,65],"card_choices":[{"not_picked":["Unruled","ShatteredReality"],"picked":"Reset","floor":1},{"not_picked":["ReturningBlade","Potential"],"picked":"SurpressingFire","floor":2},{"not_picked":["FanOfKnives","ShatteredReality"],"picked":"Spin","floor":3},{"not_picked":["FastForward","Sabotage"],"picked":"Ricochet","floor":7},{"not_picked":["ShatteredReality","Potential"],"picked":"Luminosity","floor":8},{"not_picked":["Rewind","Misdirection"],"picked":"DoubleEdge","floor":10}],"player_experience":257043,"relics_obtained":[{"floor":7,"key":"Bottled Lightning"},{"floor":9,"key":"Happy Flower"}],"event_choices":[],"is_beta":false,"boss_relics":[],"items_purged_floors":[],"is_endless":false,"potions_floor_spawned":[3,7,10],"killed_by":"Gremlin Nob","ascension_level":0}}