{"host":"rob","time":1608163822,"event":{"mods":["2.2 Compatiblity","BaseMod","Minty Spire (QoL Compilation)","StSLib"],"gold_per_floor":[117,0,20,20,32,32,57,69,69,69,88,114,129,160,160,160,160],"floor_reached":16,"playtime":796,"items_purged":[],"score":244,"play_id":"29e6ddfb-ee44-489f-b2a7-e83bde765def","local_time":"20201216191022","is_ascension_mode":true,"campfire_choices":[{"data":"Sunder","floor":6.0,"key":"SMITH"},{"data":"Defragment","floor":15,"key":"SMITH"}],"circlet_count":0,"master_deck":["AscendersBane","Strike_B","Strike_B","Strike_B","Strike_B","Defend_B","Defend_B","Defend_B","Defend_B","Zap","Dualcast","Multi-Cast","Sunder+1","Self Repair","Ball Lightning","Biased Cognition","Reinforced Body","Beam Cell","Darkness","Amplify","Defragment+1","Genetic Algorithm"],"relics":["Cracked Core","Bottled Flame","Mango","CultistMask","WingedGreaves","Bag of Marbles"],"acts_visited":["Exordium"],"potions_floor_usage":[16],"damage_taken":[{"damage":1.0,"enemies":"Cultist","floor":1.0,"turns":4.0},{"damage":0.0,"enemies":"2 Louse","floor":3.0,"turns":1.0},{"damage":7.0,"enemies":"Jaw Worm","floor":5.0,"turns":2.0},{"damage":25.0,"enemies":"3 Sentries","floor":7.0,"turns":4.0},{"damage":11,"enemies":"Blue Slaver","floor":8,"turns":4},{"damage":7,"enemies":"Exordium Wildlife","floor":11,"turns":4},{"damage":36,"enemies":"Gremlin Nob","floor":12,"turns":4},{"damage":0,"enemies":"Large Slime","floor":13,"turns":4},{"damage":10,"enemies":"Lagavulin","floor":14,"turns":6},{"damage":32,"enemies":"Hexaghost","floor":16,"turns":7}],"seed_played":"-5114922889345636564","potions_obtained":[{"floor":3.0,"key":"SpeedPotion"},{"floor":5.0,"key":"SteroidPotion"},{"floor":12,"key":"SneckoOil"},{"floor":14,"key":"Strength Potion"}],"is_trial":false,"path_per_floor":["M","$","M","?","M","R","E","M","T","?","M","E","M","E","R","B"],"character_chosen":"DEFECT","items_purchased":["Sunder","Self Repair"],"campfire_rested":0,"item_purchase_floors":[2,2],"current_hp_per_floor":[63,63,63,63,63,63,45,41,55,55,55,26,33,30,30,0,0],"gold":160,"neow_bonus":"ONE_RANDOM_RARE_CARD","is_daily":false,"chose_seed":false,"campfire_upgraded":2,"win_rate":0.0,"timestamp":1608163822,"path_taken":["M","?","M","?","M","R","E","M","T","?","?","E","M","E","R","BOSS"],"items_purchased_type":["Card","Card"],"build_version":"2020-12-07","purchased_purges":0,"victory":false,"max_hp_per_floor":[71,71,71,71,71,71,71,71,85,85,85,85,85,85,85,85,85],"card_choices":[{"not_picked":["Stack","Force Field","Capacitor"],"picked":"SKIP","floor":1.0},{"not_picked":["Conserve Battery","Gash"],"picked":"Ball Lightning","floor":3.0},{"not_picked":["Barrage","Double Energy"],"picked":"Biased Cognition","floor":5.0},{"not_picked":["Go for the Eyes","Scrape"],"picked":"Reinforced Body","floor":7.0},{"not_picked":["FTL","Redo"],"picked":"Beam Cell","floor":8},{"not_picked":["Beam Cell","Sweeping Beam"],"picked":"Darkness","floor":11},{"not_picked":["Sweeping Beam","Redo"],"picked":"Amplify","floor":12},{"not_picked":["Sweeping Beam","Leap"],"picked":"Defragment","floor":13},{"not_picked":["Hologram","Chaos"],"picked":"Genetic Algorithm","floor":14}],"player_experience":1026282,"relics_obtained":[{"floor":7.0,"key":"Bottled Flame"},{"floor":9,"key":"Mango"},{"floor":12,"key":"WingedGreaves"},{"floor":14,"key":"Bag of Marbles"}],"event_choices":[{"damage_healed":0.0,"max_hp_gain":0.0,"max_hp_loss":0.0,"gold_gain":0.0,"event_name":"Liars Game","player_choice":"Ignored","floor":4.0,"gold_loss":0.0,"damage_taken":0.0},{"damage_healed":0,"gold_gain":0,"player_choice":"Trade","damage_taken":0,"relics_obtained":["CultistMask"],"max_hp_gain":0,"max_hp_loss":0,"event_name":"FaceTrader","floor":10,"gold_loss":0}],"is_beta":true,"boss_relics":[],"items_purged_floors":[],"is_endless":false,"potions_floor_spawned":[3,5,12,14],"killed_by":"Hexaghost","ascension_level":20}}