{"host":"i41n6wh529970c2c","time":1608222735,"event":{"mods":["Act Like it!","BaseMod","BetterRewards","Friendly Minions","Gold Saver","Hermit","Minty Spire (QoL Compilation)","Replay The Spire","Shop Mod","StSLib"],"gold_per_floor":[118,129,148,164,183,209,209,244,244,265,308,324,424,499,499,624,624,638,638,347,370,386,386,419,460,460,493,352,352,203,254,254,397,397,431,460,34,58,95,138,138,177,177,177,177,226,226,9,9,67],"floor_reached":51,"playtime":3542,"items_purged":["Defend_R","Voices","Strike_R","Strike_R","Injury","Strike_R"],"score":1321,"play_id":"b86bc9dd-59ed-4680-8399-4420e80816f0","local_time":"20201217113215","is_ascension_mode":true,"campfire_choices":[{"floor":15.0,"key":"REST"},{"data":"Demonic Infusion","floor":23.0,"key":"SMITH"},{"data":"Reaper","floor":32.0,"key":"SMITH"},{"data":"Berserk","floor":41.0,"key":"SMITH"},{"data":"Uppercut","floor":44.0,"key":"SMITH"},{"data":"Spot Weakness","floor":47.0,"key":"SMITH"},{"data":"Rupture","floor":49.0,"key":"SMITH"}],"circlet_count":0,"master_deck":["AscendersBane","Strike_R","Strike_R","Defend_R","Defend_R","Defend_R","Bash","Rupture","Shrug It Off+1","ReplayTheSpireMod:Stacked","Eclipse+1","ReplayTheSpireMod:Muscle Training+1","Eclipse+1","Spot Weakness+1","Offering","Seeing Red","ReplayTheSpireMod:Splinters","Shrug It Off","Rupture+1","Seeing Red","Demonic Infusion+1","Heavy Blade+1","Reaper+1","Entrench+1","Power Through+1","Juggernaut","Uppercut+1","Berserk+1","Double Tap","Demonic Infusion+1","Metallicize+1","Whirlwind+1"],"relics":["Burning Blood","Membership Card","StoneCalendar","TungstenRod","Oddly Smooth Stone","Bronze Scales","Eternal Feather","Golden Idol","Pantograph","Replay:Bottled Eggs","Boot","Replay:Bronze Core","Ring of Searing","Ring of Peace","Gremlin Horn","InkBottle","ReplayTheSpireMod:Lightbulb","Red Mask","Iron Hammer","MealTicket","Replay:Bandana","Replay:Baseball","Mummified Hand","Ooze Armor","HandDrill","Molten Egg 2","Darkstone Periapt","Gremlin Food","PreservedInsect","War Paint","Ancient Tea Set"],"acts_visited":["Exordium","TheCity","TheBeyond"],"potions_floor_usage":[50,50],"damage_taken":[{"damage":7.0,"enemies":"Small Slimes","floor":1.0,"turns":3.0},{"damage":5.0,"enemies":"Jaw Worm","floor":2.0,"turns":4.0},{"damage":0.0,"enemies":"Cultist","floor":3.0,"turns":4.0},{"damage":0.0,"enemies":"Blue Slaver","floor":4.0,"turns":5.0},{"damage":10.0,"enemies":"Exordium Thugs","floor":5.0,"turns":3.0},{"damage":34.0,"enemies":"Gremlin Nob","floor":6.0,"turns":4.0},{"damage":15.0,"enemies":"3 Sentries","floor":8.0,"turns":7.0},{"damage":10.0,"enemies":"Looter","floor":10.0,"turns":3.0},{"damage":20.0,"enemies":"Gremlin Nob","floor":11.0,"turns":4.0},{"damage":5.0,"enemies":"2 Fungi Beasts","floor":12.0,"turns":1.0},{"damage":16.0,"enemies":"Fading Forest","floor":16.0,"turns":11.0},{"damage":27.0,"enemies":"Shell Parasite","floor":18.0,"turns":6.0},{"damage":0.0,"enemies":"3 Byrds","floor":21.0,"turns":3.0},{"damage":5.0,"enemies":"Snake Plant","floor":22.0,"turns":4.0},{"damage":19.0,"enemies":"Book of Stabbing","floor":24.0,"turns":7.0},{"damage":36.0,"enemies":"Masked Bandits","floor":25.0,"turns":4.0},{"damage":23.0,"enemies":"Gremlin Leader","floor":27.0,"turns":4.0},{"damage":30.0,"enemies":"Slavers","floor":31.0,"turns":4.0},{"damage":16.0,"enemies":"Automaton","floor":33.0,"turns":4.0},{"damage":21.0,"enemies":"3 Darklings","floor":35.0,"turns":3.0},{"damage":5.0,"enemies":"3 Shapes","floor":36.0,"turns":3.0},{"damage":12.0,"enemies":"Transient","floor":38.0,"turns":5.0},{"damage":5.0,"enemies":"Writhing Mass","floor":39.0,"turns":2.0},{"damage":14.0,"enemies":"R_Hoarder","floor":40.0,"turns":4.0},{"damage":67.0,"enemies":"Reptomancer","floor":42.0,"turns":6.0},{"damage":15.0,"enemies":"R_Hoarder","floor":46.0,"turns":4.0},{"damage":27,"enemies":"Awakened One","floor":50,"turns":7}],"seed_played":"1487017062132748121","potions_obtained":[{"floor":3.0,"key":"SteroidPotion"},{"floor":5.0,"key":"BloodPotion"},{"floor":6.0,"key":"SteroidPotion"},{"floor":10.0,"key":"BloodPotion"},{"floor":11.0,"key":"Elixir"},{"floor":18.0,"key":"Weak Potion"},{"floor":22.0,"key":"BlessingOfTheForge"},{"floor":31.0,"key":"Energy Potion"},{"floor":40.0,"key":"Fire Potion"},{"floor":42.0,"key":"Energy Potion"}],"is_trial":false,"path_per_floor":["M","M","M","M","M","E","?","E","T","M","E","M","?","?","R","B",null,"M","?","$","M","M","R","E","?","T","E","$","?","$","E","R","B",null,"M","M","$","M","M","E","R","E","T","R","?","E","R","$","R","B",null],"character_chosen":"IRONCLAD","items_purchased":["Membership Card","Oddly Smooth Stone","Bronze Scales","Rupture","Shrug It Off","Gremlin Horn","InkBottle","Replay:Bandana","Replay:Baseball","Berserk","HandDrill","Molten Egg 2","Double Tap","Ancient Tea Set","Whirlwind+1"],"campfire_rested":1,"item_purchase_floors":[0,0,0,0,0,20,20,28,30,37,37,37,37,48,48],"current_hp_per_floor":[35,36,42,48,44,32,32,23,23,19,21,22,22,12,48,63,76,55,55,55,61,62,77,64,52,52,35,50,50,65,41,56,70,78,63,64,79,73,74,73,80,74,74,80,80,71,80,80,80,59],"gold":67,"neow_bonus":"","is_daily":false,"chose_seed":false,"campfire_upgraded":6,"win_rate":0.0,"timestamp":1608222735,"path_taken":["M","M","M","M","M","E","?","E","T","M","E","M","?","?","R","BOSS","M","?","$","M","M","R","E","?","T","E","$","?","$","E","R","BOSS","M","?","$","M","M","E","R","E","T","R","?","E","R","?","R","BOSS"],"items_purchased_type":["Relic","Relic","Relic","Card","Card","Relic","Relic","Relic","Relic","Card","Relic","Relic","Card","Relic","Card"],"build_version":"2020-12-13","purchased_purges":6,"victory":true,"max_hp_per_floor":[80,80,80,80,80,80,80,80,80,80,80,80,80,80,80,80,80,80,80,80,80,80,80,80,80,80,80,80,80,80,80,80,80,80,80,80,80,80,80,80,80,80,80,80,80,80,80,80,80,80],"card_choices":[{"not_picked":["Massacre","Headbutt","Feel No Pain"],"picked":"SKIP","floor":1.0},{"not_picked":["Body Slam","Ghostly Armor"],"picked":"ReplayTheSpireMod:Stacked","floor":2.0},{"not_picked":["Anger","Warcry","True Grit"],"picked":"SKIP","floor":3.0},{"not_picked":["Armaments","Wild Strike"],"picked":"Eclipse","floor":4.0},{"not_picked":["Carnage","Rage"],"picked":"ReplayTheSpireMod:Muscle Training","floor":5.0},{"not_picked":["ReplayTheSpireMod:Muscle Training","ReplayTheSpireMod:Strike From Hell"],"picked":"Eclipse","floor":6.0},{"not_picked":["Reckless Charge","Replay:Undeath\u0027s Touch"],"picked":"Spot Weakness","floor":8.0},{"not_picked":["Warcry","Wild Strike"],"picked":"Offering","floor":10.0},{"not_picked":["Life Link","Dual Wield"],"picked":"Seeing Red","floor":11.0},{"not_picked":["Headbutt","Whirlwind","Armaments"],"picked":"SKIP","floor":12.0},{"not_picked":["Bloodletting","ReplayTheSpireMod:Strike From Hell"],"picked":"Shrug It Off","floor":13.0},{"not_picked":["Dropkick","Battle Trance"],"picked":"Rupture","floor":13.0},{"not_picked":["Metallicize","Wild Strike"],"picked":"Seeing Red","floor":13.0},{"not_picked":["Eclipse","Impervious"],"picked":"Demonic Infusion","floor":16.0},{"not_picked":["Sword Boomerang+1","Run Through","Clash"],"picked":"SKIP","floor":18.0},{"not_picked":["Clash","Rampage+1"],"picked":"Heavy Blade+1","floor":21.0},{"not_picked":["Replay:Undeath\u0027s Touch","Thunderclap","ReplayTheSpireMod:Corrosion Curse"],"picked":"SKIP","floor":22.0},{"not_picked":["Reckless Charge","Pommel Strike"],"picked":"Reaper","floor":24.0},{"not_picked":["Wild Strike+1","Eclipse"],"picked":"Entrench+1","floor":27.0},{"not_picked":["Dark Embrace","Twin Strike+1"],"picked":"Power Through+1","floor":31.0},{"not_picked":["Exhume","Offering"],"picked":"Juggernaut","floor":33.0},{"not_picked":["Abandon","Anger"],"picked":"Uppercut","floor":35.0},{"not_picked":["Reckless Charge","Burning Pact+1","ReplayTheSpireMod:Strike From Hell"],"picked":"SKIP","floor":36.0},{"not_picked":["Iron Wave+1","Armaments","Replay:Undeath\u0027s Touch+1"],"picked":"SKIP","floor":38.0},{"not_picked":["Twin Strike+1","Perfected Strike+1","True Grit"],"picked":"SKIP","floor":39.0},{"not_picked":["Clash+1","Twin Strike+1","Double Tap"],"picked":"SKIP","floor":40.0},{"not_picked":["Clash+1","Twin Strike+1","Double Tap"],"picked":"SKIP","floor":40.0},{"not_picked":["Double Tap","Run Through+1","Clash+1"],"picked":"SKIP","floor":42.0},{"not_picked":["Carnage+1","Iron Wave+1"],"picked":"Metallicize+1","floor":46.0}],"player_experience":822653,"relics_obtained":[{"floor":6.0,"key":"Eternal Feather"},{"floor":8.0,"key":"Pantograph"},{"floor":9.0,"key":"Replay:Bottled Eggs"},{"floor":11.0,"key":"Boot"},{"floor":19.0,"key":"Ring of Searing"},{"floor":19.0,"key":"Ring of Peace"},{"floor":24.0,"key":"ReplayTheSpireMod:Lightbulb"},{"floor":25.0,"key":"Red Mask"},{"floor":26.0,"key":"Iron Hammer"},{"floor":27.0,"key":"MealTicket"},{"floor":31.0,"key":"Mummified Hand"},{"floor":40.0,"key":"Darkstone Periapt"},{"floor":42.0,"key":"Gremlin Food"},{"floor":43.0,"key":"PreservedInsect"},{"floor":46.0,"key":"War Paint"}],"event_choices":[{"damage_healed":0.0,"max_hp_gain":0.0,"max_hp_loss":0.0,"gold_gain":0.0,"event_name":"Golden Idol","player_choice":"Take Wound","floor":7.0,"gold_loss":0.0,"damage_taken":0.0,"relics_obtained":["Golden Idol"],"cards_obtained":["Injury"]},{"damage_healed":0.0,"max_hp_gain":0.0,"max_hp_loss":0.0,"gold_gain":75.0,"event_name":"World of Goop","player_choice":"Gather Gold","floor":14.0,"gold_loss":0.0,"damage_taken":11.0},{"damage_healed":0.0,"max_hp_gain":0.0,"max_hp_loss":0.0,"gold_gain":0.0,"event_name":"Masked Bandits","player_choice":"Fought Bandits","floor":25.0,"gold_loss":0.0,"damage_taken":0.0},{"damage_healed":0.0,"max_hp_gain":0.0,"max_hp_loss":0.0,"gold_gain":0.0,"event_name":"The Woman in Blue","player_choice":"Bought 0 Potions","floor":29.0,"gold_loss":0.0,"damage_taken":0.0},{"damage_healed":0.0,"max_hp_gain":0.0,"max_hp_loss":0.0,"gold_gain":0.0,"event_name":"Duplicator","player_choice":"Copied","floor":45.0,"gold_loss":0.0,"damage_taken":0.0,"cards_obtained":["Demonic Infusion"]}],"is_beta":false,"boss_relics":[{"not_picked":["Honey Jar","Pandora\u0027s Box"],"picked":"Replay:Bronze Core"},{"not_picked":["Replay:Drink Me","Calling Bell"],"picked":"Ooze Armor"}],"items_purged_floors":[0,20,28,30,37,48],"is_endless":false,"potions_floor_spawned":[3,5,6,10,11,18,22,31,36,40,42],"ascension_level":11}}