{"host":"30nnj7p8788fovb1","time":1608226615,"event":{"mods":["2.2 Compatiblity","AchievementEnabler","Act Like it!","BaseMod","Better Altar","Better Match","Better Note","Better Skull","Better Third Choice","Better Vampires","BetterRewards","Block Reminder","CapriCore","Colored Map","Colored Powertips","Curses Come First","Defuse TimeMaze Blight","Displayed Cursed Tome","Downfall","Hallownest","Hermit","Luminous","Marisa????????","Minty Spire (QoL Compilation)","Permanent Neow","Quick Restart","RNG Fix","Rare Cards Sparkle","Reimu??????","Relic Stats","Replay The Spire","Shade Mod","StSLib","The Bladedancer","The Bug Knight","The Cursed","The Exalted","The Forsaken","The Mystic","The Problem Sleuth","The Servant 0.9.4","The Vixen","Transform Curses","???????????mod"],"gold_per_floor":[99,99,130,130,130,130],"floor_reached":5,"playtime":43,"items_purged":[],"score":69,"play_id":"728b9d2d-f9bb-43d9-9e53-9d0e14081127","local_time":"20201217133655","is_ascension_mode":true,"campfire_choices":[{"floor":1,"key":"RECALL"}],"circlet_count":0,"master_deck":["Strike_S","Strike_S","Strike_S","Strike_S","Defend_S","Defend_S","Defend_S","Defend_S","KidneyShot","Exchange","Advance","Moonlight"],"relics":["Uniform","downfall:HeartsMalice","InkBottle"],"acts_visited":["Exordium"],"potions_floor_usage":[],"damage_taken":[{"damage":0,"enemies":"Cultist","floor":2,"turns":1},{"damage":0,"enemies":"Lagavulin","floor":3,"turns":1},{"damage":0,"enemies":"Small Slimes","floor":4,"turns":1},{"damage":0,"enemies":"3 Sentries","floor":5,"turns":1}],"seed_played":"7129751240049125277","potions_obtained":[{"floor":3,"key":"LiquidBronze"}],"is_trial":false,"path_per_floor":["R","M","E","M","E"],"character_chosen":"THE_SERVANT","items_purchased":[],"campfire_rested":0,"item_purchase_floors":[],"current_hp_per_floor":[65,65,65,65,65,65],"gold":130,"neow_bonus":"THREE_ENEMY_KILL","is_daily":false,"chose_seed":false,"campfire_upgraded":0,"win_rate":0.0,"timestamp":1608226615,"path_taken":["R","M","E","M","E"],"items_purchased_type":[],"build_version":"2020-12-13","purchased_purges":0,"victory":false,"max_hp_per_floor":[65,65,65,65,65,65],"relic_stats":{"counters":[4,1],"obtain_stats":[{"downfall:HeartsMalice":0,"Uniform":0,"InkBottle":3},{"downfall:HeartsMalice":0,"Uniform":0,"InkBottle":2},{"downfall:HeartsMalice":0,"Uniform":0,"InkBottle":0}],"InkBottle":[0]},"card_choices":[{"not_picked":["Alleviate","Ricochet"],"picked":"Advance","floor":2},{"not_picked":["Hightail","Revamp"],"picked":"Moonlight","floor":3},{"not_picked":["BottledTime","ReturningBlade","Alleviate"],"picked":"SKIP","floor":4}],"player_experience":915919,"relics_obtained":[{"floor":3,"key":"InkBottle"}],"event_choices":[],"is_beta":false,"boss_relics":[],"items_purged_floors":[],"is_endless":false,"potions_floor_spawned":[3],"killed_by":"3 Sentries","ascension_level":3}}