{"host":"gp6kafy53r5vaktt","time":1608245063,"event":{"mods":["BaseMod","Colored Map","Highlight Path","Minty Spire (QoL Compilation)"],"gold_per_floor":[114,126,141,40,51,79,93,128,152,21,63,40,40,5,5,118,118,132,132,161,180,105,139,139,173,226,270,270,270],"floor_reached":28,"playtime":1643,"items_purged":["Strike_G","Strike_G"],"score":311,"play_id":"5a62c9f5-4a8a-4ddc-ba80-bbb371a98cbc","local_time":"20201218004423","is_ascension_mode":true,"campfire_choices":[{"floor":15,"key":"REST"},{"data":"Bullet Time","floor":24,"key":"SMITH"}],"circlet_count":0,"master_deck":["Strike_G+1","Strike_G+1","Strike_G+1","Defend_G+1","Defend_G+1","Defend_G+1","Defend_G+1","Defend_G+1","Neutralize","Dagger Spray+1","Infinite Blades","Dagger Spray","Terror","Noxious Fumes+1","Catalyst","Blade Dance","Bouncing Flask","Bullet Time+1","Envenom","Backstab","Deflect+1"],"relics":["Ring of the Serpent","Bird Faced Urn","CeramicFish","Ancient Tea Set","Whetstone","Bronze Scales","Vajra","Akabeko","Smiling Mask"],"acts_visited":["Exordium","TheCity"],"potions_floor_usage":[8,11,11,18,27,27],"damage_taken":[{"damage":0,"enemies":"Small Slimes","floor":1,"turns":3},{"damage":0,"enemies":"2 Louse","floor":2,"turns":2},{"damage":2,"enemies":"Jaw Worm","floor":3,"turns":4},{"damage":0,"enemies":"3 Louse","floor":5,"turns":3},{"damage":43,"enemies":"Gremlin Nob","floor":6,"turns":5},{"damage":6,"enemies":"Blue Slaver","floor":7,"turns":5},{"damage":19,"enemies":"3 Sentries","floor":8,"turns":5},{"damage":6,"enemies":"Lagavulin","floor":11,"turns":5},{"damage":10,"enemies":"The Guardian","floor":16,"turns":8},{"damage":13,"enemies":"2 Thieves","floor":18,"turns":4},{"damage":0,"enemies":"3 Byrds","floor":20,"turns":4},{"damage":14,"enemies":"3 Cultists","floor":21,"turns":4},{"damage":35,"enemies":"Book of Stabbing","floor":23,"turns":6},{"damage":1,"enemies":"Gremlin Leader","floor":25,"turns":5},{"damage":20,"enemies":"Slavers","floor":27,"turns":2}],"seed_played":"-9100561278034580228","potions_obtained":[{"floor":1,"key":"GhostInAJar"},{"floor":2,"key":"Dexterity Potion"},{"floor":3,"key":"DuplicationPotion"},{"floor":7,"key":"AttackPotion"},{"floor":8,"key":"GamblersBrew"},{"floor":16,"key":"Block Potion"},{"floor":21,"key":"SmokeBomb"},{"floor":23,"key":"GamblersBrew"},{"floor":25,"key":"FearPotion"}],"is_trial":false,"path_per_floor":["M","M","M","$","M","E","M","E","T","$","E","?","?","?","R","B",null,"M","?","M","M","?","E","R","E","T","E","?"],"character_chosen":"THE_SILENT","items_purchased":["Dagger Spray","Bouncing Flask"],"campfire_rested":1,"item_purchase_floors":[4,10],"current_hp_per_floor":[77,77,75,75,75,32,30,15,15,15,11,11,11,30,53,47,77,64,64,70,60,60,29,29,34,34,16,0,0],"gold":270,"neow_bonus":"TEN_PERCENT_HP_BONUS","is_daily":false,"chose_seed":false,"campfire_upgraded":1,"win_rate":0.0,"timestamp":1608245063,"path_taken":["M","M","M","$","M","E","M","E","T","$","E","?","?","?","R","BOSS","M","?","M","M","?","E","R","E","T","E","?"],"items_purchased_type":["Card","Card"],"build_version":"2020-12-13","purchased_purges":2,"victory":false,"max_hp_per_floor":[77,77,77,77,77,77,77,77,77,77,77,77,77,77,77,77,77,77,77,77,77,77,77,77,77,77,77,77,77],"card_choices":[{"not_picked":["Escape Plan","Backstab"],"picked":"Dagger Spray","floor":1},{"not_picked":["Prepared","Sucker Punch"],"picked":"Infinite Blades","floor":2},{"not_picked":["Bane","Bouncing Flask","Reflex"],"picked":"SKIP","floor":3},{"not_picked":["Acrobatics","Skewer"],"picked":"Terror","floor":5},{"not_picked":["Unload","Underhanded Strike"],"picked":"Noxious Fumes","floor":6},{"not_picked":["Poisoned Stab","Heel Hook"],"picked":"Catalyst","floor":7},{"not_picked":["Bouncing Flask","Masterful Stab"],"picked":"Blade Dance","floor":8},{"not_picked":["Riddle With Holes","Outmaneuver"],"picked":"Bullet Time","floor":11},{"not_picked":["Storm of Steel","Bullet Time"],"picked":"Envenom","floor":16},{"not_picked":["Infinite Blades","Sucker Punch","Acrobatics"],"picked":"SKIP","floor":18},{"not_picked":["Heel Hook","Finisher"],"picked":"Backstab","floor":20},{"not_picked":["Dagger Spray","Prepared","Underhanded Strike+1"],"picked":"SKIP","floor":21},{"not_picked":["Quick Slash","Flying Knee","Setup"],"picked":"SKIP","floor":23},{"not_picked":["Corpse Explosion","Finisher","Heel Hook"],"picked":"SKIP","floor":25},{"not_picked":["Adrenaline","Dagger Spray+1"],"picked":"Deflect+1","floor":27}],"player_experience":21350,"relics_obtained":[{"floor":6,"key":"Bird Faced Urn"},{"floor":8,"key":"CeramicFish"},{"floor":9,"key":"Ancient Tea Set"},{"floor":11,"key":"Whetstone"},{"floor":23,"key":"Bronze Scales"},{"floor":25,"key":"Vajra"},{"floor":26,"key":"Akabeko"},{"floor":27,"key":"Smiling Mask"}],"event_choices":[{"damage_healed":0,"gold_gain":0,"player_choice":"Left Gold","damage_taken":0,"max_hp_gain":0,"max_hp_loss":0,"event_name":"World of Goop","floor":12,"gold_loss":23},{"damage_healed":0,"gold_gain":0,"player_choice":"Grow","damage_taken":0,"max_hp_gain":0,"max_hp_loss":0,"event_name":"Living Wall","floor":13,"gold_loss":0,"cards_upgraded":["Noxious Fumes"]},{"damage_healed":19,"gold_gain":0,"player_choice":"Healed","damage_taken":0,"max_hp_gain":0,"max_hp_loss":0,"event_name":"The Cleric","floor":14,"gold_loss":35},{"damage_healed":0,"gold_gain":0,"player_choice":"Simplicity","damage_taken":0,"max_hp_gain":0,"max_hp_loss":0,"event_name":"Back to Basics","floor":19,"gold_loss":0,"cards_upgraded":["Strike_G","Strike_G","Defend_G","Defend_G","Defend_G","Defend_G","Defend_G"]},{"cards_removed":["Survivor"],"damage_healed":0,"gold_gain":0,"player_choice":"Gave Gold","damage_taken":0,"max_hp_gain":0,"max_hp_loss":0,"event_name":"Beggar","floor":22,"gold_loss":75}],"is_beta":false,"boss_relics":[{"not_picked":["Empty Cage","Astrolabe"],"picked":"Ring of the Serpent"}],"items_purged_floors":[4,10],"is_endless":false,"potions_floor_spawned":[1,2,3,7,8,16,21,23,25],"ascension_level":1}}