{"host":"phzz6vgtixj4nwio","time":1608225438,"event":{"mods":["BaseMod","GifTheSpireLib","Minty Spire (QoL Compilation)","StSLib","The Animator"],"gold_per_floor":[131,145,155,155,167,167,211,230,230,249,294,333,351,368,368,470,470,480,480,493,493,46,46,63,73,150,150,71,85,85,85,85,85,85],"floor_reached":33,"playtime":2258,"items_purged":[],"score":263,"play_id":"f7fb9d87-1520-470f-a729-8bc7a13e8f5c","local_time":"20201217171718","is_ascension_mode":false,"campfire_choices":[{"data":"animator:HigakiRinne","floor":6,"key":"SMITH"},{"floor":15,"key":"REST"},{"floor":23,"key":"RECALL"},{"floor":27,"key":"REST"},{"floor":30,"key":"REST"},{"floor":32,"key":"REST"}],"circlet_count":0,"master_deck":["animator:Strike_Fate","animator:Defend_Fate","animator:Strike","animator:Strike","animator:Strike","animator:Defend","animator:Alexander","animator:Rider","animator:HigakiRinne+1","animator:Caster","animator:Arpeggio","animator:UneriGinkaku","animator:Berserker","animator:EmiyaShirou+1","animator:ShinjiMatou","animator:IzunaHatsuse","animator:Archer","animator:Tyuule","animator:GoblinSlayer","animator:Lancer","animator:Gilgamesh+1","animator:EmiyaShirou","animator:Lancer","animator:Archer","animator:HiiragiShinya","animator:Konayuki"],"relics":["animator:LivingPicture","animator:TheMissingPiece","animator:Hoodie","animator:WornHelmet","animator:CursedBlade","Gremlin Horn","Bird Faced Urn","Vajra"],"acts_visited":["Exordium","TheCity"],"potions_floor_usage":[7,11,14,16,24,25],"damage_taken":[{"damage":5,"enemies":"2 Louse","floor":1,"turns":2},{"damage":0,"enemies":"Small Slimes","floor":2,"turns":4},{"damage":0,"enemies":"Cultist","floor":3,"turns":5},{"damage":2,"enemies":"Exordium Wildlife","floor":5,"turns":4},{"damage":15,"enemies":"Gremlin Nob","floor":7,"turns":3},{"damage":10,"enemies":"2 Fungi Beasts","floor":8,"turns":4},{"damage":0,"enemies":"3 Louse","floor":10,"turns":2},{"damage":20,"enemies":"Lagavulin","floor":11,"turns":5},{"damage":16,"enemies":"Gremlin Gang","floor":12,"turns":4},{"damage":4,"enemies":"Exordium Wildlife","floor":13,"turns":4},{"damage":24,"enemies":"Large Slime","floor":14,"turns":7},{"damage":20,"enemies":"Hexaghost","floor":16,"turns":9},{"damage":20,"enemies":"3 Byrds","floor":18,"turns":6},{"damage":18,"enemies":"Spheric Guardian","floor":20,"turns":6},{"damage":6,"enemies":"Centurion and Healer","floor":24,"turns":6},{"damage":4,"enemies":"Snecko","floor":25,"turns":3},{"damage":34,"enemies":"3 Cultists","floor":29,"turns":6},{"damage":93,"enemies":"Champ","floor":33,"turns":11}],"seed_played":"-6076300512102353721","potions_obtained":[{"floor":1,"key":"SteroidPotion"},{"floor":3,"key":"DistilledChaos"},{"floor":7,"key":"SkillPotion"},{"floor":11,"key":"Regen Potion"},{"floor":14,"key":"LiquidMemories"},{"floor":18,"key":"Energy Potion"},{"floor":24,"key":"BlessingOfTheForge"},{"floor":29,"key":"SneckoOil"}],"is_trial":false,"path_per_floor":["M","M","M","?","M","R","E","M","T","M","E","M","M","M","R","B",null,"M","?","M","?","$","R","M","M","T","R","$","M","R","?","R","B"],"character_chosen":"THE_ANIMATOR","items_purchased":["animator:Gilgamesh","Bird Faced Urn","animator:Lancer"],"campfire_rested":4,"item_purchase_floors":[22,22,28],"current_hp_per_floor":[61,61,61,66,65,65,50,41,41,44,24,16,16,15,37,21,76,58,58,40,40,40,40,34,32,32,55,55,25,48,48,71,0,0],"gold":85,"neow_bonus":"ONE_RANDOM_RARE_CARD","is_daily":false,"chose_seed":false,"campfire_upgraded":1,"win_rate":0.0,"timestamp":1608225438,"path_taken":["M","M","M","?","M","R","E","M","T","M","E","M","M","M","R","BOSS","M","?","?","?","?","R","M","M","T","R","$","M","R","?","R","BOSS"],"items_purchased_type":["Card","Relic","Card"],"build_version":"2020-12-13","purchased_purges":0,"victory":false,"max_hp_per_floor":[66,66,66,71,72,72,72,73,73,76,76,76,76,76,76,76,76,78,78,78,78,78,78,78,78,78,78,78,78,78,78,78,78,78],"card_choices":[{"not_picked":["animator:RinTohsaka","animator:HighElfArcher"],"picked":"animator:Caster","floor":1},{"not_picked":["animator:Witch","animator:Sebas"],"picked":"animator:Arpeggio","floor":2},{"not_picked":["animator:Togame","animator:Priestess"],"picked":"animator:UneriGinkaku","floor":3},{"not_picked":["animator:EmiyaShirou","animator:Rider"],"picked":"animator:Berserker","floor":5},{"not_picked":["animator:DolaStephanie","animator:ChlammyZell"],"picked":"animator:EmiyaShirou","floor":7},{"not_picked":["animator:ChlammyZell","animator:Yuuichirou"],"picked":"animator:ShinjiMatou","floor":8},{"not_picked":["animator:Shichika","animator:KrulTepes","animator:TukaLunaMarceau"],"picked":"SKIP","floor":10},{"not_picked":["animator:DolaRiku","animator:DolaCouronne"],"picked":"animator:IzunaHatsuse","floor":11},{"not_picked":["animator:CrowleyEusford","animator:Caster"],"picked":"animator:Archer","floor":12},{"not_picked":["animator:Shichika","animator:Evileye","animator:LizardPriest"],"picked":"SKIP","floor":13},{"not_picked":["animator:Nanami","animator:Shichika"],"picked":"animator:Tyuule","floor":14},{"not_picked":["animator:Guren","animator:HigakiRinne"],"picked":"animator:GoblinSlayer","floor":16},{"not_picked":["animator:Rider","animator:Caster"],"picked":"animator:Lancer","floor":18},{"not_picked":["animator:UneriGinkaku+1","animator:Nanami","animator:Konayuki"],"picked":"SKIP","floor":20},{"not_picked":["animator:TsurugaMeisai+1","animator:LizardPriest"],"picked":"animator:EmiyaShirou","floor":24},{"not_picked":["animator:Arpeggio+1","animator:Nanami+1","animator:FielNirvalen"],"picked":"SKIP","floor":25},{"not_picked":["animator:Assassin","animator:Lancer"],"picked":"animator:Archer","floor":29}],"player_experience":554438,"relics_obtained":[{"floor":7,"key":"animator:Hoodie"},{"floor":11,"key":"animator:WornHelmet"},{"floor":26,"key":"Vajra"}],"event_choices":[{"damage_healed":0,"gold_gain":0,"player_choice":"Donut","damage_taken":0,"max_hp_gain":5,"max_hp_loss":0,"event_name":"Big Fish","floor":4,"gold_loss":0},{"damage_healed":0,"gold_gain":0,"player_choice":"Upgraded","damage_taken":0,"max_hp_gain":0,"max_hp_loss":0,"event_name":"Upgrade Shrine","floor":19,"gold_loss":0,"cards_upgraded":["animator:EmiyaShirou"]},{"damage_healed":0,"gold_gain":0,"player_choice":"Opened","damage_taken":0,"relics_obtained":["Gremlin Horn"],"max_hp_gain":0,"max_hp_loss":0,"event_name":"The Mausoleum","floor":21,"gold_loss":0},{"damage_healed":0,"gold_gain":0,"cards_transformed":["animator:Defend","animator:Defend"],"player_choice":"Became Test Subject","damage_taken":0,"max_hp_gain":0,"max_hp_loss":0,"event_name":"Drug Dealer","floor":31,"gold_loss":0,"cards_obtained":["animator:HiiragiShinya","animator:Konayuki"]}],"is_beta":false,"boss_relics":[{"not_picked":["Black Star","Cursed Key"],"picked":"animator:CursedBlade"}],"items_purged_floors":[],"is_endless":false,"potions_floor_spawned":[1,3,7,11,14,18,24,29],"killed_by":"Champ","ascension_level":0}}