{"host":"utqe55yv0jihe4d6","time":1608248551,"event":{"mods":["2.2 Compatiblity","AchievementEnabler","BaseMod","Block Reminder","Colored Map","Colored Powertips","Minty Spire (QoL Compilation)","Quick Restart","Rare Cards Sparkle","Relic Stats","SuperFastMode"],"gold_per_floor":[115,115,138,138,154,154,179,179,179],"floor_reached":8,"playtime":262,"items_purged":[],"score":96,"play_id":"af30d6ed-2792-4253-9bcc-d4fd00ab7eef","local_time":"20201217184231","is_ascension_mode":true,"campfire_choices":[{"data":"Bash","floor":6,"key":"SMITH"}],"circlet_count":0,"master_deck":["AscendersBane","Strike_R","Strike_R","Strike_R","Strike_R","Defend_R","Defend_R","Defend_R","Defend_R","Bash+1","Rampage","Shrug It Off","Cleave"],"relics":["Runic Cube","Golden Idol"],"acts_visited":["Exordium"],"potions_floor_usage":[8],"damage_taken":[{"damage":1,"enemies":"2 Louse","floor":1,"turns":3},{"damage":5,"enemies":"Small Slimes","floor":3,"turns":5},{"damage":7,"enemies":"Jaw Worm","floor":5,"turns":3},{"damage":19,"enemies":"Large Slime","floor":7,"turns":7},{"damage":30,"enemies":"3 Sentries","floor":8,"turns":5}],"seed_played":"-2648055179272930068","potions_obtained":[{"floor":3,"key":"BloodPotion"},{"floor":7,"key":"SkillPotion"}],"is_trial":false,"path_per_floor":["M","?","M","?","M","R","M","E"],"character_chosen":"IRONCLAD","items_purchased":[],"campfire_rested":0,"item_purchase_floors":[],"current_hp_per_floor":[67,67,62,55,48,48,29,0,0],"gold":179,"neow_bonus":"BOSS_RELIC","is_daily":false,"chose_seed":false,"campfire_upgraded":1,"win_rate":0.0,"timestamp":1608248551,"path_taken":["M","?","M","?","M","R","M","E"],"items_purchased_type":[],"build_version":"2020-12-13","purchased_purges":0,"victory":false,"max_hp_per_floor":[75,68,68,68,68,68,68,68,68],"relic_stats":{"counters":[5,23],"Golden Idol":13,"obtain_stats":[{"Golden Idol":2,"Burning Blood":0,"Runic Cube":0},{"Golden Idol":1,"Burning Blood":0,"Runic Cube":0},{"Golden Idol":3,"Burning Blood":0,"Runic Cube":0}],"Runic Cube":[8]},"card_choices":[{"not_picked":["Clash","Iron Wave"],"picked":"Rampage","floor":1},{"not_picked":["Pummel","Heavy Blade"],"picked":"Shrug It Off","floor":3},{"not_picked":["Heavy Blade","Dual Wield"],"picked":"Cleave","floor":5},{"not_picked":["Havoc","Armaments","Entrench"],"picked":"SKIP","floor":7}],"player_experience":2792082,"relics_obtained":[],"event_choices":[{"damage_healed":0,"gold_gain":0,"player_choice":"Lose Max HP","damage_taken":0,"relics_obtained":["Golden Idol"],"max_hp_gain":0,"max_hp_loss":7,"event_name":"Golden Idol","floor":2,"gold_loss":0},{"cards_removed":["Strike_R"],"damage_healed":0,"gold_gain":0,"player_choice":"Card Removal","damage_taken":7,"max_hp_gain":0,"max_hp_loss":0,"event_name":"Golden Wing","floor":4,"gold_loss":0}],"is_beta":false,"boss_relics":[],"items_purged_floors":[],"is_endless":false,"potions_floor_spawned":[3,7],"killed_by":"3 Sentries","ascension_level":20}}