{"host":"63yhhrjweyj22b0v","time":1608184818,"event":{"mods":["BaseMod","Minty Spire (QoL Compilation)","Quick Restart"],"gold_per_floor":[110,62,62,62,82,82,98,273,273,288,288,312,312,356,356,480,543,564,583,583,13,13,13],"floor_reached":22,"playtime":516,"items_purged":["Strike_B"],"score":202,"play_id":"17af3731-1675-4e00-bdf9-874457b9b6f0","local_time":"20201217000018","is_ascension_mode":true,"campfire_choices":[{"floor":6,"key":"REST"},{"floor":11,"key":"REST"},{"data":"Self Repair","floor":13,"key":"SMITH"},{"floor":15,"key":"REST"}],"circlet_count":0,"master_deck":["Strike_B","Strike_B","Strike_B","Defend_B","Defend_B","Defend_B","Defend_B","Zap","Dualcast","Barrage","Beam Cell","Beam Cell","Sweeping Beam","Self Repair+1","Redo","Gash","Amplify+1","Streamline","Fission","White Noise","Heatsinks+1","Chill+1"],"relics":["Cracked Core","NeowsBlessing","Omamori","Golden Idol","Dream Catcher","Centennial Puzzle","Tiny House","Bottled Tornado","Meat on the Bone"],"acts_visited":["Exordium","TheCity"],"potions_floor_usage":[14,16],"damage_taken":[{"damage":0,"enemies":"Jaw Worm","floor":1,"turns":1},{"damage":0,"enemies":"2 Louse","floor":5,"turns":1},{"damage":0,"enemies":"Cultist","floor":7,"turns":1},{"damage":15,"enemies":"Large Slime","floor":10,"turns":5},{"damage":6,"enemies":"Looter","floor":12,"turns":2},{"damage":40,"enemies":"3 Sentries","floor":14,"turns":6},{"damage":18,"enemies":"Slime Boss","floor":16,"turns":8},{"damage":51,"enemies":"Shell Parasite","floor":18,"turns":5},{"damage":36,"enemies":"Chosen","floor":19,"turns":5},{"damage":14,"enemies":"Centurion and Healer","floor":22,"turns":3}],"seed_played":"8503774480374196136","potions_obtained":[{"floor":5,"key":"SmokeBomb"},{"floor":10,"key":"Swift Potion"},{"floor":12,"key":"Ancient Potion"},{"floor":17,"key":"Dexterity Potion"}],"is_trial":false,"path_per_floor":["M","$","?","?","M","R","M","?","T","M","R","M","R","E","R","B",null,"M","M","?","$","M"],"character_chosen":"DEFECT","items_purchased":["Beam Cell","Bottled Tornado","Meat on the Bone"],"campfire_rested":3,"item_purchase_floors":[2,21,21],"current_hp_per_floor":[75,75,57,39,39,61,61,61,61,46,68,62,62,32,54,46,80,49,23,23,23,9,9],"gold":13,"neow_bonus":"THREE_ENEMY_KILL","is_daily":false,"chose_seed":false,"campfire_upgraded":1,"win_rate":0.0,"timestamp":1608184818,"path_taken":["M","$","?","?","?","R","M","?","T","M","R","M","R","E","R","BOSS","M","M","?","?","M"],"items_purchased_type":["Card","Relic","Relic"],"build_version":"2020-12-13","purchased_purges":1,"victory":false,"max_hp_per_floor":[75,75,75,75,75,75,75,75,75,75,75,75,75,75,75,75,80,80,80,80,80,80,80],"card_choices":[{"not_picked":["Cold Snap","Turbo"],"picked":"Barrage","floor":1},{"not_picked":["Reprogram","Aggregate"],"picked":"Beam Cell","floor":5},{"not_picked":["Hologram","Reprogram"],"picked":"Sweeping Beam","floor":7},{"not_picked":["Barrage","Turbo"],"picked":"Self Repair","floor":10},{"not_picked":["Glacier","Undo"],"picked":"Redo","floor":11},{"not_picked":["Compile Driver","Turbo"],"picked":"Gash","floor":12},{"not_picked":["Auto Shields","Double Energy"],"picked":"Amplify","floor":14},{"not_picked":["Beam Cell","Stack"],"picked":"Streamline","floor":15},{"not_picked":["Hyperbeam","Rainbow"],"picked":"Fission","floor":16},{"not_picked":["Ball Lightning","FTL"],"picked":"White Noise","floor":17},{"not_picked":["Rebound+1","Barrage"],"picked":"Heatsinks+1","floor":18},{"not_picked":["Undo","Chaos"],"picked":"Chill+1","floor":19}],"player_experience":616353,"relics_obtained":[{"floor":9,"key":"Dream Catcher"},{"floor":14,"key":"Centennial Puzzle"}],"event_choices":[{"damage_healed":0,"gold_gain":0,"player_choice":"Success","damage_taken":18,"relics_obtained":["Omamori"],"max_hp_gain":0,"max_hp_loss":0,"event_name":"Scrap Ooze","floor":3,"gold_loss":0},{"damage_healed":0,"gold_gain":0,"player_choice":"Take Damage","damage_taken":18,"relics_obtained":["Golden Idol"],"max_hp_gain":0,"max_hp_loss":0,"event_name":"Golden Idol","floor":4,"gold_loss":0},{"damage_healed":0,"gold_gain":175,"player_choice":"AGREE","damage_taken":0,"max_hp_gain":0,"max_hp_loss":0,"event_name":"Liars Game","floor":8,"gold_loss":0,"cards_obtained":["Doubt"]},{"damage_healed":0,"gold_gain":0,"player_choice":"Leave","damage_taken":0,"max_hp_gain":0,"max_hp_loss":0,"event_name":"FaceTrader","floor":20,"gold_loss":0}],"is_beta":false,"boss_relics":[{"not_picked":["Snecko Eye","Fusion Hammer"],"picked":"Tiny House"}],"items_purged_floors":[21],"is_endless":false,"potions_floor_spawned":[5,10,12],"killed_by":"Centurion and Healer","ascension_level":2}}