{"host":"llpusn9usp8rznkj","time":1608232367,"event":{"mods":["2.2 Compatiblity","BaseMod","Colored Map","Colored Powertips","Conspire","Downfall","Hubris","Minty Spire (QoL Compilation)","Rare Cards Sparkle","Replay The Spire","StSLib","The Cursed"],"gold_per_floor":[112,112,31,31,31,69,94,94,148,148,148,163,203,224,58,97,97,97,97],"floor_reached":18,"playtime":425,"items_purged":[],"score":356,"play_id":"c88418dc-d017-4790-9e51-2bc9deab5293","local_time":"20201217141247","is_ascension_mode":true,"campfire_choices":[{"floor":8,"key":"REST"},{"data":"Bash","floor":17,"key":"SMITH"}],"circlet_count":0,"master_deck":["AscendersBane","Strike_R","Strike_R","Strike_R","Strike_R+1","Strike_R","Defend_R","Defend_R","Defend_R","Bash+1","ReplayTheSpireMod:Restless Dread","Immolate","Warcry+1","Inflame","Bludgeon+1","hubris:SharpeningStone","Shrug It Off","Fire Breathing"],"relics":["Burning Blood","Golden Idol","Replay:Mystery Machine","Centennial Puzzle","Pet Ghost","hubris:TenFootPole","The Courier"],"acts_visited":["Exordium"],"potions_floor_usage":[13,16],"damage_taken":[{"damage":9,"enemies":"2 Louse","floor":1,"turns":2},{"damage":15,"enemies":"Lagavulin","floor":6,"turns":4},{"damage":2,"enemies":"Jaw Worm","floor":7,"turns":2},{"damage":0,"enemies":"Small Slimes","floor":12,"turns":2},{"damage":0,"enemies":"Gremlin Nob","floor":13,"turns":2},{"damage":13,"enemies":"Exordium Wildlife","floor":14,"turns":4},{"damage":0,"enemies":"Lagavulin","floor":16,"turns":2},{"damage":47,"enemies":"Hexaghost","floor":18,"turns":8}],"seed_played":"-5636958902422993826","potions_obtained":[{"floor":7,"key":"Adrenaline Potion"},{"floor":14,"key":"DuplicationPotion"}],"is_trial":false,"path_per_floor":["M","?","$","?","?","E","M","R","T","PTL","PTL","M","E","M","$","E","R","B"],"character_chosen":"IRONCLAD","items_purchased":["Inflame","hubris:TenFootPole"],"campfire_rested":1,"item_purchase_floors":[3,15],"current_hp_per_floor":[65,39,39,16,16,7,11,33,33,33,33,39,45,38,38,44,44,0,0],"gold":97,"neow_bonus":"THREE_RARE_CARDS","is_daily":false,"chose_seed":false,"campfire_upgraded":1,"win_rate":0.0,"timestamp":1608232367,"path_taken":["M","?","$","?","?","E","M","R","T","PTL","PTL","M","E","?","$","E","R","BOSS"],"items_purchased_type":["Card","Relic"],"build_version":"2020-12-13","purchased_purges":0,"victory":false,"max_hp_per_floor":[75,75,75,75,75,75,75,75,75,75,75,75,75,75,75,75,75,75,75],"card_choices":[{"not_picked":["Double Tap","Corruption"],"picked":"Immolate","floor":0},{"not_picked":["ReplayReversal","Run Through"],"picked":"Warcry","floor":1},{"not_picked":["Perfected Strike","Defy Death","Iron Wave"],"picked":"SKIP","floor":6},{"not_picked":["Rampage","Sword Boomerang"],"picked":"hubris:SharpeningStone","floor":7},{"not_picked":["Feel No Pain","Offering"],"picked":"Shrug It Off","floor":12},{"not_picked":["Wild Strike","Carnage"],"picked":"Fire Breathing","floor":13},{"not_picked":["Burning Pact","Perfected Strike","Flex"],"picked":"SKIP","floor":14},{"not_picked":["Iron Wave","hubris:SharpeningStone","Carnage"],"picked":"SKIP","floor":16}],"player_experience":1070527,"relics_obtained":[{"floor":6,"key":"Replay:Mystery Machine"},{"floor":9,"key":"Centennial Puzzle"},{"floor":13,"key":"Pet Ghost"},{"floor":16,"key":"The Courier"}],"event_choices":[{"damage_healed":0,"gold_gain":0,"player_choice":"Take Damage","damage_taken":26,"relics_obtained":["Golden Idol"],"max_hp_gain":0,"max_hp_loss":0,"event_name":"Golden Idol","floor":2,"gold_loss":0},{"damage_healed":0,"gold_gain":0,"player_choice":"Entered Light","damage_taken":23,"max_hp_gain":0,"max_hp_loss":0,"event_name":"Shining Light","floor":4,"gold_loss":0,"cards_upgraded":["Warcry","Strike_R"]}],"is_beta":false,"boss_relics":[],"items_purged_floors":[],"is_endless":false,"potions_floor_spawned":[7,14],"killed_by":"Hexaghost","ascension_level":20}}