{"host":"og6lam4kt3nibbw0","time":1608189539,"event":{"mods":["AchievementEnabler","BaseMod","Colored Map","DeckTracker","Highlight Path","Keyboard Shortcuts","Minty Spire (QoL Compilation)","Permanent Neow","Quick Restart","StSLib","SuperFastMode"],"gold_per_floor":[119,132,152,152,77,77,97,97,145,156,156,79,79,107,107,107,107],"floor_reached":16,"playtime":567,"items_purged":["Injury"],"score":200,"play_id":"8a955454-dd7a-46ea-b5a8-4b0173bbc119","local_time":"20201217161859","is_ascension_mode":true,"campfire_choices":[{"data":"Dualcast","floor":6,"key":"SMITH"},{"data":"Zap","floor":11,"key":"SMITH"},{"floor":15,"key":"REST"}],"circlet_count":0,"master_deck":["AscendersBane","Strike_B","Strike_B","Strike_B","Strike_B","Defend_B","Defend_B","Defend_B","Zap+1","Dualcast+1","Machine Learning","Cold Snap","Hologram","Turbo","Sweeping Beam","Melter","Self Repair","Rebound"],"relics":["Cracked Core","Tiny Chest"],"acts_visited":["Exordium"],"potions_floor_usage":[],"damage_taken":[{"damage":9.0,"enemies":"Jaw Worm","floor":1.0,"turns":4.0},{"damage":0.0,"enemies":"Cultist","floor":2.0,"turns":4.0},{"damage":13.0,"enemies":"Small Slimes","floor":3.0,"turns":3.0},{"damage":3,"enemies":"Blue Slaver","floor":7,"turns":4},{"damage":10,"enemies":"Exordium Wildlife","floor":10,"turns":4},{"damage":30,"enemies":"Lagavulin","floor":14,"turns":6},{"damage":51,"enemies":"The Guardian","floor":16,"turns":10}],"seed_played":"-8984435190319405247","potions_obtained":[{"floor":10,"key":"Explosive Potion"}],"is_trial":false,"path_per_floor":["M","M","M","?","$","R","M","?","T","M","R","$","?","E","R","B"],"character_chosen":"DEFECT","items_purchased":["Self Repair"],"campfire_rested":1,"item_purchase_floors":[12],"current_hp_per_floor":[55,55,42,42,42,42,39,39,39,29,29,29,52,29,50,0,0],"gold":107,"neow_bonus":"THREE_RARE_CARDS","is_daily":false,"chose_seed":false,"campfire_upgraded":2,"win_rate":0.0,"timestamp":1608189539,"path_taken":["M","M","M","?","$","R","M","?","T","?","R","$","?","E","R","BOSS"],"items_purchased_type":["Card"],"build_version":"2020-12-13","purchased_purges":1,"victory":false,"max_hp_per_floor":[71,71,71,71,71,71,71,71,71,71,71,71,71,71,71,71,71],"card_choices":[{"not_picked":["Creative AI","All For One"],"picked":"Machine Learning","floor":0.0},{"not_picked":["Ball Lightning","Tempest"],"picked":"Cold Snap","floor":1.0},{"not_picked":["Conserve Battery","Redo"],"picked":"Hologram","floor":2.0},{"not_picked":["Compile Driver","Leap"],"picked":"Turbo","floor":3.0},{"not_picked":["Thunder Strike","Gash"],"picked":"Sweeping Beam","floor":7},{"not_picked":["Leap","Redo","Ball Lightning"],"picked":"SKIP","floor":10},{"not_picked":["Chaos","White Noise"],"picked":"Rebound","floor":14}],"player_experience":782271,"relics_obtained":[{"floor":14,"key":"Tiny Chest"}],"event_choices":[{"damage_healed":0,"gold_gain":0,"player_choice":"Fled","damage_taken":0,"max_hp_gain":0,"max_hp_loss":0,"event_name":"Scrap Ooze","floor":4,"gold_loss":0},{"damage_healed":0,"gold_gain":0,"cards_transformed":["Defend_B"],"player_choice":"Transformed","damage_taken":0,"max_hp_gain":0,"max_hp_loss":0,"event_name":"Transmorgrifier","floor":8,"gold_loss":0,"cards_obtained":["Melter"]},{"damage_healed":23,"gold_gain":0,"player_choice":"Banana","damage_taken":0,"max_hp_gain":0,"max_hp_loss":0,"event_name":"Big Fish","floor":13,"gold_loss":0}],"is_beta":false,"boss_relics":[],"items_purged_floors":[5],"is_endless":false,"potions_floor_spawned":[10],"killed_by":"The Guardian","ascension_level":20}}