{"host":"bux1pdxjwq4dkad9","time":1608185888,"event":{"mods":["BaseMod","Colored Map","Minty Spire (QoL Compilation)","Quick Restart","Robot Space Explorer","StSLib","SuperFastMode","°æ“≈ŒÔMod°øºÚµ•”Œœ∑"],"gold_per_floor":[116,127,146,163,163,193,193,228,254,288,307,336,336,411,411,489,489,505,525,525,539,549,576,501,532,544,572,611,652,11,44,44,118,118,132,181,198,198,98,125,137,137,137,169,169,169,204,254,254,254,254,254,91,121,121],"floor_reached":56,"playtime":1207,"items_purged":["RobotSpaceExplorer:Defend","RobotSpaceExplorer:Defend"],"score":3326,"play_id":"9960237d-32eb-4c9b-bb28-519a9ae192b6","local_time":"20201217141808","is_ascension_mode":true,"campfire_choices":[{"data":"RobotSpaceExplorer:MiniLasers","floor":7,"key":"SMITH"},{"data":"RobotSpaceExplorer:SwiftStep","floor":13,"key":"SMITH"},{"floor":15,"key":"RECALL"},{"data":"1","floor":32,"key":"LIFT"},{"data":"2","floor":42,"key":"LIFT"},{"data":"3","floor":45,"key":"LIFT"},{"data":"RobotSpaceExplorer:Multitool","floor":49,"key":"SMITH"},{"data":"RobotSpaceExplorer:ExhaustFan","floor":52,"key":"SMITH"}],"circlet_count":0,"master_deck":["AscendersBane","RobotSpaceExplorer:Defend","RobotSpaceExplorer:Defend","RobotSpaceExplorer:MiniLasers+1","RobotSpaceExplorer:SwiftStep+1","RobotSpaceExplorer:ExhaustFan+1","RobotSpaceExplorer:Fix+1","RobotSpaceExplorer:Multitool+1","Madness+1","Trip+1","Panacea+1","RobotSpaceExplorer:MiniBoosters+1"],"relics":["RobotSpaceExplorer:RoboCore","ImprovedEquipment","Meat on the Bone","RobotSpaceExplorer:FoglandsKnife","Akabeko","Calipers","Molten Egg 2","Empty Cage","Ice Cream","MawBank","Toxic Egg 2","Red Mask","Bag of Preparation","OrangePellets","Girya","Question Card","Black Star","Mango","Mercury Hourglass","TungstenRod","Bottled Tornado","PreservedInsect","RobotSpaceExplorer:ToughPlating","Thread and Needle","Frozen Egg 2","ClockworkSouvenir","Pantograph","Whetstone"],"acts_visited":["Exordium","TheCity","TheBeyond","TheEnding"],"potions_floor_usage":[55,55],"damage_taken":[{"damage":0,"enemies":"Small Slimes","floor":1,"turns":2},{"damage":0,"enemies":"2 Louse","floor":2,"turns":2},{"damage":0,"enemies":"Jaw Worm","floor":3,"turns":2},{"damage":0,"enemies":"Gremlin Gang","floor":4,"turns":2},{"damage":0,"enemies":"3 Sentries","floor":6,"turns":6},{"damage":0,"enemies":"Gremlin Nob","floor":8,"turns":2},{"damage":0,"enemies":"Lagavulin","floor":10,"turns":2},{"damage":0,"enemies":"Looter","floor":11,"turns":1},{"damage":0,"enemies":"3 Sentries","floor":12,"turns":5},{"damage":0,"enemies":"Hexaghost","floor":16,"turns":2},{"damage":0,"enemies":"2 Thieves","floor":18,"turns":1},{"damage":0,"enemies":"3 Byrds","floor":19,"turns":1},{"damage":0,"enemies":"Snake Plant","floor":21,"turns":1},{"damage":0,"enemies":"Centurion and Healer","floor":22,"turns":1},{"damage":0,"enemies":"Gremlin Leader","floor":23,"turns":1},{"damage":0,"enemies":"Slavers","floor":25,"turns":1},{"damage":0,"enemies":"Chosen and Byrds","floor":27,"turns":1},{"damage":0,"enemies":"Masked Bandits","floor":28,"turns":1},{"damage":0,"enemies":"Book of Stabbing","floor":29,"turns":1},{"damage":0,"enemies":"Gremlin Leader","floor":31,"turns":1},{"damage":0,"enemies":"Automaton","floor":33,"turns":1},{"damage":2,"enemies":"3 Shapes","floor":35,"turns":2},{"damage":0,"enemies":"2 Orb Walkers","floor":36,"turns":1},{"damage":0,"enemies":"3 Darklings","floor":37,"turns":1},{"damage":0,"enemies":"Nemesis","floor":40,"turns":1},{"damage":0,"enemies":"Sphere and 2 Shapes","floor":41,"turns":1},{"damage":0,"enemies":"Giant Head","floor":44,"turns":1},{"damage":0,"enemies":"Nemesis","floor":47,"turns":1},{"damage":0,"enemies":"Awakened One","floor":50,"turns":2},{"damage":0,"enemies":"Shield and Spear","floor":54,"turns":1},{"damage":0,"enemies":"The Heart","floor":55,"turns":3}],"seed_played":"-5295799551344127940","potions_obtained":[{"floor":1,"key":"RobotSpaceExplorer:PlasmaFlask"},{"floor":6,"key":"Strength Potion"},{"floor":11,"key":"SkillPotion"}],"is_trial":false,"path_per_floor":["M","M","M","M","?","E","R","E","T","E","M","E","R","?","R","B",null,"M","M","?","M","M","E","?","E","T","M","?","E","$","E","R","B",null,"M","?","M","?","$","E","M","R","T","E","R","?","E","?","R","B",null,"R","$","E","B",null],"character_chosen":"RobotSpaceExplorer","items_purchased":["OrangePellets","RobotSpaceExplorer:Fix+1","Girya","ClockworkSouvenir"],"campfire_rested":0,"item_purchase_floors":[30,30,30,53],"current_hp_per_floor":[64,64,64,64,38,38,38,38,38,38,38,38,38,27,27,39,63,63,63,63,63,63,63,63,63,63,63,63,63,63,69,69,71,71,69,85,85,75,75,81,85,85,85,85,85,85,85,85,85,85,85,85,85,85,85],"gold":121,"neow_bonus":"REMOVE_CARD","is_daily":false,"chose_seed":false,"campfire_upgraded":4,"win_rate":0.0,"timestamp":1608185888,"path_taken":["M","M","M","M","?","E","R","E","T","E","M","E","R","?","R","BOSS","M","M","?","?","M","E","?","E","T","M","?","E","$","E","R","BOSS","M","?","M","?","$","E","M","R","T","E","R","?","E","?","R","BOSS","R","$","E","BOSS"],"items_purchased_type":["Relic","Card","Relic","Relic"],"build_version":"2020-12-13","purchased_purges":2,"victory":true,"max_hp_per_floor":[71,71,71,71,71,71,71,71,71,71,71,71,71,71,71,71,71,71,71,71,71,71,71,71,71,71,71,71,71,71,71,71,71,71,71,85,85,85,85,85,85,85,85,85,85,85,85,85,85,85,85,85,85,85,85],"card_choices":[{"not_picked":["RobotSpaceExplorer:ScrapToss","RobotSpaceExplorer:SlimeMissile","RobotSpaceExplorer:ShockKick"],"picked":"SKIP","floor":1},{"not_picked":["RobotSpaceExplorer:ImprovisedAttack","RobotSpaceExplorer:FreezingShield","RobotSpaceExplorer:FrostMissile"],"picked":"SKIP","floor":2},{"not_picked":["RobotSpaceExplorer:StunGrenade","RobotSpaceExplorer:Probe"],"picked":"RobotSpaceExplorer:SwiftStep","floor":3},{"not_picked":["RobotSpaceExplorer:MiniDrones","RobotSpaceExplorer:Probe","RobotSpaceExplorer:SurgingStrike"],"picked":"SKIP","floor":4},{"not_picked":["RobotSpaceExplorer:ScrapToss","RobotSpaceExplorer:ShockKick","RobotSpaceExplorer:SurgingShield"],"picked":"SKIP","floor":6},{"not_picked":["RobotSpaceExplorer:Asteroid","RobotSpaceExplorer:SurgingShield","RobotSpaceExplorer:SurgingStrike"],"picked":"SKIP","floor":8},{"not_picked":["RobotSpaceExplorer:Asteroid","RobotSpaceExplorer:Counterblock","RobotSpaceExplorer:SwiftStep"],"picked":"SKIP","floor":10},{"not_picked":["RobotSpaceExplorer:Counterblock","RobotSpaceExplorer:Ammunition","RobotSpaceExplorer:Multitool"],"picked":"SKIP","floor":11},{"not_picked":["RobotSpaceExplorer:Calculate","RobotSpaceExplorer:Fix","RobotSpaceExplorer:ShockMissile+1"],"picked":"SKIP","floor":12},{"not_picked":["RobotSpaceExplorer:Calculate","RobotSpaceExplorer:Fix","RobotSpaceExplorer:ShockMissile+1"],"picked":"SKIP","floor":12},{"not_picked":["RobotSpaceExplorer:Blitz+1","RobotSpaceExplorer:SurgingShield","RobotSpaceExplorer:StunGrenade+1"],"picked":"SKIP","floor":18},{"not_picked":["RobotSpaceExplorer:GlueShot","RobotSpaceExplorer:SlimeMissile+1","RobotSpaceExplorer:FranticSearch"],"picked":"SKIP","floor":19},{"not_picked":["RobotSpaceExplorer:ScrapMissile+1","RobotSpaceExplorer:StarDust","RobotSpaceExplorer:ShovelStrike+1"],"picked":"SKIP","floor":21},{"not_picked":["RobotSpaceExplorer:Reload","RobotSpaceExplorer:Ammunition","RobotSpaceExplorer:ImprovisedAttack+1"],"picked":"SKIP","floor":22},{"not_picked":["RobotSpaceExplorer:StarLightning+1","RobotSpaceExplorer:Electropulse+1","RobotSpaceExplorer:Ammunition"],"picked":"SKIP","floor":23},{"not_picked":["RobotSpaceExplorer:Accelerator","RobotSpaceExplorer:FranticSearch","RobotSpaceExplorer:SlimeMissile+1"],"picked":"SKIP","floor":25},{"not_picked":["RobotSpaceExplorer:StunGrenade+1","RobotSpaceExplorer:BigMissile+1","RobotSpaceExplorer:ImprovisedAttack+1"],"picked":"SKIP","floor":27},{"not_picked":["RobotSpaceExplorer:ShovelStrike+1","RobotSpaceExplorer:StunGrenade+1"],"picked":"RobotSpaceExplorer:ExhaustFan","floor":28},{"not_picked":["RobotSpaceExplorer:Counterblock+1","RobotSpaceExplorer:FranticSearch+1","RobotSpaceExplorer:StarLightning+1"],"picked":"SKIP","floor":29},{"not_picked":["RobotSpaceExplorer:ScrapMissile+1","RobotSpaceExplorer:Multitool","RobotSpaceExplorer:SwiftStep+1"],"picked":"SKIP","floor":31},{"not_picked":["RobotSpaceExplorer:ScrapMissile+1","RobotSpaceExplorer:SwiftStep+1"],"picked":"RobotSpaceExplorer:Multitool","floor":31},{"not_picked":["RobotSpaceExplorer:MetalStrike+1","RobotSpaceExplorer:SlimeMissile+1","RobotSpaceExplorer:ImprovisedAttack+1","RobotSpaceExplorer:TurboDodge+1"],"picked":"SKIP","floor":35},{"not_picked":["RobotSpaceExplorer:Probe+1","RobotSpaceExplorer:FrostMissile+1","RobotSpaceExplorer:SurgingStrike+1","RobotSpaceExplorer:SwiftStep+1"],"picked":"SKIP","floor":37},{"not_picked":["The Bomb+1","Dark Shackles+1","Jack Of All Trades+1"],"picked":"Madness+1","floor":38},{"not_picked":["Jack Of All Trades+1","Swift Strike+1","Blind+1"],"picked":"Trip+1","floor":38},{"not_picked":["Enlightenment+1","Finesse+1","Metamorphosis+1"],"picked":"Panacea+1","floor":38},{"not_picked":["RobotSpaceExplorer:StunGrenade+1","RobotSpaceExplorer:ToxicBomb+1","RobotSpaceExplorer:TrailblazerForm","RobotSpaceExplorer:MiniDrones+1"],"picked":"SKIP","floor":40},{"not_picked":["RobotSpaceExplorer:LaserBurst+1","RobotSpaceExplorer:ShockKick+1","RobotSpaceExplorer:TurboDodge+1","RobotSpaceExplorer:Blitz+1"],"picked":"SKIP","floor":41},{"not_picked":["RobotSpaceExplorer:Autoloader","RobotSpaceExplorer:ShockKick+1","RobotSpaceExplorer:TurboDodge+1","RobotSpaceExplorer:Probe+1"],"picked":"SKIP","floor":44},{"not_picked":["RobotSpaceExplorer:ToxicBomb+1","RobotSpaceExplorer:BlastShield+1","RobotSpaceExplorer:ImprovisedAttack+1"],"picked":"RobotSpaceExplorer:MiniBoosters+1","floor":47},{"not_picked":["RobotSpaceExplorer:SurgingStrike+1","RobotSpaceExplorer:Ammunition+1","RobotSpaceExplorer:SurgingShield+1","RobotSpaceExplorer:ShockKick+1"],"picked":"SKIP","floor":54}],"player_experience":2328768,"relics_obtained":[{"floor":6,"key":"RobotSpaceExplorer:FoglandsKnife"},{"floor":8,"key":"Akabeko"},{"floor":10,"key":"Calipers"},{"floor":12,"key":"Molten Egg 2"},{"floor":23,"key":"Ice Cream"},{"floor":25,"key":"MawBank"},{"floor":26,"key":"Toxic Egg 2"},{"floor":28,"key":"Red Mask"},{"floor":29,"key":"Bag of Preparation"},{"floor":31,"key":"Question Card"},{"floor":36,"key":"Mango"},{"floor":40,"key":"Mercury Hourglass"},{"floor":40,"key":"TungstenRod"},{"floor":43,"key":"Bottled Tornado"},{"floor":44,"key":"PreservedInsect"},{"floor":44,"key":"RobotSpaceExplorer:ToughPlating"},{"floor":47,"key":"Thread and Needle"},{"floor":47,"key":"Frozen Egg 2"},{"floor":54,"key":"Pantograph"},{"floor":54,"key":"Whetstone"}],"event_choices":[{"damage_healed":0,"gold_gain":0,"player_choice":"Success","damage_taken":26,"relics_obtained":["Meat on the Bone"],"max_hp_gain":0,"max_hp_loss":0,"event_name":"Scrap Ooze","floor":5,"gold_loss":0},{"damage_healed":0,"gold_gain":75,"player_choice":"Gather Gold","damage_taken":11,"max_hp_gain":0,"max_hp_loss":0,"event_name":"World of Goop","floor":14,"gold_loss":0},{"damage_healed":0,"gold_gain":0,"player_choice":"Got Potions","damage_taken":0,"max_hp_gain":0,"max_hp_loss":0,"event_name":"Lab","floor":20,"gold_loss":0},{"cards_removed":["RobotSpaceExplorer:Strike"],"damage_healed":0,"gold_gain":0,"player_choice":"Gave Gold","damage_taken":0,"max_hp_gain":0,"max_hp_loss":0,"event_name":"Beggar","floor":24,"gold_loss":75},{"damage_healed":0,"gold_gain":0,"player_choice":"Fought Bandits","damage_taken":0,"max_hp_gain":0,"max_hp_loss":0,"event_name":"Masked Bandits","floor":28,"gold_loss":0},{"damage_healed":0,"gold_gain":0,"player_choice":"Fight","damage_taken":0,"max_hp_gain":0,"max_hp_loss":0,"event_name":"Mysterious Sphere","floor":36,"gold_loss":0},{"damage_healed":0,"gold_gain":0,"player_choice":"Memory 3","damage_taken":10,"max_hp_gain":0,"max_hp_loss":0,"event_name":"SensoryStone","floor":38,"gold_loss":0},{"cards_removed":["RobotSpaceExplorer:Scan"],"damage_healed":0,"gold_gain":0,"player_choice":"Removed Skill","damage_taken":0,"max_hp_gain":0,"max_hp_loss":0,"event_name":"Falling","floor":46,"gold_loss":0},{"damage_healed":0,"gold_gain":50,"player_choice":"Pray","damage_taken":0,"max_hp_gain":0,"max_hp_loss":0,"event_name":"Golden Shrine","floor":48,"gold_loss":0}],"is_beta":false,"boss_relics":[{"not_picked":["Cursed Key","Fusion Hammer"],"picked":"Empty Cage"},{"not_picked":["Calling Bell","Busted Crown"],"picked":"Black Star"}],"items_purged_floors":[30,39],"is_endless":false,"potions_floor_spawned":[1,6,11,18,21,23,28,35,36,37,44,54],"ascension_level":17}}