{"host":"o3b7ow6d1xe49css","time":1608246875,"event":{"mods":["2.2 Compatiblity","Act Like it!","Aspiration","BaseMod","Bestiary","Better Altar","Better Match","Better Note","Better Sensory Stone","Better Skull","Better Third Choice","Colored Powertips","Conspire","Downfall","Elementarium","Energized Spire","Force Act Four","GifTheSpireLib","Halation","Hermit","Hubris","Infinite Spire","Minty Spire (QoL Compilation)","Quick Restart","Replay The Spire","Spicy Shops","Spikes Relics","StSLib","Stuff the Spire","The Blue Laboratory","The Jungle","Wandering Minibosses","vexMod"],"gold_per_floor":[111,129,143,143,153,182,182,310,310,446,446,566,566,585,585,682,782,798,814,359,359,359,499,499,499,499,635,635,330,442,462,462,462,462],"floor_reached":33,"playtime":1029,"items_purged":["Strike_B","Strike_B"],"score":439,"play_id":"9788c41e-e230-4ab7-8794-012395984978","local_time":"20201217141435","daily_mods":["Heirloom","Flight"],"is_ascension_mode":true,"campfire_choices":[{"floor":7,"key":"REST"},{"floor":11,"key":"REST"},{"floor":13,"key":"REST"},{"floor":15,"key":"REST"},{"floor":24,"key":"REST"},{"floor":25,"key":"REST"},{"floor":32,"key":"REST"}],"circlet_count":0,"master_deck":["Defend_B","Defend_B","Defend_B+1","Defend_B","Zap+1","Dualcast","Pot Of Greed+1","StuffTheSpire:Plugnplay","Ball Lightning+1","StuffTheSpire:Synthwave+1","BasicCrystalCard","Coolheaded","Defragment","Double Energy","FIFO Queue","Biased Cognition","infinitespire:Punishment+1","Coolheaded","Leap","Echo Form+1"],"relics":["Cracked Core","Ring of Chaos","Emotion Chip","StuffTheSpire:TintedRock","Pen Nib","StrikeDummy","Akabeko","Replay:Wanted Poster","vexMod:HeadHunter","War Paint","vexMod:MemoryStick","infinitespire:EmpoweringShard","StuffTheSpire:Barrel","ReplayTheSpireMod:Ninjato","conspire:TopHat","Frozen Egg 2","Whetstone"],"acts_visited":["Exordium","TheCity"],"potions_floor_usage":[5,14,18,19,23,33],"damage_taken":[{"damage":1,"enemies":"Small Slimes","floor":1,"turns":3},{"damage":13,"enemies":"Cultist","floor":2,"turns":5},{"damage":9,"enemies":"2 Louse","floor":3,"turns":2},{"damage":9,"enemies":"Blue Slaver","floor":5,"turns":2},{"damage":20,"enemies":"Lagavulin","floor":6,"turns":5},{"damage":18,"enemies":"Gremlin Nob","floor":8,"turns":3},{"damage":20,"enemies":"3 Sentries","floor":10,"turns":4},{"damage":16,"enemies":"Gremlin Nob","floor":12,"turns":3},{"damage":16,"enemies":"Exordium Thugs","floor":14,"turns":5},{"damage":19,"enemies":"The Guardian","floor":16,"turns":8},{"damage":4,"enemies":"2 Thieves","floor":18,"turns":2},{"damage":22,"enemies":"Shell Parasite","floor":19,"turns":4},{"damage":24,"enemies":"Nightmare","floor":23,"turns":5},{"damage":4,"enemies":"Replay:Snechameleon","floor":27,"turns":3},{"damage":47,"enemies":"Gremlin Leader","floor":30,"turns":7},{"damage":9,"enemies":"Cultist and Chosen","floor":31,"turns":5},{"damage":27,"enemies":"Champ","floor":33,"turns":3}],"seed_played":"-7885497813596107448","potions_obtained":[{"floor":2,"key":"blueLaboratory:AbyssPotion"},{"floor":3,"key":"blueLaboratory:SavagePotion"},{"floor":5,"key":"blueLaboratory:ConsumingVoid"},{"floor":10,"key":"BlessingOfTheForge"},{"floor":14,"key":"blueLaboratory:PolymorphPotion"},{"floor":18,"key":"blueLaboratory:BubblePotion"},{"floor":31,"key":"blueLaboratory:LouseDecoction"}],"is_trial":true,"path_per_floor":["M","M","M","?","M","E","R","E","T","E","R","E","R","M","R","B",null,"M","M","$","?","AVR","NM","R","R","T","E","?","$","E","M","R","B"],"character_chosen":"DEFECT","items_purchased":["vexMod:HeadHunter","War Paint","vexMod:MemoryStick","Leap","Frozen Egg 2"],"campfire_rested":7,"item_purchase_floors":[20,20,20,29,29],"current_hp_per_floor":[74,61,52,52,43,23,45,27,27,7,29,13,35,19,41,22,62,65,43,43,43,43,19,41,63,63,59,59,59,12,3,25,0,0],"gold":462,"neow_bonus":"","is_daily":false,"chose_seed":false,"campfire_upgraded":0,"win_rate":0.0,"timestamp":1608246875,"path_taken":["M","M","M","?","?","E","R","E","T","E","R","E","R","M","R","BOSS","M","M","$","?","AVR","NM","R","R","T","E","?","$","E","M","R","BOSS"],"items_purchased_type":["Relic","Relic","Relic","Card","Relic"],"build_version":"2020-12-13","purchased_purges":2,"victory":false,"max_hp_per_floor":[75,75,75,75,75,75,75,75,75,75,75,75,75,75,75,75,75,75,75,75,75,75,75,75,75,75,75,75,75,75,75,75,75,75],"card_choices":[{"not_picked":["Double Energy","Stack"],"picked":"StuffTheSpire:Plugnplay","floor":1},{"not_picked":["Force Field","StuffTheSpire:LoadUp"],"picked":"Ball Lightning","floor":2},{"not_picked":["Go for the Eyes","aspiration:Polymerization"],"picked":"StuffTheSpire:Synthwave","floor":3},{"not_picked":["White Noise","Chaos"],"picked":"BasicCrystalCard","floor":5},{"not_picked":["StuffTheSpire:SnapShoot","Hologram"],"picked":"Coolheaded","floor":6},{"not_picked":["BootSequence","Turbo","DiskWipe"],"picked":"SKIP","floor":8},{"not_picked":["Conserve Battery","Coolheaded"],"picked":"Defragment","floor":10},{"not_picked":["StuffTheSpire:Purify","Beam Cell","StuffTheSpire:LoadUp"],"picked":"SKIP","floor":12},{"not_picked":["BasicCrystalCard","Leap"],"picked":"Double Energy","floor":14},{"not_picked":["Force Field","Stack"],"picked":"FIFO Queue","floor":18},{"not_picked":["ReplayTheSpireMod:System Scan","Gash","DiskWipe+1"],"picked":"SKIP","floor":19},{"not_picked":["ReplayTheSpireMod:Omega Cannon","ReplayRNGCard"],"picked":"Biased Cognition","floor":23},{"not_picked":["infinitespire:Gouge","ReplayTheSpireMod:Black Plague"],"picked":"infinitespire:Punishment","floor":23},{"not_picked":["Stack","Compile Driver","Streamline"],"picked":"SKIP","floor":23},{"not_picked":["StuffTheSpire:LoadUp","conspire:SharedLibrary"],"picked":"Coolheaded","floor":27},{"not_picked":["hubris:SpecializedCircuitry","Thunder Strike","Reboot"],"picked":"SKIP","floor":27},{"not_picked":["Fission","All For One"],"picked":"Echo Form","floor":30},{"not_picked":["Fusion+1","Gash","Go for the Eyes+1"],"picked":"SKIP","floor":30},{"not_picked":["Redo","Go for the Eyes","Turbo"],"picked":"SKIP","floor":31}],"player_experience":1732718,"relics_obtained":[{"floor":6,"key":"StuffTheSpire:TintedRock"},{"floor":8,"key":"Pen Nib"},{"floor":10,"key":"StrikeDummy"},{"floor":12,"key":"Akabeko"},{"floor":23,"key":"StuffTheSpire:Barrel"},{"floor":26,"key":"ReplayTheSpireMod:Ninjato"},{"floor":27,"key":"conspire:TopHat"},{"floor":30,"key":"Whetstone"}],"event_choices":[{"damage_healed":0,"gold_gain":0,"player_choice":"Upgraded","damage_taken":0,"max_hp_gain":0,"max_hp_loss":0,"event_name":"Upgrade Shrine","floor":4,"gold_loss":0,"cards_upgraded":["StuffTheSpire:Synthwave"]},{"cards_removed":["Strike_B"],"damage_healed":0,"gold_gain":0,"player_choice":"Purged","damage_taken":0,"max_hp_gain":0,"max_hp_loss":0,"event_name":"Purifier","floor":21,"gold_loss":0},{"cards_removed":["Strike_B"],"damage_healed":0,"gold_gain":0,"player_choice":"Give","damage_taken":0,"max_hp_gain":0,"max_hp_loss":0,"event_name":"betterNote:BetterNote","floor":28,"gold_loss":0,"cards_obtained":["Strike_G"]}],"is_beta":false,"boss_relics":[{"not_picked":["Snecko Eye","CosmicIsotope"],"picked":"Replay:Wanted Poster"}],"items_purged_floors":[20,22],"is_endless":false,"potions_floor_spawned":[2,3,5,10,14,18,31],"killed_by":"Champ","ascension_level":5}}