{"host":"jegehu1t82aiec5j","time":1608234296,"event":{"mods":["BaseMod","Colored Map","Filter the Spire","Minty Spire (QoL Compilation)","Relic Stats","StSLib"],"gold_per_floor":[113,188,211,44,64,83,111,111,160,160,195,211,211,229,229,306,306,326,56,75,93,110,140,157,157,181,181,207,226,226,6,6,83,83,93,93,93,1092,345,345,377,377,377,377,267,282,27,38,38,38],"floor_reached":51,"playtime":1861,"items_purged":["Strike_G","Strike_G","Strike_G","Normality","Injury"],"score":1393,"play_id":"057900dc-b78c-4b26-bc2c-34de448072a0","local_time":"20201217144456","is_ascension_mode":true,"campfire_choices":[{"data":"Deadly Poison","floor":8.0,"key":"SMITH"},{"data":"Sucker Punch","floor":10.0,"key":"SMITH"},{"floor":13.0,"key":"REST"},{"data":"Neutralize","floor":15.0,"key":"SMITH"},{"floor":25.0,"key":"REST"},{"data":"Wraith Form v2","floor":30.0,"key":"SMITH"},{"floor":32.0,"key":"REST"},{"floor":40,"key":"REST"},{"data":"Catalyst","floor":42,"key":"SMITH"},{"data":"Footwork","floor":49,"key":"SMITH"}],"circlet_count":0,"master_deck":["AscendersBane","Strike_G","Strike_G+1","Defend_G","Defend_G","Defend_G","Defend_G+1","Defend_G","Survivor","Neutralize+1","Blur","Blade Dance","Concentrate","Sucker Punch+1","Deadly Poison+1","Catalyst+1","Slice","Bane+1","Wraith Form v2+1","Blur","Deadly Poison","Reflex","Noxious Fumes","Noxious Fumes+1","Calculated Gamble","Burst","Master of Strategy","Backflip","Deflect+1","Bouncing Flask","Footwork+1"],"relics":["Runic Pyramid","WarpedTongs","Lantern","Tingsha","Dream Catcher","Pen Nib","Philosopher\u0027s Stone","Snake Skull","Pear","Whetstone","Tiny Chest","Cursed Key","ClockworkSouvenir","Mercury Hourglass","Toy Ornithopter","Nunchaku","Pantograph"],"acts_visited":["Exordium","TheCity","TheBeyond"],"potions_floor_usage":[35,50],"damage_taken":[{"damage":0.0,"enemies":"2 Louse","floor":1.0,"turns":4.0},{"damage":0.0,"enemies":"Jaw Worm","floor":5.0,"turns":4.0},{"damage":0.0,"enemies":"Cultist","floor":6.0,"turns":4.0},{"damage":20.0,"enemies":"Gremlin Nob","floor":7.0,"turns":5.0},{"damage":14.0,"enemies":"3 Sentries","floor":11.0,"turns":8.0},{"damage":0.0,"enemies":"Blue Slaver","floor":12.0,"turns":3.0},{"damage":1.0,"enemies":"Exordium Wildlife","floor":14.0,"turns":4.0},{"damage":0.0,"enemies":"The Guardian","floor":16.0,"turns":7.0},{"damage":1.0,"enemies":"Chosen","floor":18.0,"turns":4.0},{"damage":18.0,"enemies":"3 Byrds","floor":20.0,"turns":4.0},{"damage":29.0,"enemies":"Snecko","floor":21.0,"turns":7.0},{"damage":3.0,"enemies":"Centurion and Healer","floor":22.0,"turns":6.0},{"damage":29.0,"enemies":"Slavers","floor":23.0,"turns":6.0},{"damage":7.0,"enemies":"Sentry and Sphere","floor":24.0,"turns":6.0},{"damage":8.0,"enemies":"Snake Plant","floor":29.0,"turns":4.0},{"damage":27,"enemies":"Automaton","floor":33,"turns":7},{"damage":19,"enemies":"3 Darklings","floor":35,"turns":5},{"damage":0,"enemies":"Nemesis","floor":41,"turns":7},{"damage":0,"enemies":"Orb Walker","floor":46,"turns":4},{"damage":0,"enemies":"Spire Growth","floor":48,"turns":3},{"damage":12,"enemies":"Time Eater","floor":50,"turns":5}],"seed_played":"4761264874063852141","potions_obtained":[{"floor":1.0,"key":"Strength Potion"},{"floor":5.0,"key":"Ancient Potion"},{"floor":7.0,"key":"FairyPotion"},{"floor":18.0,"key":"LiquidBronze"},{"floor":21.0,"key":"Explosive Potion"},{"floor":24.0,"key":"Block Potion"},{"floor":29.0,"key":"DistilledChaos"},{"floor":41,"key":"DistilledChaos"}],"is_trial":false,"path_per_floor":["M","?","T","$","M","M","E","R","T","R","E","M","R","M","R","B",null,"M","$","M","M","M","E","M","R","T","?","T","M","R","$","R","B",null,"M","?","?","?","$","R","E","R","T","T","?","M","$","M","R","B",null],"character_chosen":"THE_SILENT","items_purchased":["Blade Dance","Concentrate","Snake Skull","Deadly Poison","GhostInAJar","Backflip","ClockworkSouvenir","Mercury Hourglass","Toy Ornithopter","Footwork"],"campfire_rested":4,"item_purchase_floors":[4,4,19,19,31,39,39,39,39,47],"current_hp_per_floor":[59,48,48,48,48,48,28,28,28,28,14,14,33,32,32,32,58,57,57,39,10,7,15,8,30,30,30,30,22,22,22,44,17,61,42,42,42,42,42,64,64,64,64,64,64,64,64,64,64,64],"gold":38,"neow_bonus":"BOSS_RELIC","is_daily":false,"chose_seed":false,"campfire_upgraded":6,"win_rate":0.0,"timestamp":1608234296,"path_taken":["M","?","?","?","M","M","E","R","T","R","E","M","R","M","R","BOSS","M","$","M","M","?","E","M","R","T","?","?","M","R","$","R","BOSS","M","?","?","?","$","R","E","R","T","?","?","?","$","M","R","BOSS"],"items_purchased_type":["Card","Card","Relic","Card","Potion","Card","Relic","Relic","Relic","Card"],"build_version":"2020-12-13","purchased_purges":5,"victory":true,"max_hp_per_floor":[66,66,66,66,66,66,66,66,66,66,66,66,66,66,66,66,66,66,66,66,66,66,76,76,76,76,76,76,76,76,76,76,76,76,76,76,76,76,76,76,76,76,76,76,76,76,76,76,76,76],"relic_stats":{"counters":[21,107],"Tingsha":[143],"Pen Nib":[14],"Snake Skull":[82],"Whetstone":["Strike_G","Bane"],"Cursed Key":1,"WarpedTongs":[103],"Mercury Hourglass":[51],"Dream Catcher":4,"Nunchaku":[0],"Pantograph":12,"Tiny Chest":1,"obtain_stats":[{"Lantern":3,"Pear":23,"Tingsha":7,"Pen Nib":11,"Snake Skull":19,"Whetstone":26,"Cursed Key":34,"WarpedTongs":1,"ClockworkSouvenir":39,"Mercury Hourglass":39,"Dream Catcher":9,"Nunchaku":41,"Pantograph":44,"Philosopher\u0027s Stone":17,"Tiny Chest":28,"Toy Ornithopter":39,"Ring of the Snake":0,"Runic Pyramid":0},{"Lantern":1,"Pear":13,"Tingsha":4,"Pen Nib":5,"Snake Skull":9,"Whetstone":14,"Cursed Key":16,"WarpedTongs":1,"ClockworkSouvenir":17,"Mercury Hourglass":17,"Dream Catcher":4,"Nunchaku":18,"Pantograph":18,"Philosopher\u0027s Stone":8,"Tiny Chest":14,"Toy Ornithopter":17,"Ring of the Snake":0,"Runic Pyramid":0},{"Lantern":4,"Pear":66,"Tingsha":17,"Pen Nib":25,"Snake Skull":43,"Whetstone":72,"Cursed Key":83,"WarpedTongs":4,"ClockworkSouvenir":88,"Mercury Hourglass":88,"Dream Catcher":17,"Nunchaku":95,"Pantograph":95,"Philosopher\u0027s Stone":39,"Tiny Chest":72,"Toy Ornithopter":88,"Ring of the Snake":0,"Runic Pyramid":0}],"Toy Ornithopter":0},"card_choices":[{"not_picked":["Setup","Dodge and Roll"],"picked":"Blur","floor":1.0},{"not_picked":["Cloak And Dagger","Deflect"],"picked":"Sucker Punch","floor":5.0},{"not_picked":["Outmaneuver","Acrobatics"],"picked":"Deadly Poison","floor":6.0},{"not_picked":["Eviscerate","Doppelganger","All Out Attack"],"picked":"SKIP","floor":7.0},{"not_picked":["Dodge and Roll","Underhanded Strike"],"picked":"Catalyst","floor":11.0},{"not_picked":["Distraction","Sucker Punch"],"picked":"Slice","floor":12.0},{"not_picked":["Outmaneuver","Backflip"],"picked":"Bane","floor":13.0},{"not_picked":["Deflect","Underhanded Strike","Cloak And Dagger"],"picked":"SKIP","floor":14.0},{"not_picked":["Doppelganger","Envenom"],"picked":"Wraith Form v2","floor":16.0},{"not_picked":["Riddle With Holes","Backflip"],"picked":"Blur","floor":18.0},{"not_picked":["Reflex","Slice","Backflip"],"picked":"SKIP","floor":20.0},{"not_picked":["Slice","Backflip"],"picked":"Reflex","floor":20.0},{"not_picked":["Outmaneuver+1","Acrobatics","Finisher"],"picked":"SKIP","floor":21.0},{"not_picked":["Bane","Doppelganger","Blade Dance"],"picked":"SKIP","floor":22.0},{"not_picked":["Flying Knee","Setup","Unload"],"picked":"SKIP","floor":23.0},{"not_picked":["Flying Knee+1","Prepared"],"picked":"Noxious Fumes","floor":24.0},{"not_picked":["Prepared","Terror"],"picked":"Noxious Fumes+1","floor":25.0},{"not_picked":["Blur","Riddle With Holes","Blade Dance"],"picked":"SKIP","floor":29.0},{"not_picked":["Slice","Deflect"],"picked":"Calculated Gamble","floor":32.0},{"not_picked":["Unload","Envenom"],"picked":"Burst","floor":33},{"not_picked":["Flechettes+1","Predator+1","Dagger Spray+1"],"picked":"SKIP","floor":35},{"not_picked":["Dramatic Entrance","PanicButton"],"picked":"Master of Strategy","floor":37},{"not_picked":["Slice","Prepared"],"picked":"Deflect+1","floor":40},{"not_picked":["Escape Plan","Slice","Expertise"],"picked":"SKIP","floor":41},{"not_picked":["Accuracy","Deadly Poison"],"picked":"Bouncing Flask","floor":46},{"not_picked":["Flying Knee","Deadly Poison+1","Deflect"],"picked":"SKIP","floor":48}],"player_experience":2531187,"relics_obtained":[{"floor":3.0,"key":"Lantern"},{"floor":7.0,"key":"Tingsha"},{"floor":9.0,"key":"Dream Catcher"},{"floor":11.0,"key":"Pen Nib"},{"floor":23.0,"key":"Pear"},{"floor":26.0,"key":"Whetstone"},{"floor":28.0,"key":"Tiny Chest"},{"floor":41,"key":"Nunchaku"},{"floor":44,"key":"Pantograph"}],"event_choices":[{"damage_healed":0.0,"max_hp_gain":0.0,"max_hp_loss":0.0,"gold_gain":75.0,"event_name":"World of Goop","player_choice":"Gather Gold","floor":2.0,"gold_loss":0.0,"damage_taken":11.0},{"damage_healed":0.0,"max_hp_gain":0.0,"max_hp_loss":0.0,"gold_gain":0.0,"event_name":"The Mausoleum","player_choice":"Ignored","floor":27.0,"gold_loss":0.0,"damage_taken":0.0},{"damage_healed":0,"gold_gain":0,"player_choice":"Ignored","damage_taken":0,"max_hp_gain":0,"max_hp_loss":0,"event_name":"Tomb of Lord Red Mask","floor":36,"gold_loss":0},{"damage_healed":0,"gold_gain":0,"player_choice":"Memory 1","damage_taken":0,"max_hp_gain":0,"max_hp_loss":0,"event_name":"SensoryStone","floor":37,"gold_loss":0},{"damage_healed":0,"gold_gain":999,"player_choice":"Gold","damage_taken":0,"max_hp_gain":0,"max_hp_loss":0,"event_name":"MindBloom","floor":38,"gold_loss":0,"cards_obtained":["Normality","Normality"]},{"cards_removed":["Normality"],"damage_healed":0,"gold_gain":0,"player_choice":"Upgrade and Remove","damage_taken":0,"max_hp_gain":0,"max_hp_loss":0,"event_name":"Designer","floor":45,"gold_loss":110,"cards_upgraded":["Defend_G"]}],"is_beta":false,"boss_relics":[{"not_picked":["Astrolabe","Busted Crown"],"picked":"Philosopher\u0027s Stone"},{"not_picked":["Coffee Dripper","HoveringKite"],"picked":"Cursed Key"}],"items_purged_floors":[4,19,31,39,47],"is_endless":false,"potions_floor_spawned":[1,5,7,18,21,24,29,41,46,48],"ascension_level":15}}