{"host":"4iumrvuiaf6fol98","time":1608230339,"event":{"mods":["AchievementEnabler","BaseMod","Colored Map","Colored Powertips","Minty Spire (QoL Compilation)","Quick Restart","StSLib"],"gold_per_floor":[112,187,198,198,198,198,208,208,208,208,12,12,27,41,41,146,146,136,154,167,167,181,181,196,196,249,249,3,22,22,22,22],"floor_reached":31,"playtime":1823,"items_purged":[],"score":227,"play_id":"7462add0-5eb8-4d14-8278-ca7804109d28","local_time":"20201217133859","is_ascension_mode":false,"campfire_choices":[{"floor":6,"key":"REST"},{"data":"Survivor","floor":8,"key":"SMITH"},{"floor":15,"key":"REST"},{"floor":23,"key":"REST"},{"floor":25,"key":"REST"},{"data":"Blade Dance","floor":27,"key":"SMITH"}],"circlet_count":0,"master_deck":["Strike_G","Strike_G","Strike_G","Strike_G","Strike_G+1","Defend_G","Defend_G","Defend_G","Defend_G","Survivor+1","Neutralize+1","Flying Knee","Slice","Slice","Deadly Poison","Bane","Flying Knee","Envenom+1","Blade Dance+1","Outmaneuver+1","Catalyst","Slice","Backstab+1","Decay","Envenom+1","Distraction","Reflex"],"relics":["Ring of the Snake","Ancient Tea Set","Thread and Needle","Blood Vial","Nunchaku","Oddly Smooth Stone","Cursed Key","Art of War","DollysMirror"],"acts_visited":["Exordium","TheCity"],"potions_floor_usage":[16,18,20,20,29,29,29],"damage_taken":[{"damage":0,"enemies":"2 Louse","floor":1,"turns":3},{"damage":5,"enemies":"Small Slimes","floor":3,"turns":4},{"damage":0,"enemies":"Cultist","floor":7,"turns":3},{"damage":0,"enemies":"2 Fungi Beasts","floor":13,"turns":3},{"damage":0,"enemies":"Exordium Wildlife","floor":14,"turns":4},{"damage":4,"enemies":"Slime Boss","floor":16,"turns":10},{"damage":11,"enemies":"2 Thieves","floor":18,"turns":4},{"damage":3,"enemies":"Chosen","floor":19,"turns":4},{"damage":15,"enemies":"Shelled Parasite and Fungi","floor":20,"turns":4},{"damage":5,"enemies":"Snake Plant","floor":22,"turns":4},{"damage":18,"enemies":"Centurion and Healer","floor":24,"turns":5},{"damage":0,"enemies":"3 Cultists","floor":29,"turns":5},{"damage":0,"enemies":"Shelled Parasite and Fungi","floor":31,"turns":1}],"seed_played":"1609346472478093844","potions_obtained":[{"floor":3,"key":"Fire Potion"},{"floor":7,"key":"Weak Potion"},{"floor":13,"key":"CultistPotion"},{"floor":18,"key":"Weak Potion"},{"floor":19,"key":"SkillPotion"},{"floor":20,"key":"Regen Potion"}],"is_trial":false,"path_per_floor":["M","?","M","?","?","R","M","R","T","?","$","?","M","M","R","B",null,"M","M","M","?","M","R","M","R","T","R","$","M","?","M"],"character_chosen":"THE_SILENT","items_purchased":["Deadly Poison","Nunchaku","DollysMirror","EntropicBrew"],"campfire_rested":4,"item_purchase_floors":[11,11,28,28],"current_hp_per_floor":[70,59,54,40,40,61,61,61,61,43,43,43,45,47,68,66,70,59,58,45,45,42,63,47,68,68,68,68,70,70,70,70],"gold":22,"neow_bonus":"RANDOM_COMMON_RELIC","is_daily":false,"chose_seed":false,"campfire_upgraded":2,"win_rate":0.0,"timestamp":1608230339,"path_taken":["M","?","M","?","?","R","?","R","T","?","$","?","M","M","R","BOSS","M","?","M","?","M","R","M","R","T","R","$","?","?","M"],"items_purchased_type":["Card","Relic","Relic","Potion"],"build_version":"2020-12-13","purchased_purges":0,"victory":false,"max_hp_per_floor":[70,70,70,70,70,70,70,70,70,70,70,70,70,70,70,70,70,70,70,70,70,70,70,70,70,70,70,70,70,70,70,70],"card_choices":[{"not_picked":["Bane","Dagger Throw"],"picked":"Flying Knee","floor":1},{"not_picked":["Dodge and Roll","Cloak And Dagger"],"picked":"Slice","floor":3},{"not_picked":["Eviscerate","Infinite Blades"],"picked":"Slice","floor":7},{"not_picked":["Outmaneuver","Malaise"],"picked":"Bane","floor":13},{"not_picked":["Predator","Endless Agony"],"picked":"Flying Knee","floor":14},{"not_picked":["Doppelganger","A Thousand Cuts"],"picked":"Envenom","floor":16},{"not_picked":["Calculated Gamble+1","Deflect"],"picked":"Blade Dance","floor":18},{"not_picked":["Backflip","Flechettes+1"],"picked":"Outmaneuver+1","floor":19},{"not_picked":["All Out Attack","Deflect+1"],"picked":"Catalyst","floor":20},{"not_picked":["Malaise","Acrobatics"],"picked":"Slice","floor":22},{"not_picked":["Backflip+1","Underhanded Strike"],"picked":"Backstab+1","floor":24},{"not_picked":["Masterful Stab","Deflect"],"picked":"Distraction","floor":29}],"player_experience":224128,"relics_obtained":[{"floor":9,"key":"Thread and Needle"},{"floor":26,"key":"Art of War"}],"event_choices":[{"damage_healed":0,"gold_gain":75,"player_choice":"Gather Gold","damage_taken":11,"max_hp_gain":0,"max_hp_loss":0,"event_name":"World of Goop","floor":2,"gold_loss":0},{"damage_healed":0,"gold_gain":0,"player_choice":"Entered Light","damage_taken":14,"max_hp_gain":0,"max_hp_loss":0,"event_name":"Shining Light","floor":4,"gold_loss":0,"cards_upgraded":["Strike_G","Neutralize"]},{"cards_removed":["Defend_G"],"damage_healed":0,"gold_gain":0,"player_choice":"Purged","damage_taken":0,"max_hp_gain":0,"max_hp_loss":0,"event_name":"Purifier","floor":5,"gold_loss":0},{"damage_healed":0,"gold_gain":0,"player_choice":"Success","damage_taken":18,"relics_obtained":["Blood Vial"],"max_hp_gain":0,"max_hp_loss":0,"event_name":"Scrap Ooze","floor":10,"gold_loss":0},{"damage_healed":0,"gold_gain":0,"player_choice":"Gave Potion","damage_taken":0,"relics_obtained":["Oddly Smooth Stone"],"max_hp_gain":0,"max_hp_loss":0,"event_name":"WeMeetAgain","floor":12,"gold_loss":0},{"damage_healed":0,"gold_gain":0,"player_choice":"Upgraded","damage_taken":0,"max_hp_gain":0,"max_hp_loss":0,"event_name":"Upgrade Shrine","floor":21,"gold_loss":0,"cards_upgraded":["Envenom"]},{"damage_healed":0,"gold_gain":0,"player_choice":"Read","damage_taken":0,"max_hp_gain":0,"max_hp_loss":0,"event_name":"The Library","floor":30,"gold_loss":0,"cards_obtained":["Reflex"]}],"is_beta":false,"boss_relics":[{"not_picked":["Ring of the Serpent","Empty Cage"],"picked":"Cursed Key"}],"items_purged_floors":[],"is_endless":false,"potions_floor_spawned":[3,7,13,18,19,20],"killed_by":"Shelled Parasite and Fungi","ascension_level":0}}