{"host":"bq4pt811tk9yrmjl","time":1608232683,"event":{"mods":["AchievementEnabler","BaseMod","Colored Map","Colored Powertips","Defuse TimeMaze Blight","Minty Spire (QoL Compilation)","StSLib","SuperFastMode","UnlockEverythingMod"],"gold_per_floor":[115,290,310,87,87,122,50,50,50,50,79,93,142,112,112,216,216,230,230,241,265,278,278,292,292,292,292,147,157,157,185,185,185,185],"floor_reached":33,"playtime":487,"items_purged":["Doubt"],"score":336,"play_id":"3cf51a19-0c9c-4e28-8854-5bed4c75062b","local_time":"20201217171803","is_ascension_mode":true,"campfire_choices":[{"data":"Anger","floor":8.0,"key":"SMITH"},{"data":"Inflame","floor":10.0,"key":"SMITH"},{"data":"Armaments","floor":15.0,"key":"SMITH"},{"floor":23,"key":"REST"},{"floor":25,"key":"REST"},{"floor":27,"key":"RECALL"},{"floor":32,"key":"REST"}],"circlet_count":0,"master_deck":["Strike_R","Strike_R","Defend_R","Defend_R","Defend_R","Defend_R","Bash","Armaments+1","Anger+1","Flex","Inflame+1","Flame Barrier","Wild Strike+1","Cleave+1","Wild Strike+1","Flex+1","Writhe"],"relics":["Burning Blood","NeowsBlessing","Chemical X","Bronze Scales","Bird Faced Urn","Tiny Chest","Astrolabe","Sundial","Toy Ornithopter","Pear","Lee\u0027s Waffle","MealTicket","Frozen Egg 2"],"acts_visited":["Exordium","TheCity"],"potions_floor_usage":[16,18,18,29,33],"damage_taken":[{"damage":0.0,"enemies":"Cultist","floor":1.0,"turns":1.0},{"damage":0.0,"enemies":"Jaw Worm","floor":3.0,"turns":1.0},{"damage":0.0,"enemies":"Gremlin Nob","floor":6.0,"turns":1.0},{"damage":9.0,"enemies":"3 Sentries","floor":11.0,"turns":3.0},{"damage":0.0,"enemies":"Small Slimes","floor":12.0,"turns":3.0},{"damage":19,"enemies":"The Guardian","floor":16,"turns":10},{"damage":0,"enemies":"Spheric Guardian","floor":18,"turns":3},{"damage":26,"enemies":"2 Thieves","floor":20,"turns":4},{"damage":30,"enemies":"Snecko","floor":22,"turns":5},{"damage":33,"enemies":"Sentry and Sphere","floor":24,"turns":6},{"damage":21,"enemies":"Centurion and Healer","floor":29,"turns":5},{"damage":43,"enemies":"Slavers","floor":31,"turns":5},{"damage":46,"enemies":"Champ","floor":33,"turns":9}],"seed_played":"-9036575513353545557","potions_obtained":[{"floor":3.0,"key":"FearPotion"},{"floor":6.0,"key":"ColorlessPotion"},{"floor":14.0,"key":"PowerPotion"},{"floor":14.0,"key":"DistilledChaos"},{"floor":16,"key":"AttackPotion"},{"floor":20,"key":"EssenceOfSteel"},{"floor":29,"key":"Energy Potion"},{"floor":31,"key":"BlessingOfTheForge"}],"is_trial":false,"path_per_floor":["M","?","M","$","?","E","$","R","T","R","E","M","T","?","R","B",null,"M","?","M","T","M","R","M","R","T","R","$","M","?","E","R","B"],"character_chosen":"IRONCLAD","items_purchased":["Chemical X","Inflame","Lee\u0027s Waffle"],"campfire_rested":3,"item_purchase_floors":[4,7,28],"current_hp_per_floor":[80,80,80,80,80,80,80,80,80,80,77,80,80,80,80,67,80,80,80,62,62,40,64,39,63,73,73,97,84,84,49,78,39,39],"gold":185,"neow_bonus":"THREE_ENEMY_KILL","is_daily":false,"chose_seed":false,"campfire_upgraded":3,"win_rate":0.0,"timestamp":1608232683,"path_taken":["M","?","M","$","?","E","?","R","T","R","E","M","?","?","R","BOSS","M","?","?","?","M","R","M","R","T","R","$","?","?","E","R","BOSS"],"items_purchased_type":["Relic","Card","Relic"],"build_version":"2020-12-13","purchased_purges":1,"victory":false,"max_hp_per_floor":[80,80,80,80,80,80,80,80,80,80,80,80,80,80,80,80,80,80,80,80,80,80,80,80,80,90,90,97,97,97,97,97,97,97],"card_choices":[{"not_picked":["Heavy Blade","Flex"],"picked":"Armaments","floor":1.0},{"not_picked":["Combust","Uppercut"],"picked":"Anger","floor":3.0},{"not_picked":["Flame Barrier","Thunderclap"],"picked":"Flex","floor":6.0},{"not_picked":["Sword Boomerang","Havoc"],"picked":"Flame Barrier","floor":11.0},{"not_picked":["Offering","Flex","Anger"],"picked":"SKIP","floor":12.0},{"not_picked":["Headbutt+1","Shrug It Off","Power Through"],"picked":"SKIP","floor":18},{"not_picked":["Perfected Strike+1","Thunderclap+1","Evolve"],"picked":"SKIP","floor":20},{"not_picked":["Body Slam+1","Headbutt"],"picked":"Flex+1","floor":22},{"not_picked":["Sword Boomerang","Dark Embrace","True Grit"],"picked":"SKIP","floor":24},{"not_picked":["Second Wind","Shockwave","Fire Breathing+1"],"picked":"SKIP","floor":29},{"not_picked":["Thunderclap","Wild Strike","Body Slam"],"picked":"SKIP","floor":31}],"player_experience":64551,"relics_obtained":[{"floor":6.0,"key":"Bronze Scales"},{"floor":11.0,"key":"Bird Faced Urn"},{"floor":13.0,"key":"Tiny Chest"},{"floor":21,"key":"Toy Ornithopter"},{"floor":26,"key":"Pear"},{"floor":31,"key":"Frozen Egg 2"}],"event_choices":[{"damage_healed":0.0,"max_hp_gain":0.0,"max_hp_loss":0.0,"gold_gain":175.0,"event_name":"Liars Game","player_choice":"AGREE","floor":2.0,"gold_loss":0.0,"damage_taken":0.0,"cards_obtained":["Doubt"]},{"damage_healed":0.0,"max_hp_gain":0.0,"max_hp_loss":0.0,"gold_gain":0.0,"event_name":"Golden Wing","player_choice":"Ignored","floor":5.0,"gold_loss":0.0,"damage_taken":0.0},{"damage_healed":0.0,"max_hp_gain":0.0,"max_hp_loss":0.0,"gold_gain":0.0,"event_name":"The Woman in Blue","player_choice":"Bought 2 Potions","floor":14.0,"gold_loss":0.0,"damage_taken":0.0},{"damage_healed":0,"gold_gain":0,"player_choice":"Gave Potion","damage_taken":0,"relics_obtained":["Sundial"],"max_hp_gain":0,"max_hp_loss":0,"event_name":"WeMeetAgain","floor":19,"gold_loss":0},{"damage_healed":0,"gold_gain":0,"player_choice":"Opened","damage_taken":0,"relics_obtained":["MealTicket"],"max_hp_gain":0,"max_hp_loss":0,"event_name":"The Mausoleum","floor":30,"gold_loss":0,"cards_obtained":["Writhe"]}],"is_beta":false,"boss_relics":[{"not_picked":["Empty Cage","Philosopher\u0027s Stone"],"picked":"Astrolabe"}],"items_purged_floors":[4],"is_endless":false,"potions_floor_spawned":[3,6,16,20,29,31],"killed_by":"Champ","ascension_level":1}}