{"host":"y89x8uui45kcjy42","time":1608169244,"event":{"mods":["2.2 Compatiblity","BaseMod","CapriCore","Colored Map","Colored Powertips","Custom Start","Friendly Minions","Highlight Path","Keyboard Shortcuts","Minty Spire (QoL Compilation)","Relic Stats","Slay the Relics Exporter","StSLib","SuperFastMode","Waifu the Spire"],"gold_per_floor":[110,122,136,61,61,72,72,72,98,98,60,60,60,96,96,187,187,206,220,270,141,141,185,185,185,212,236,277,192,67,67,67,161,161,175,240,259,305,326,326,339,339,365,286,176,197,241,266,266,266,266,266,266,14,57,57],"floor_reached":57,"playtime":1488,"items_purged":["Strike_G","Defend_G"],"score":2678,"play_id":"c553b5cc-5469-4cff-8c3b-adba805c7181","local_time":"20201217104044","is_ascension_mode":true,"campfire_choices":[{"data":"Tactician","floor":7,"key":"SMITH"},{"data":"Bouncing Flask","floor":10,"key":"SMITH"},{"data":"Dagger Throw","floor":13,"key":"SMITH"},{"data":"Die Die Die","floor":15,"key":"SMITH"},{"data":"Tools of the Trade","floor":25,"key":"SMITH"},{"data":"Eviscerate","floor":32,"key":"SMITH"},{"data":"Grand Finale","floor":40,"key":"SMITH"},{"floor":49,"key":"RECALL"},{"data":"Grand Finale","floor":53,"key":"SMITH"}],"circlet_count":0,"master_deck":["AscendersBane","Survivor+1","Bouncing Flask+1","Tactician+1","Dagger Throw+1","Die Die Die+1","Tools of the Trade+1","Crippling Poison+1","Escape Plan+1","Eviscerate+1","Tactician+1","Grand Finale+1","Prepared+1","Footwork+1","Grand Finale+1","Footwork+1","Acrobatics"],"relics":["Ring of the Serpent","Membership Card","Lee\u0027s Waffle","Golden Idol","Bronze Scales","Juzu Bracelet","Coffee Dripper","HandDrill","Singing Bowl","Enchiridion","Bag of Preparation","Tough Bandages","Potion Belt","DollysMirror","Nloth\u0027s Gift","Runic Pyramid","The Specimen","War Paint","Akabeko","Strawberry","Regal Pillow","Oddly Smooth Stone","Pantograph","Nunchaku"],"acts_visited":["Exordium","TheCity","TheBeyond","TheEnding"],"potions_floor_usage":[28,36,56,56,56,56],"damage_taken":[{"damage":9,"enemies":"2 Louse","floor":1,"turns":3},{"damage":23,"enemies":"Small Slimes","floor":2,"turns":5},{"damage":0,"enemies":"Jaw Worm","floor":6,"turns":3},{"damage":48,"enemies":"3 Sentries","floor":14,"turns":6},{"damage":10,"enemies":"Hexaghost","floor":16,"turns":5},{"damage":0,"enemies":"Spheric Guardian","floor":18,"turns":3},{"damage":10,"enemies":"Shell Parasite","floor":19,"turns":3},{"damage":27,"enemies":"Book of Stabbing","floor":23,"turns":4},{"damage":0,"enemies":"Snake Plant","floor":27,"turns":3},{"damage":12,"enemies":"Gremlin Leader","floor":28,"turns":3},{"damage":16,"enemies":"Collector","floor":33,"turns":6},{"damage":7,"enemies":"3 Darklings","floor":35,"turns":3},{"damage":28,"enemies":"2 Orb Walkers","floor":36,"turns":4},{"damage":0,"enemies":"Orb Walker","floor":37,"turns":2},{"damage":0,"enemies":"Jaw Worm Horde","floor":39,"turns":2},{"damage":8,"enemies":"Sphere and 2 Shapes","floor":41,"turns":2},{"damage":0,"enemies":"Spire Growth","floor":46,"turns":2},{"damage":0,"enemies":"Reptomancer","floor":47,"turns":2},{"damage":0,"enemies":"3 Darklings","floor":48,"turns":2},{"damage":91,"enemies":"Time Eater","floor":50,"turns":6},{"damage":14,"enemies":"Donu and Deca","floor":51,"turns":4},{"damage":12,"enemies":"Shield and Spear","floor":55,"turns":2},{"damage":69,"enemies":"The Heart","floor":56,"turns":6}],"seed_played":"-131485637904690695","potions_obtained":[{"floor":6,"key":"SteroidPotion"},{"floor":23,"key":"DuplicationPotion"},{"floor":33,"key":"AttackPotion"},{"floor":35,"key":"EssenceOfSteel"},{"floor":41,"key":"Swift Potion"},{"floor":47,"key":"ColorlessPotion"},{"floor":48,"key":"Energy Potion"}],"is_trial":false,"path_per_floor":["M","M","$","?","?","M","R","?","T","R","$","?","R","E","R","B",null,"M","M","?","$","?","E","?","R","T","M","E","?","$","?","R","B",null,"M","?","M","T","M","R","M","?","T","$","?","M","E","M","R","B","B",null,"R","$","E","B",null],"character_chosen":"THE_SILENT","items_purchased":["Lee\u0027s Waffle","HandDrill","Tough Bandages","Potion Belt","DollysMirror","Strawberry","Oddly Smooth Stone","Acrobatics","Pantograph"],"campfire_rested":0,"item_purchase_floors":[3,21,30,30,30,44,54,54,54],"current_hp_per_floor":[35,12,73,73,73,73,73,48,48,48,48,72,72,24,24,14,58,58,48,48,48,48,23,2,2,2,2,63,63,63,63,63,47,68,61,33,35,35,37,37,31,33,33,40,40,42,42,42,42,33,19,74,74,74,64,20],"gold":57,"neow_bonus":"REMOVE_TWO","is_daily":false,"chose_seed":false,"campfire_upgraded":8,"win_rate":0.0,"timestamp":1608169244,"path_taken":["M","M","$","?","?","M","R","?","T","R","?","?","R","E","R","BOSS","M","M","?","$","?","E","?","R","T","M","E","?","$","?","R","BOSS","M","?","M","?","M","R","M","?","T","$","?","M","E","M","R","BOSS","BOSS","R","$","E","BOSS"],"items_purchased_type":["Relic","Relic","Relic","Relic","Relic","Relic","Relic","Card","Relic"],"build_version":"2020-12-13","purchased_purges":2,"victory":true,"max_hp_per_floor":[66,66,73,73,73,73,73,73,73,73,73,73,73,73,73,73,73,73,73,73,73,73,75,75,75,75,75,75,75,75,75,75,75,75,75,75,77,77,79,79,81,83,83,90,90,92,92,92,92,92,92,92,92,92,94,94],"relic_stats":{"Lee\u0027s Waffle":61,"Regal Pillow":0,"Singing Bowl":14,"counters":[23,81],"Golden Idol":184,"Juzu Bracelet":1,"Bag of Preparation":[26],"War Paint":["Crippling Poison","Survivor"],"Tough Bandages":[318],"Nunchaku":[1],"Bronze Scales":[211],"Pantograph":25,"HandDrill":[32],"Nloth\u0027s Gift":3,"obtain_stats":[{"Darkstone Periapt":29,"Regal Pillow":47,"Singing Bowl":23,"Enchiridion":24,"Juzu Bracelet":14,"Bag of Preparation":28,"Tough Bandages":30,"Nunchaku":55,"DollysMirror":30,"Strawberry":44,"Pantograph":54,"HandDrill":21,"Ring of the Snake":0,"Runic Pyramid":34,"Potion Belt":30,"Lee\u0027s Waffle":3,"The Specimen":36,"Golden Idol":8,"Oddly Smooth Stone":54,"War Paint":38,"Akabeko":43,"Bronze Scales":9,"Coffee Dripper":17,"Nloth\u0027s Gift":31,"Membership Card":2,"Ring of the Serpent":0},{"Darkstone Periapt":10,"Regal Pillow":18,"Singing Bowl":8,"Enchiridion":8,"Juzu Bracelet":4,"Bag of Preparation":10,"Tough Bandages":10,"Nunchaku":22,"DollysMirror":10,"Strawberry":16,"Pantograph":21,"HandDrill":7,"Ring of the Snake":0,"Runic Pyramid":11,"Potion Belt":10,"Lee\u0027s Waffle":2,"The Specimen":13,"Golden Idol":3,"Oddly Smooth Stone":21,"War Paint":14,"Akabeko":16,"Bronze Scales":3,"Coffee Dripper":5,"Nloth\u0027s Gift":10,"Membership Card":2,"Ring of the Serpent":0},{"Darkstone Periapt":38,"Regal Pillow":61,"Singing Bowl":32,"Enchiridion":32,"Juzu Bracelet":17,"Bag of Preparation":38,"Tough Bandages":38,"Nunchaku":75,"DollysMirror":38,"Strawberry":57,"Pantograph":73,"HandDrill":28,"Ring of the Snake":0,"Runic Pyramid":44,"Potion Belt":38,"Lee\u0027s Waffle":8,"The Specimen":51,"Golden Idol":11,"Oddly Smooth Stone":73,"War Paint":53,"Akabeko":57,"Bronze Scales":11,"Coffee Dripper":22,"Nloth\u0027s Gift":38,"Membership Card":8,"Ring of the Serpent":0}]},"card_choices":[{"not_picked":["Bane","Predator"],"picked":"Bouncing Flask","floor":1},{"not_picked":["Bane","Flying Knee","Dodge and Roll"],"picked":"SKIP","floor":2},{"not_picked":["Deadly Poison","Outmaneuver"],"picked":"Dagger Throw","floor":6},{"not_picked":["Deflect","Flying Knee"],"picked":"Die Die Die","floor":14},{"not_picked":["Night Terror","Storm of Steel"],"picked":"Tools of the Trade","floor":16},{"not_picked":["Deadly Poison","Dodge and Roll+1","Predator"],"picked":"SKIP","floor":18},{"not_picked":["Terror","Concentrate"],"picked":"Crippling Poison","floor":19},{"not_picked":["Deadly Poison","Prepared+1","Backstab"],"picked":"Singing Bowl","floor":23},{"not_picked":["Quick Slash","Blade Dance"],"picked":"Escape Plan+1","floor":27},{"not_picked":["Escape Plan","Predator"],"picked":"Eviscerate","floor":28},{"not_picked":["Corpse Explosion","Adrenaline"],"picked":"Grand Finale","floor":33},{"not_picked":["Calculated Gamble","Blade Dance"],"picked":"Prepared","floor":35},{"not_picked":["Quick Slash","Flying Knee"],"picked":"Footwork+1","floor":36},{"not_picked":["Night Terror","Reflex+1","Eviscerate"],"picked":"Singing Bowl","floor":37},{"not_picked":["Terror","Corpse Explosion","Skewer"],"picked":"Singing Bowl","floor":39},{"not_picked":["Deflect","PiercingWail","Cloak And Dagger"],"picked":"Singing Bowl","floor":41},{"not_picked":["Madness","Apotheosis","Bandage Up"],"picked":"Singing Bowl","floor":42},{"not_picked":["Dodge and Roll","Catalyst","Dagger Spray"],"picked":"Singing Bowl","floor":46},{"not_picked":["Caltrops+1","Quick Slash"],"picked":"Grand Finale","floor":47},{"not_picked":["Riddle With Holes","Infinite Blades"],"picked":"Footwork+1","floor":48},{"not_picked":["Blur","Well Laid Plans","Tools of the Trade"],"picked":"Singing Bowl","floor":55}],"player_experience":498805,"relics_obtained":[{"floor":9,"key":"Bronze Scales"},{"floor":14,"key":"Juzu Bracelet"},{"floor":23,"key":"Singing Bowl"},{"floor":24,"key":"Enchiridion"},{"floor":28,"key":"Bag of Preparation"},{"floor":36,"key":"The Specimen"},{"floor":38,"key":"War Paint"},{"floor":43,"key":"Akabeko"},{"floor":47,"key":"Regal Pillow"},{"floor":55,"key":"Nunchaku"}],"event_choices":[{"cards_removed":["Strike_G"],"damage_healed":0,"gold_gain":0,"player_choice":"Card Removal","damage_taken":0,"max_hp_gain":0,"max_hp_loss":0,"event_name":"The Cleric","floor":4,"gold_loss":75},{"damage_healed":0,"gold_gain":0,"cards_transformed":["Defend_G"],"player_choice":"Change","damage_taken":0,"max_hp_gain":0,"max_hp_loss":0,"event_name":"Living Wall","floor":5,"gold_loss":0,"cards_obtained":["Tactician"]},{"damage_healed":0,"gold_gain":0,"player_choice":"Take Damage","damage_taken":25,"relics_obtained":["Golden Idol"],"max_hp_gain":0,"max_hp_loss":0,"event_name":"Golden Idol","floor":8,"gold_loss":0},{"damage_healed":24,"gold_gain":0,"player_choice":"Banana","damage_taken":0,"max_hp_gain":0,"max_hp_loss":0,"event_name":"Big Fish","floor":12,"gold_loss":0},{"damage_healed":0,"gold_gain":50,"player_choice":"Stole From Cult","damage_taken":0,"max_hp_gain":0,"max_hp_loss":0,"event_name":"Nest","floor":20,"gold_loss":0},{"damage_healed":0,"gold_gain":0,"player_choice":"Simplicity","damage_taken":0,"max_hp_gain":0,"max_hp_loss":0,"event_name":"Back to Basics","floor":22,"gold_loss":0,"cards_upgraded":[]},{"damage_healed":0,"gold_gain":0,"player_choice":"Obtained Book","damage_taken":21,"max_hp_gain":0,"max_hp_loss":0,"event_name":"Cursed Tome","floor":24,"gold_loss":0},{"damage_healed":0,"gold_gain":0,"player_choice":"Obtained Relic","damage_taken":0,"relics_obtained":["Darkstone Periapt"],"max_hp_gain":0,"max_hp_loss":0,"event_name":"Addict","floor":29,"gold_loss":85},{"damage_healed":0,"gold_gain":0,"player_choice":"Traded Relic","damage_taken":0,"relics_obtained":["Nloth\u0027s Gift"],"max_hp_gain":0,"max_hp_loss":0,"event_name":"N\u0027loth","floor":31,"relics_lost":["Darkstone Periapt"],"gold_loss":0},{"damage_healed":0,"gold_gain":0,"player_choice":"Fight","damage_taken":0,"max_hp_gain":0,"max_hp_loss":0,"event_name":"Mysterious Sphere","floor":36,"gold_loss":0},{"damage_healed":0,"gold_gain":0,"player_choice":"Memory 1","damage_taken":0,"max_hp_gain":0,"max_hp_loss":0,"event_name":"SensoryStone","floor":42,"gold_loss":0},{"cards_removed":["Neutralize"],"damage_healed":0,"gold_gain":0,"player_choice":"Upgrade and Remove","damage_taken":0,"max_hp_gain":0,"max_hp_loss":0,"event_name":"Designer","floor":45,"gold_loss":110,"cards_upgraded":["Prepared"]}],"is_beta":false,"boss_relics":[{"not_picked":["Empty Cage","Calling Bell"],"picked":"Coffee Dripper"},{"not_picked":["SacredBark","Pandora\u0027s Box"],"picked":"Runic Pyramid"}],"items_purged_floors":[11,21],"is_endless":false,"potions_floor_spawned":[6,23,33,35,41,47,48],"ascension_level":20}}