{"host":"foq4mrde4mssg7vt","time":1608185075,"event":{"mods":["AchievementEnabler","BaseMod","Colored Map","Colored Powertips","Highlight Path","Minty Spire (QoL Compilation)","Relic Stats","everything is the same but u backflip on backflip"],"gold_per_floor":[117,132,151,1,12,46,146,171,195,223,239,255,155,172,172,272,272,291,311,238,35,46,72,72,100,153,188,206,206,206,233,233,334,334,352,352,362,362,381,381,415,431,454,486,89,89,89,122,122,122,122,122,51,81,81],"floor_reached":56,"playtime":2847,"items_purged":["Strike_P","Defend_P","Strike_P","Defend_P+1"],"score":2171,"play_id":"30ef7428-a5fa-40e4-8adc-cc10ad0fa143","local_time":"20201217140435","is_ascension_mode":true,"campfire_choices":[{"floor":15.0,"key":"REST"},{"data":"Adaptation","floor":24.0,"key":"SMITH"},{"data":"Eruption","floor":29.0,"key":"SMITH"},{"data":"LikeWater","floor":32.0,"key":"SMITH"},{"floor":40.0,"key":"RECALL"},{"floor":46.0,"key":"REST"},{"floor":49.0,"key":"REST"},{"floor":52.0,"key":"REST"}],"circlet_count":0,"master_deck":["AscendersBane","Strike_P+1","Defend_P+1","Eruption+1","Vigilance+1","CrushJoints+1","CutThroughFate+1","Wallop+1","FlurryOfBlows+1","Adaptation+1","DeceiveReality+1","EmptyBody+1","Meditate+1","LessonLearned+1","Consecrate+1","Tantrum+1","LikeWater+1","Blasphemy+1","DevaForm+1","Wallop+1","FearNoEvil+1","TalkToTheHand+1","Omniscience"],"relics":["Runic Pyramid","Oddly Smooth Stone","Blood Vial","PreservedInsect","War Paint","Sozu","Eternal Feather","FossilizedHelix","Nunchaku","Toy Ornithopter","Sundial","Empty Cage","Strawberry","Pen Nib","MawBank","Shuriken","Prayer Wheel","Mercury Hourglass"],"acts_visited":["Exordium","TheCity","TheBeyond","TheEnding"],"potions_floor_usage":[],"damage_taken":[{"damage":0.0,"enemies":"Cultist","floor":1.0,"turns":3.0},{"damage":12.0,"enemies":"2 Louse","floor":2.0,"turns":3.0},{"damage":0.0,"enemies":"Small Slimes","floor":3.0,"turns":4.0},{"damage":9.0,"enemies":"3 Louse","floor":5.0,"turns":4.0},{"damage":10.0,"enemies":"Gremlin Nob","floor":6.0,"turns":3.0},{"damage":13.0,"enemies":"3 Sentries","floor":8.0,"turns":6.0},{"damage":9.0,"enemies":"Gremlin Nob","floor":10.0,"turns":3.0},{"damage":5.0,"enemies":"Red Slaver","floor":11.0,"turns":3.0},{"damage":2.0,"enemies":"Exordium Thugs","floor":12.0,"turns":4.0},{"damage":4.0,"enemies":"Gremlin Gang","floor":14.0,"turns":7.0},{"damage":21.0,"enemies":"Slime Boss","floor":16.0,"turns":10.0},{"damage":3.0,"enemies":"3 Byrds","floor":18.0,"turns":5.0},{"damage":0.0,"enemies":"Spheric Guardian","floor":19.0,"turns":2.0},{"damage":0.0,"enemies":"3 Cultists","floor":22.0,"turns":4.0},{"damage":7.0,"enemies":"Gremlin Leader","floor":23.0,"turns":3.0},{"damage":21.0,"enemies":"Slavers","floor":25.0,"turns":5.0},{"damage":0.0,"enemies":"Book of Stabbing","floor":27.0,"turns":3.0},{"damage":0.0,"enemies":"Snecko","floor":28.0,"turns":3.0},{"damage":0.0,"enemies":"Slavers","floor":31.0,"turns":4.0},{"damage":0.0,"enemies":"Automaton","floor":33.0,"turns":8.0},{"damage":0.0,"enemies":"3 Shapes","floor":35.0,"turns":3.0},{"damage":18.0,"enemies":"3 Darklings","floor":37.0,"turns":4.0},{"damage":0.0,"enemies":"Jaw Worm Horde","floor":39.0,"turns":3.0},{"damage":0.0,"enemies":"Nemesis","floor":41.0,"turns":3.0},{"damage":0.0,"enemies":"Maw","floor":42.0,"turns":4.0},{"damage":0.0,"enemies":"Giant Head","floor":44.0,"turns":4.0},{"damage":0.0,"enemies":"Nemesis","floor":48.0,"turns":3.0},{"damage":18.0,"enemies":"Donu and Deca","floor":50.0,"turns":5.0},{"damage":6.0,"enemies":"Shield and Spear","floor":54.0,"turns":5.0},{"damage":22,"enemies":"The Heart","floor":55,"turns":9}],"seed_played":"2151605645338568244","potions_obtained":[{"floor":1.0,"key":"AttackPotion"},{"floor":2.0,"key":"Energy Potion"},{"floor":10.0,"key":"Block Potion"},{"floor":14.0,"key":"LiquidBronze"}],"is_trial":false,"path_per_floor":["M","M","M","$","M","E","?","E","T","E","M","M","$","M","R","B",null,"M","M","?","$","M","E","R","E","T","E","M","R","?","E","R","B",null,"M","?","M","?","M","R","E","M","T","E","$","R","$","E","R","B",null,"R","$","E","B",null],"character_chosen":"WATCHER","items_purchased":["Wallop","Tantrum","Shuriken","TalkToTheHand"],"campfire_rested":4,"item_purchase_floors":[4,21,45,53],"current_hp_per_floor":[65,53,53,53,44,34,34,21,21,14,11,11,11,9,30,11,57,56,58,58,58,60,55,64,45,45,47,49,61,61,63,72,72,72,72,72,54,54,56,68,77,79,79,79,79,79,79,79,79,61,75,79,79,73,53],"gold":81,"neow_bonus":"BOSS_RELIC","is_daily":false,"chose_seed":false,"campfire_upgraded":3,"win_rate":0.0,"timestamp":1608185075,"path_taken":["M","M","M","$","?","E","?","E","T","E","?","M","$","M","R","BOSS","M","M","?","?","M","E","R","E","T","E","M","R","?","E","R","BOSS","M","?","?","?","M","R","E","M","T","E","$","R","$","E","R","BOSS","R","$","E","BOSS"],"items_purchased_type":["Card","Card","Relic","Card"],"build_version":"2020-12-13","purchased_purges":4,"victory":true,"max_hp_per_floor":[72,72,72,72,72,72,72,72,72,72,72,72,72,72,72,72,72,72,72,72,72,72,72,72,72,72,72,72,72,72,72,72,72,72,72,72,72,72,72,72,79,79,79,79,79,79,79,79,79,79,79,79,79,79,79],"relic_stats":{"counters":[30,130],"Eternal Feather":46,"PreservedInsect":511,"Pen Nib":[10],"War Paint":["Defend_P","Defend_P"],"MawBank":12,"Mercury Hourglass":[27],"Blood Vial":34,"Sozu":8,"Nunchaku":[21],"Sundial":[6],"Shuriken":[25],"Prayer Wheel":0,"obtain_stats":[{"Oddly Smooth Stone":6,"Eternal Feather":20,"PreservedInsect":9,"Pen Nib":43,"War Paint":10,"Empty Cage":34,"MawBank":44,"Mercury Hourglass":54,"Blood Vial":8,"Sozu":17,"Nunchaku":25,"Sundial":31,"Shuriken":45,"Strawberry":41,"Prayer Wheel":48,"PureWater":0,"FossilizedHelix":23,"Toy Ornithopter":27,"Runic Pyramid":0},{"Oddly Smooth Stone":5,"Eternal Feather":13,"PreservedInsect":6,"Pen Nib":25,"War Paint":7,"Empty Cage":20,"MawBank":26,"Mercury Hourglass":29,"Blood Vial":6,"Sozu":11,"Nunchaku":16,"Sundial":19,"Shuriken":26,"Strawberry":24,"Prayer Wheel":27,"PureWater":0,"FossilizedHelix":15,"Toy Ornithopter":17,"Runic Pyramid":0},{"Oddly Smooth Stone":17,"Eternal Feather":57,"PreservedInsect":23,"Pen Nib":104,"War Paint":26,"Empty Cage":87,"MawBank":108,"Mercury Hourglass":121,"Blood Vial":23,"Sozu":50,"Nunchaku":69,"Sundial":79,"Shuriken":108,"Strawberry":100,"Prayer Wheel":111,"PureWater":0,"FossilizedHelix":64,"Toy Ornithopter":72,"Runic Pyramid":0}],"Toy Ornithopter":0},"card_choices":[{"not_picked":["JustLucky","Meditate"],"picked":"CrushJoints","floor":1.0},{"not_picked":["Prostrate","Sanctity","EmptyMind"],"picked":"SKIP","floor":2.0},{"not_picked":["ThirdEye","Halt"],"picked":"CutThroughFate","floor":3.0},{"not_picked":["Indignation","Ragnarok"],"picked":"FlurryOfBlows","floor":5.0},{"not_picked":["BowlingBash","Weave","Nirvana"],"picked":"SKIP","floor":6.0},{"not_picked":["CutThroughFate","WreathOfFlame"],"picked":"Adaptation","floor":8.0},{"not_picked":["Wireheading","ClearTheMind"],"picked":"DeceiveReality","floor":10.0},{"not_picked":["PathToVictory","CutThroughFate"],"picked":"EmptyBody","floor":11.0},{"not_picked":["FlyingSleeves","Study","SignatureMove"],"picked":"SKIP","floor":12.0},{"not_picked":["Indignation","Worship"],"picked":"Meditate","floor":14.0},{"not_picked":["SpiritShield","Ragnarok"],"picked":"LessonLearned","floor":16.0},{"not_picked":["BowlingBash","JustLucky+1"],"picked":"Consecrate","floor":18.0},{"not_picked":["ThirdEye","Weave","Protect"],"picked":"SKIP","floor":19.0},{"not_picked":["Tantrum","Brilliance","ClearTheMind"],"picked":"SKIP","floor":22.0},{"not_picked":["BowlingBash","Pray","ConjureBlade"],"picked":"SKIP","floor":23.0},{"not_picked":["FlyingSleeves","PathToVictory","FollowUp"],"picked":"SKIP","floor":25.0},{"not_picked":["BattleHymn","FollowUp+1"],"picked":"LikeWater","floor":27.0},{"not_picked":["Sanctity","ClearTheMind","Protect"],"picked":"SKIP","floor":28.0},{"not_picked":["ConjureBlade","Adaptation","BowlingBash"],"picked":"SKIP","floor":31.0},{"not_picked":["Judgement","Vault"],"picked":"Blasphemy","floor":33.0},{"not_picked":["Vengeance","ClearTheMind+1","FollowUp"],"picked":"SKIP","floor":35.0},{"not_picked":["Crescendo","Evaluate"],"picked":"DevaForm","floor":37.0},{"not_picked":["Consecrate","FlyingSleeves","FollowUp+1"],"picked":"SKIP","floor":39.0},{"not_picked":["SashWhip","FlyingSleeves","EmptyFist"],"picked":"SKIP","floor":41.0},{"not_picked":["Halt","Prostrate","CrushJoints"],"picked":"SKIP","floor":42.0},{"not_picked":["JustLucky","SashWhip"],"picked":"FearNoEvil+1","floor":44.0},{"not_picked":["ThirdEye","Alpha","Prostrate+1"],"picked":"SKIP","floor":48.0},{"not_picked":["Evaluate","FollowUp"],"picked":"Omniscience","floor":54.0}],"player_experience":188310,"relics_obtained":[{"floor":6.0,"key":"Oddly Smooth Stone"},{"floor":8.0,"key":"Blood Vial"},{"floor":9.0,"key":"PreservedInsect"},{"floor":10.0,"key":"War Paint"},{"floor":23.0,"key":"FossilizedHelix"},{"floor":25.0,"key":"Nunchaku"},{"floor":27.0,"key":"Toy Ornithopter"},{"floor":31.0,"key":"Sundial"},{"floor":41.0,"key":"Strawberry"},{"floor":43.0,"key":"Pen Nib"},{"floor":44.0,"key":"MawBank"},{"floor":48.0,"key":"Prayer Wheel"},{"floor":54.0,"key":"Mercury Hourglass"}],"event_choices":[{"damage_healed":0.0,"max_hp_gain":0.0,"max_hp_loss":0.0,"gold_gain":100.0,"event_name":"Golden Shrine","player_choice":"Pray","floor":7.0,"gold_loss":0.0,"damage_taken":0.0},{"damage_healed":0.0,"max_hp_gain":0.0,"max_hp_loss":0.0,"gold_gain":0.0,"event_name":"WeMeetAgain","player_choice":"Paid Gold","floor":20.0,"gold_loss":73.0,"damage_taken":0.0,"relics_obtained":["Eternal Feather"]},{"damage_healed":0.0,"max_hp_gain":0.0,"max_hp_loss":0.0,"gold_gain":0.0,"event_name":"Back to Basics","player_choice":"Simplicity","floor":30.0,"gold_loss":0.0,"damage_taken":0.0,"cards_upgraded":["Strike_P","Defend_P"]},{"damage_healed":0.0,"max_hp_gain":0.0,"max_hp_loss":0.0,"gold_gain":0.0,"event_name":"Accursed Blacksmith","player_choice":"Forge","floor":36.0,"gold_loss":0.0,"damage_taken":0.0,"cards_upgraded":["CrushJoints"]},{"damage_healed":0.0,"max_hp_gain":0.0,"max_hp_loss":0.0,"gold_gain":0.0,"event_name":"Duplicator","player_choice":"Copied","floor":38.0,"gold_loss":0.0,"damage_taken":0.0,"cards_obtained":["Wallop"]}],"is_beta":false,"boss_relics":[{"not_picked":["Calling Bell","Astrolabe"],"picked":"Sozu"},{"not_picked":["Philosopher\u0027s Stone","Velvet Choker"],"picked":"Empty Cage"}],"items_purged_floors":[4,13,21,45],"is_endless":false,"potions_floor_spawned":[1,2,5,10,14,18,19,28,31,37,41,42,44],"ascension_level":12}}