{"host":"qlo0xo0cdeotglqz","time":1608238588,"event":{"mods":["2.2 Compatiblity","Act Like it!","BaseMod","Bestiary","Better Third Choice","Clockwork Mod","Colored Map","DeckTracker","Downfall","Gremlin Mod","Infinite Spire","Jorbs\u0027s Wanderer Trilogy","Minty Spire (QoL Compilation)","Potionbrewer","Rare Cards Sparkle","Replay The Spire","StSLib","The Animator","The Blackbeard","The Blue Laboratory","The Cursed","The Forsaken","Uncapped"],"gold_per_floor":[99,129,129,129,92,2,48,48,63,63,85,103,121,144,164,276,276,336,24,66,66,66,85,110,110,110],"floor_reached":25,"playtime":2913,"items_purged":[],"score":269,"play_id":"1e4f400e-2b21-431d-aa2e-5f1a9a8a8cea","local_time":"20201217215628","is_ascension_mode":false,"campfire_choices":[{"floor":1,"key":"RECALL"},{"data":"hexamod:GhostOfSpireFuture","floor":3,"key":"SMITH"},{"data":"hexamod:GhostflameBarrier","floor":10,"key":"SMITH"},{"floor":21,"key":"REST"}],"circlet_count":0,"master_deck":["hexamod:Strike","hexamod:Strike","hexamod:Strike","hexamod:Strike","hexamod:Defend","hexamod:Defend","hexamod:Defend","hexamod:Defend","hexamod:Sear","hexamod:Float","hexamod:GhostOfSpireFuture+1","hexamod:ThirdSeal","hexamod:FirstSeal","hexamod:SpectersWail+1","hexamod:GhostShield","hexamod:GhostflameBarrier+1","hexamod:CatchUp","hexamod:SecondSeal","hexamod:ThirdSeal","hexamod:SpectersWail","hexamod:RadiantFlame","hexamod:RadiantFlame","hexamod:ThermalTransfer","hexamod:EtherealExpedition","hexamod:RadiantFlame","hexamod:SpectersWail","hexamod:GhostShield","hexamod:ThermalTransfer","hexamod:AdvancingGuard","hexamod:GhostOfSpireFuture","hexamod:FourthSeal","hexamod:WildfireWeapon","hexamod:VolcanoVisage","hexamod:HexaLevel","hexamod:AdvancingGuard","hexamod:BurningTouch+1","hexamod:ChargedBarrage","hexamod:ExtraCrispy","hexamod:Incineration","hexamod:CrushingStance","hexamod:AdvancingGuard","hexamod:Rewind","hexamod:EtherealExpedition+1","hexamod:TimeOfNeed","hexamod:Hexaguard","hexamod:HeatMetal+1","hexamod:RainOfEmbers"],"relics":["hexamod:SpiritBrand","downfall:HeartsMalice","ReplayFunnel","Philosopher\u0027s Stone","White Beast Statue","infinitespire:Beetle Shell"],"acts_visited":["Exordium","TheCity"],"potions_floor_usage":[23,23],"damage_taken":[{"damage":0,"enemies":"3 Sentries","floor":2,"turns":1},{"damage":0,"enemies":"Cultist","floor":4,"turns":1},{"damage":0,"enemies":"downfall:FleeingMerchant","floor":5,"turns":1},{"damage":7,"enemies":"downfall:FleeingMerchant","floor":6,"turns":4},{"damage":4,"enemies":"Small Slimes","floor":9,"turns":4},{"damage":0,"enemies":"2 Louse","floor":11,"turns":3},{"damage":8,"enemies":"Blue Slaver","floor":12,"turns":5},{"damage":12,"enemies":"3 Louse","floor":13,"turns":2},{"damage":15,"enemies":"Large Slime","floor":14,"turns":9},{"damage":10,"enemies":"Red Slaver","floor":15,"turns":4},{"damage":31,"enemies":"downfall:Silent","floor":16,"turns":11},{"damage":14,"enemies":"downfall:FleeingMerchant","floor":19,"turns":4},{"damage":47,"enemies":"Nightmare","floor":20,"turns":10},{"damage":47,"enemies":"3 Byrds","floor":23,"turns":5},{"damage":37,"enemies":"Gremlin Leader","floor":25,"turns":4}],"seed_played":"-4202694488822139019","potions_obtained":[{"floor":9,"key":"BlessingOfTheForge"},{"floor":11,"key":"sneckomod:MuddlingPotion"},{"floor":12,"key":"potionbrewer:InfectionPotion"},{"floor":14,"key":"blueLaboratory:PhilterOfMotion"},{"floor":16,"key":"blueLaboratory:FruitPunch"},{"floor":20,"key":"Regen Potion"},{"floor":23,"key":"potionbrewer:MidasPotion"}],"is_trial":false,"path_per_floor":["R","E","R","M","$","$","T","?","M","R","M","M","M","M","M","B",null,"R_BF","$","NM","R","?","M","T","E"],"character_chosen":"THE_SPIRIT","items_purchased":["hexamod:SpectersWail+1","hexamod:CatchUp","hexamod:ExtraCrispy","hexamod:Incineration","hexamod:CrushingStance","hexamod:AdvancingGuard"],"campfire_rested":1,"item_purchase_floors":[5,6,19,19,19,19],"current_hp_per_floor":[70,70,70,70,70,70,70,70,70,70,70,69,57,49,46,22,70,70,56,16,37,60,31,31,0,0],"gold":110,"neow_bonus":"THREE_ENEMY_KILL","is_daily":false,"chose_seed":false,"campfire_upgraded":2,"win_rate":0.0,"timestamp":1608238588,"path_taken":["R","E","R","?","?","$","T","?","M","R","M","?","M","M","M","BOSS","R_BF","$","NM","R","?","M","T","E"],"items_purchased_type":["Card","Card","Card","Card","Card","Card"],"build_version":"2020-12-13","purchased_purges":0,"victory":false,"max_hp_per_floor":[70,70,70,70,70,70,70,70,70,70,70,70,70,70,70,70,70,70,70,70,70,70,72,72,72,72],"card_choices":[{"not_picked":["hexamod:Haunt","hexamod:FastForward"],"picked":"hexamod:GhostOfSpireFuture","floor":2},{"not_picked":["hexamod:FastForward","hexamod:RetreatToShadows"],"picked":"hexamod:ThirdSeal","floor":4},{"not_picked":["hexamod:SpectralAdrenaline","hexamod:DynamicBlow"],"picked":"hexamod:FirstSeal","floor":5},{"not_picked":["hexamod:GhostLash","hexamod:FirstSeal"],"picked":"hexamod:GhostShield","floor":6},{"not_picked":["hexamod:GhostShield","hexamod:SkipABeat"],"picked":"hexamod:GhostflameBarrier","floor":6},{"not_picked":["hexamod:HeatCrush","hexamod:Firestarter"],"picked":"hexamod:SecondSeal","floor":9},{"not_picked":["hexamod:NecessarySacrifice","hexamod:SpectralAdrenaline"],"picked":"hexamod:ThirdSeal","floor":11},{"not_picked":["hexamod:RainOfEmbers","hexamod:Hexaguard"],"picked":"hexamod:SpectersWail","floor":11},{"not_picked":["hexamod:RecurringNightmare","hexamod:SearingWound"],"picked":"hexamod:RadiantFlame","floor":12},{"not_picked":["hexamod:FastForward","hexamod:CatchUp"],"picked":"hexamod:RadiantFlame","floor":12},{"not_picked":["hexamod:GhostLash","hexamod:Firestarter"],"picked":"hexamod:ThermalTransfer","floor":12},{"not_picked":["hexamod:FastForward","hexamod:NightmareStrike"],"picked":"hexamod:EtherealExpedition","floor":13},{"not_picked":["hexamod:BacktrackSmack","hexamod:HauntingEcho"],"picked":"hexamod:RadiantFlame","floor":13},{"not_picked":["hexamod:SwordOfDarkness","hexamod:ShieldOfDarkness"],"picked":"hexamod:SpectersWail","floor":14},{"not_picked":["hexamod:HeatCrush","hexamod:Again"],"picked":"hexamod:GhostShield","floor":14},{"not_picked":["hexamod:HauntingEcho","hexamod:FastForward"],"picked":"hexamod:ThermalTransfer","floor":14},{"not_picked":["hexamod:DynamicBlow","hexamod:NightmareGuise"],"picked":"hexamod:AdvancingGuard","floor":15},{"not_picked":["hexamod:SwordOfDarkness","hexamod:GhostShield"],"picked":"hexamod:GhostOfSpireFuture","floor":15},{"not_picked":["hexamod:ChargedBarrage","hexamod:ShieldOfDarkness"],"picked":"hexamod:FourthSeal","floor":15},{"not_picked":["hexamod:TurnItUp","hexamod:EmpoweringStance"],"picked":"hexamod:WildfireWeapon","floor":16},{"not_picked":["hexamod:SearingWound","hexamod:TurnItUp"],"picked":"hexamod:VolcanoVisage","floor":16},{"not_picked":["hexamod:FifthSeal","hexamod:ParanormalForm"],"picked":"hexamod:HexaLevel","floor":16},{"not_picked":["hexamod:NightmareStrike","hexamod:NightmareGuise"],"picked":"hexamod:AdvancingGuard","floor":19},{"not_picked":["hexamod:InspiringFlames","hexamod:HeatCrush"],"picked":"hexamod:BurningTouch+1","floor":19},{"not_picked":["hexamod:BacktrackSmack","hexamod:Hexaguard"],"picked":"hexamod:ChargedBarrage","floor":19},{"not_picked":["hexamod:RainOfEmbers","hexamod:HauntingEcho"],"picked":"hexamod:Rewind","floor":20},{"not_picked":["hexamod:SwordOfDarkness","hexamod:SpectralAdrenaline"],"picked":"hexamod:EtherealExpedition+1","floor":20},{"not_picked":["hexamod:SearingWound","hexamod:SpectralAdrenaline"],"picked":"hexamod:TimeOfNeed","floor":20},{"not_picked":["hexamod:Firestarter","hexamod:RainOfEmbers"],"picked":"hexamod:Hexaguard","floor":23},{"not_picked":["hexamod:Again+1","hexamod:Hexaguard"],"picked":"hexamod:HeatMetal+1","floor":23},{"not_picked":["hexamod:NightmareStrike","hexamod:GhostLash"],"picked":"hexamod:RainOfEmbers","floor":23}],"player_experience":58319,"relics_obtained":[{"floor":2,"key":"ReplayFunnel"},{"floor":20,"key":"White Beast Statue"},{"floor":24,"key":"infinitespire:Beetle Shell"}],"event_choices":[{"damage_healed":0,"gold_gain":0,"player_choice":"Ignored","damage_taken":0,"max_hp_gain":0,"max_hp_loss":0,"event_name":"NoteForYourself","floor":8,"gold_loss":0},{"damage_healed":23,"gold_gain":0,"player_choice":"Heal","damage_taken":0,"max_hp_gain":0,"max_hp_loss":0,"event_name":"The Library","floor":22,"gold_loss":0}],"is_beta":false,"boss_relics":[{"not_picked":["Busted Crown","ChewingGum"],"picked":"Philosopher\u0027s Stone"}],"items_purged_floors":[],"is_endless":true,"potions_floor_spawned":[9,11,12,14,23],"killed_by":"Gremlin Leader","ascension_level":0}}