{"host":"ml80p9p157c7xd90","time":1608243258,"event":{"mods":["2.2 Compatiblity","Act Like it!","Ascension Unlocker","Aspiration","BaseMod","Better Altar","Better Match","Better Note","Better Sensory Stone","Better Skull","Better Third Choice","CapriCore","Colored Map","Conspire","Downfall","Friendly Minions","Gensokyo","Halation","Hubris","Infinite Spire","Minty Spire (QoL Compilation)","Pale of the Ancients","Replay The Spire","Shade Mod","StSLib","The Mystic","Wandering Minibosses"],"gold_per_floor":[99,99,24,24,49,23,49,83,8,34,50,35,20,20,133,207,207,207,219,245,245,295,295,349,364,381,306,306,306,406,406,406,406,424,496,496,496,496,496,445,545,545,569,589,589,615,963,977,995,166,176,176,176,207,20,20,20],"floor_reached":58,"playtime":5076,"items_purged":["Replay:Hysterical Blindness","hexamod:Haunted"],"score":2580,"play_id":"d484f4ab-b4d8-4ce3-ad14-f4816be8ff2d","local_time":"20201217151418","is_ascension_mode":true,"campfire_choices":[{"floor":1,"key":"RECALL"},{"data":"champ:Taunt","floor":3,"key":"SMITH"},{"data":"champ:EndlessRage","floor":9,"key":"SMITH"},{"data":"champ:HoldFirm","floor":21,"key":"SMITH"},{"data":"champ:EndlessRage","floor":23,"key":"SMITH"},{"data":"champ:CrookedStrike","floor":27,"key":"SMITH"},{"data":"champ:EnchantSword","floor":37,"key":"SMITH"},{"data":"infinitespire:Collect","floor":39,"key":"SMITH"},{"data":"Pot Of Greed","floor":42,"key":"SMITH"},{"data":"Pot Of Greed","floor":45,"key":"SMITH"},{"data":"champ:StanceDance","floor":56,"key":"SMITH"}],"circlet_count":0,"master_deck":["AscendersBane","champ:Strike+1","champ:Strike+1","champ:Strike+1","champ:Strike+1","champ:Defend+1","champ:Defend+1","champ:Defend+1","champ:Defend+1","champ:Execute","champ:Taunt+1","champ:EndlessRage+1","champ:BerserkersShout","champ:Encircle","Pot Of Greed","Pot Of Greed","champ:Backstep","champ:Shatter","champ:GutPunch","champ:BringItOn","champ:StanceDance","champ:AdrenalArmor","champ:HoldFirm+1","champ:RageSigil","champ:EndlessRage+1","Pot Of Greed+1","champ:GutPunch","champ:CrookedStrike+1","champ:EndlessRage+1","champ:EnragedBash","champ:EnchantSword+1","infinitespire:Collect+1","champ:AdrenalArmor","champ:BerserkersShout+1","champ:Encircle","Replay:Fractal Strike","champ:StanceDance+1","Pot Of Greed+1","champ:FocusedBerserking+1","champ:Lariat","champ:AdrenalArmor","Replay:SS_forest_6+1","champ:AdrenalArmor","champ:BerserkerStyle+1"],"relics":["champ:ChampionCrown","downfall:HeartsMalice","hubris:Towel","downfall:HeartBlessingRed","Juzu Bracelet","halation:SelfBoilingWater","ReplayTheSpireMod:Lightbulb","Grinning Jar","downfall:HeartBlessingGreen","Strawberry","hubris:Icosahedron","Cursed Key","Guardian:PocketSentry","downfall:HeartBlessingBlue","champ:BlackKnightHelmet","Frozen Egg 2","wanderingMiniBosses:OtherGremlinHorn","conspire:RunicOctahedron","infinitespire:EmpoweringShard","Turnip","Gremlin Food","hubris:FunFungus","Old Coin","hubris:MedicalManual","TungstenRod","Toy Ornithopter"],"acts_visited":["Exordium","TheCity","TheBeyond","TheEnding"],"potions_floor_usage":[16],"damage_taken":[{"damage":0,"enemies":"Lagavulin","floor":5,"turns":1},{"damage":0,"enemies":"downfall:FleeingMerchant","floor":6,"turns":1},{"damage":0,"enemies":"Gremlin Nob","floor":8,"turns":1},{"damage":10,"enemies":"Lagavulin","floor":10,"turns":5},{"damage":14,"enemies":"Jaw Worm","floor":11,"turns":2},{"damage":38,"enemies":"downfall:FleeingMerchant","floor":12,"turns":4},{"damage":15,"enemies":"downfall:FleeingMerchant","floor":13,"turns":4},{"damage":15,"enemies":"2 Louse","floor":15,"turns":2},{"damage":58,"enemies":"downfall:Silent","floor":16,"turns":6},{"damage":26,"enemies":"Shell Parasite","floor":19,"turns":4},{"damage":32,"enemies":"Gremlin Leader","floor":20,"turns":5},{"damage":48,"enemies":"Shelled Parasite and Fungi","floor":25,"turns":4},{"damage":53,"enemies":"Centurion and Healer","floor":26,"turns":6},{"damage":60,"enemies":"Centurion and Healer","floor":30,"turns":8},{"damage":17,"enemies":"Sentry and Sphere","floor":34,"turns":3},{"damage":31,"enemies":"downfall:Defect","floor":35,"turns":5},{"damage":10,"enemies":"downfall:FleeingMerchant","floor":40,"turns":2},{"damage":40,"enemies":"infinitespire:Three Voidlings","floor":41,"turns":2},{"damage":184,"enemies":"Nightmare_Alpha","floor":41,"turns":9},{"damage":38,"enemies":"3 Darklings","floor":44,"turns":3},{"damage":117,"enemies":"R_Hoarder","floor":46,"turns":6},{"damage":31,"enemies":"2 Orb Walkers","floor":47,"turns":2},{"damage":24,"enemies":"Orb Walker","floor":48,"turns":2},{"damage":88,"enemies":"Transient","floor":49,"turns":5},{"damage":13,"enemies":"3 Darklings","floor":51,"turns":2},{"damage":54,"enemies":"downfall:Ironclad","floor":52,"turns":6},{"damage":63,"enemies":"downfall:CharBossMerchant","floor":54,"turns":4},{"damage":149,"enemies":"downfall:NeowBoss","floor":57,"turns":13}],"seed_played":"-4037695292431820839","potions_obtained":[{"floor":5,"key":"Fire Potion"},{"floor":8,"key":"Venom Potion"},{"floor":16,"key":"champ:CounterPotion"},{"floor":19,"key":"champ:OpenerPotion"},{"floor":29,"key":"Flashbang"},{"floor":29,"key":"GamblersBrew"}],"is_trial":false,"path_per_floor":["R","?","R","?","E","$","T","E","R","E","M","$","$","?","M","B",null,"R_BF","M","E","R","?","R","T","M","M","R","?","?","?","PTL","PTL","?","M","B",null,"R","AVR","R","$","?","R","T","M","R","E","?","M","M","$","M","B",null,"E","$","R","B",null],"character_chosen":"THE_CHAMP","items_purchased":["champ:Encircle","champ:BerserkersShout+1","champ:Encircle","infinitespire:EmpoweringShard","hubris:MedicalManual","Replay:SS_forest_6+1","TungstenRod","champ:BerserkerStyle+1"],"campfire_rested":0,"item_purchase_floors":[6,40,40,40,50,50,50,55],"current_hp_per_floor":[73,73,73,47,47,47,47,47,47,57,54,59,64,64,53,35,75,75,77,88,88,88,88,88,88,88,98,98,98,98,98,98,98,95,98,98,98,98,98,98,89,89,89,98,98,98,98,98,98,98,98,98,98,98,98,98,98],"gold":20,"neow_bonus":"THREE_ENEMY_KILL","is_daily":false,"chose_seed":false,"campfire_upgraded":10,"win_rate":0.0,"timestamp":1608243258,"path_taken":["R","?","R","?","E","?","T","E","R","E","M","$","$","?","M","BOSS","R_BF","M","E","R","?","R","T","M","M","R","?","?","?","PTL","PTL","?","M","BOSS","R","AVR","R","$","?","R","T","M","R","E","?","M","M","$","M","BOSS","E","$","R","BOSS"],"items_purchased_type":["Card","Card","Card","Relic","Relic","Card","Relic","Card"],"build_version":"2020-12-13","purchased_purges":2,"victory":true,"max_hp_per_floor":[81,81,81,81,81,81,81,81,81,88,88,88,88,88,88,88,88,88,88,88,88,88,88,88,88,88,98,98,98,98,98,98,98,98,98,98,98,98,98,98,98,98,98,98,98,98,98,98,98,98,98,98,98,98,98,98,98],"card_choices":[{"not_picked":["champ:CalledShot","champ:FaceSlap"],"picked":"champ:EndlessRage","floor":5},{"not_picked":["champ:SkillfulDodge","champ:LastStand"],"picked":"champ:BerserkersShout","floor":6},{"not_picked":["champ:PerfectedStrike","champ:GladiatorStyle"],"picked":"champ:Backstep","floor":8},{"not_picked":["champ:CalledShot","champ:Aggression"],"picked":"champ:Shatter","floor":10},{"not_picked":["champ:SteelEdge","champ:ShieldSigil"],"picked":"champ:GutPunch","floor":11},{"not_picked":["champ:CrookedStrike","champ:FalseCounter"],"picked":"champ:BringItOn","floor":12},{"not_picked":["champ:FlashCut","champ:BringItOn"],"picked":"champ:StanceDance","floor":13},{"not_picked":["champ:FlashCut","champ:EnchantSword"],"picked":"champ:AdrenalArmor","floor":15},{"not_picked":["champ:StrikeOfGenius","champ:PerfectForm"],"picked":"champ:HoldFirm","floor":16},{"not_picked":["champ:DefensiveShout","champ:GladiatorsShout"],"picked":"champ:RageSigil","floor":19},{"not_picked":["champ:Riposte","champ:GladiatorsShout"],"picked":"champ:EndlessRage","floor":20},{"not_picked":["champ:Balance","champ:ArenaPreparation"],"picked":"champ:GutPunch","floor":25},{"not_picked":["champ:ViciousMockery+1","champ:BladeFlurry"],"picked":"champ:CrookedStrike","floor":26},{"not_picked":["champ:TornadoPunch","champ:FocusedDefense"],"picked":"champ:EndlessRage+1","floor":30},{"not_picked":["champ:BladeFlurry","champ:PerfectedStrike"],"picked":"champ:EnragedBash","floor":34},{"not_picked":["champ:MurderStrike","champ:ShieldThrow"],"picked":"champ:EnchantSword","floor":35},{"not_picked":["champ:DefensiveStyle+1","champ:EndlessRage+1"],"picked":"champ:AdrenalArmor","floor":40},{"not_picked":["infinitespire:FinalStrike","infinitespire:Oblivion"],"picked":"Replay:Fractal Strike","floor":41},{"not_picked":["champ:GladiatorsShout","champ:BringItOn"],"picked":"champ:StanceDance","floor":41},{"not_picked":["champ:BladeFlurry","champ:ShieldSigil"],"picked":"champ:FocusedBerserking+1","floor":44},{"not_picked":["champ:BladeFlurry","champ:BringItOn"],"picked":"champ:Lariat","floor":46},{"not_picked":["champ:Backstep+1","champ:SwordSigil","champ:CrookedStrike"],"picked":"SKIP","floor":48},{"not_picked":["champ:PreciseThrust","champ:StanceDance+1"],"picked":"champ:AdrenalArmor","floor":49},{"not_picked":["champ:FlashCut+1","champ:SkillfulDodge"],"picked":"champ:AdrenalArmor","floor":51},{"not_picked":["champ:DancingMaster+1","champ:SwordSigil","champ:EnragedBash"],"picked":"SKIP","floor":54}],"player_experience":499414,"relics_obtained":[{"floor":5,"key":"halation:SelfBoilingWater"},{"floor":7,"key":"ReplayTheSpireMod:Lightbulb"},{"floor":8,"key":"Grinning Jar"},{"floor":10,"key":"Strawberry"},{"floor":20,"key":"Guardian:PocketSentry"},{"floor":30,"key":"champ:BlackKnightHelmet"},{"floor":30,"key":"Frozen Egg 2"},{"floor":30,"key":"wanderingMiniBosses:OtherGremlinHorn"},{"floor":41,"key":"Turnip"},{"floor":43,"key":"Gremlin Food"},{"floor":46,"key":"hubris:FunFungus"},{"floor":47,"key":"Old Coin"},{"floor":54,"key":"Toy Ornithopter"}],"event_choices":[{"damage_healed":0,"gold_gain":0,"player_choice":"Relic ","damage_taken":26,"max_hp_gain":0,"max_hp_loss":0,"event_name":"betterThird:BetterScrap","floor":4,"gold_loss":0,"cards_obtained":["hubris:Counter"]},{"damage_healed":0,"gold_gain":0,"player_choice":"Got Potions","damage_taken":0,"max_hp_gain":0,"max_hp_loss":0,"event_name":"Lab","floor":29,"gold_loss":0},{"damage_healed":0,"gold_gain":0,"player_choice":"Simplicity","damage_taken":0,"max_hp_gain":0,"max_hp_loss":8,"event_name":"betterThird:BetterWriting","floor":33,"gold_loss":0},{"damage_healed":0,"gold_gain":0,"player_choice":"Fight","damage_taken":0,"max_hp_gain":0,"max_hp_loss":0,"event_name":"Mysterious Sphere","floor":47,"gold_loss":0}],"is_beta":false,"boss_relics":[{"not_picked":["halation:ForbiddenBikini","hubris:RunicObelisk"],"picked":"Cursed Key"},{"not_picked":["aspiration:PoetsPen_weak","Painkiller Herb"],"picked":"conspire:RunicOctahedron"}],"items_purged_floors":[50,55],"is_endless":false,"potions_floor_spawned":[5,8,16,19,26,35,47,48,49,51],"ascension_level":20}}