{"host":"ec2wu4mdnvke243f","time":1608196431,"event":{"mods":["2.2 Compatiblity","AchievementEnabler","BaseMod","Defuse TimeMaze Blight","Downfall","Hermit","Infinite Spire","Minty Spire (QoL Compilation)","StSLib","The Cursed","The Disciple","The Jungle","The Servant 0.9.4"],"gold_per_floor":[99,99,112,140,140,159,209,209,209,209,219,231,141,158,170,170,170],"floor_reached":16,"playtime":755,"items_purged":[],"score":118,"play_id":"5b9cc046-e853-44f7-8621-e80353265d0a","local_time":"20201217101351","is_ascension_mode":true,"campfire_choices":[{"floor":1,"key":"RECALL"},{"floor":8,"key":"REST"},{"floor":10,"key":"REST"}],"circlet_count":0,"master_deck":["hermit:Strike_Hermit","hermit:Strike_Hermit","hermit:Strike_Hermit","hermit:Strike_Hermit","hermit:Defend_Hermit","hermit:Defend_Hermit","hermit:Defend_Hermit","hermit:Snapshot","hermit:Covet","Panacea","hermit:Maintenance","hermit:SprayPray","hermit:HighCaliber","hermit:Ricochet","hermit:LowProfile","hermit:SprayPray","hermit:Showdown","hermit:Misfire","hermit:HighNoon"],"relics":["hermit:Momento","CaptainsWheel","Potion Belt"],"acts_visited":["Exordium"],"potions_floor_usage":[9],"damage_taken":[{"damage":3,"enemies":"Small Slimes","floor":3,"turns":3},{"damage":22,"enemies":"3 Sentries","floor":4,"turns":9},{"damage":21,"enemies":"infinitespire:Voidling","floor":6,"turns":4},{"damage":18,"enemies":"Lagavulin","floor":9,"turns":5},{"damage":2,"enemies":"2 Louse","floor":11,"turns":2},{"damage":0,"enemies":"Exordium Wildlife","floor":12,"turns":4},{"damage":2,"enemies":"downfall:FleeingMerchant","floor":13,"turns":4},{"damage":2,"enemies":"3 Louse","floor":14,"turns":2},{"damage":2,"enemies":"Blue Slaver","floor":15,"turns":3},{"damage":35,"enemies":"downfall:Silent","floor":16,"turns":4}],"seed_played":"-7048915709854739650","potions_obtained":[{"floor":4,"key":"Fire Potion"},{"floor":6,"key":"SmokeBomb"},{"floor":11,"key":"hermit:BlackBile"},{"floor":15,"key":"hermit:Eclipse"}],"is_trial":false,"path_per_floor":["R","?","M","E","?","M","T","R","E","R","M","M","$","M","M","B"],"character_chosen":"HERMIT","items_purchased":["hermit:Showdown"],"campfire_rested":2,"item_purchase_floors":[13],"current_hp_per_floor":[75,75,72,50,32,11,11,33,15,37,35,35,33,31,29,0,0],"gold":170,"neow_bonus":"RANDOM_COLORLESS","is_daily":false,"chose_seed":false,"campfire_upgraded":0,"win_rate":0.0,"timestamp":1608196431,"path_taken":["R","?","?","E","?","M","T","R","E","R","M","M","$","M","M","BOSS"],"items_purchased_type":["Card"],"build_version":"2020-12-13","purchased_purges":0,"victory":false,"max_hp_per_floor":[75,75,75,75,75,75,75,75,75,75,75,75,75,75,75,75,75],"card_choices":[{"not_picked":["Dramatic Entrance","expansioncontent:DefensiveMode"],"picked":"Panacea","floor":0},{"not_picked":["hermit:Scavenge","hermit:PistolWhip"],"picked":"hermit:Maintenance","floor":3},{"not_picked":["hermit:Desperado","hermit:Vantage"],"picked":"hermit:SprayPray","floor":4},{"not_picked":["hermit:PistolWhip","hermit:Roulette"],"picked":"hermit:HighCaliber","floor":6},{"not_picked":["hermit:Horror","hermit:Quickdraw"],"picked":"hermit:Ricochet","floor":11},{"not_picked":["hermit:Snipe","hermit:LoneWolf"],"picked":"hermit:LowProfile","floor":12},{"not_picked":["hermit:Dive","hermit:Adapt"],"picked":"hermit:SprayPray","floor":13},{"not_picked":["hermit:Manifest","hermit:BodyArmor"],"picked":"hermit:Misfire","floor":14},{"not_picked":["hermit:LowProfile","hermit:Roulette"],"picked":"hermit:HighNoon","floor":15}],"player_experience":512635,"relics_obtained":[{"floor":4,"key":"CaptainsWheel"}],"event_choices":[{"cards_removed":["hermit:Defend_Hermit"],"damage_healed":0,"gold_gain":0,"player_choice":"Offered Basic","damage_taken":0,"max_hp_gain":0,"max_hp_loss":0,"event_name":"Bonfire Elementals","floor":2,"gold_loss":0},{"damage_healed":0,"gold_gain":0,"player_choice":"Success","damage_taken":18,"relics_obtained":["Potion Belt"],"max_hp_gain":0,"max_hp_loss":0,"event_name":"Scrap Ooze","floor":5,"gold_loss":0}],"is_beta":false,"boss_relics":[],"items_purged_floors":[],"is_endless":false,"potions_floor_spawned":[4,6,9,11,15],"killed_by":"downfall:Silent","ascension_level":1}}