{"host":"iy58fyt9wsbv4cf1","time":1608176260,"event":{"mods":["BaseMod","Better Altar","Better Match","Better Skull","Better Third Choice","BetterRewards","Conspire","Custom Start","Defuse TimeMaze Blight","Hubris","Infinite Spire","Minty Spire (QoL Compilation)","Permanent Neow","Quick Restart","Spicy Shops","StSLib"],"gold_per_floor":[113,132,132,147,179,179,739,739,765,778,790,816,816,835,835,937,937,957,974,489,504,504,504,516,516,516,516,516,540,566,578,578,683,683,695,711,726,776,776,801,801,822,822,595,623,644,359,359,359,363,363,363,215,250,256],"floor_reached":56,"playtime":2204,"items_purged":["Defend_R","Strike_R","Strike_R","Strike_R","Strike_R","Writhe","Reaper"],"score":1752,"play_id":"2d259df4-6f93-41e5-80f4-3d2b5cc246a4","local_time":"20201216223740","is_ascension_mode":false,"campfire_choices":[{"data":"Body Slam","floor":6.0,"key":"SMITH"},{"data":"Body Slam","floor":8.0,"key":"SMITH"},{"data":"Entrench","floor":15.0,"key":"SMITH"},{"data":"Barricade","floor":23.0,"key":"SMITH"},{"floor":32,"key":"RECALL"},{"data":"Offering","floor":41,"key":"SMITH"},{"data":"hubris:DuctTapeCard","floor":49,"key":"SMITH"},{"data":"hubris:DuctTapeCard","floor":52,"key":"SMITH"}],"circlet_count":0,"master_deck":["Defend_R+1","Defend_R","Defend_R+1","Bash","Entrench+1","Barricade+1","Shrug It Off","Body Slam+1","Body Slam+1","Shrug It Off+1","Thunderclap+1","Shrug It Off","hubris:DuctTapeCard+2","hubris:DuctTapeCard+2","Impatience"],"relics":["Burning Blood","Membership Card","Lee\u0027s Waffle","hubris:ToyBattleship","Vajra","TungstenRod","Sozu","Lantern","Bag of Marbles","infinitespire:Lucky Rock","Tiny Chest","conspire:TreasureMap","Ancient Tea Set","hubris:TenFootPole","hubris:CrystalStatue","PreservedInsect","infinitespire:Beetle Shell","hubris:RunicObelisk","Mango","hubris:Towel","infinitespire:Midas Blood","HandDrill","War Paint","hubris:DuctTape","DollysMirror","Sundial","Bag of Preparation"],"acts_visited":["Exordium","TheCity","TheBeyond","TheEnding"],"potions_floor_usage":[30],"damage_taken":[{"damage":2.0,"enemies":"2 Louse","floor":1.0,"turns":3.0},{"damage":5.0,"enemies":"Small Slimes","floor":2.0,"turns":4.0},{"damage":8.0,"enemies":"Jaw Worm","floor":4.0,"turns":5.0},{"damage":18.0,"enemies":"conspire:MimicChest","floor":5.0,"turns":6.0},{"damage":4.0,"enemies":"2 Fungi Beasts","floor":10.0,"turns":3.0},{"damage":3.0,"enemies":"Lots of Slimes","floor":11.0,"turns":5.0},{"damage":30.0,"enemies":"Gremlin Nob","floor":12.0,"turns":5.0},{"damage":2.0,"enemies":"Large Slime","floor":14.0,"turns":9.0},{"damage":17.0,"enemies":"The Guardian","floor":16.0,"turns":12.0},{"damage":5.0,"enemies":"Chosen","floor":18.0,"turns":3.0},{"damage":26.0,"enemies":"Spheric Guardian","floor":19.0,"turns":6.0},{"damage":6.0,"enemies":"3 Cultists","floor":21.0,"turns":5.0},{"damage":5.0,"enemies":"Centurion and Healer","floor":24.0,"turns":2.0},{"damage":5,"enemies":"Book of Stabbing","floor":30,"turns":3},{"damage":6,"enemies":"Shelled Parasite and Fungi","floor":31,"turns":3},{"damage":5,"enemies":"Collector","floor":33,"turns":2},{"damage":8,"enemies":"Orb Walker","floor":35,"turns":3},{"damage":10,"enemies":"3 Darklings","floor":36,"turns":3},{"damage":5,"enemies":"Jaw Worm Horde","floor":37,"turns":2},{"damage":29,"enemies":"Mind Bloom Boss Battle","floor":38,"turns":4},{"damage":39,"enemies":"Nemesis","floor":40,"turns":7},{"damage":5,"enemies":"Sphere and 2 Shapes","floor":42,"turns":4},{"damage":5,"enemies":"Giant Head","floor":45,"turns":4},{"damage":5,"enemies":"3 Darklings","floor":46,"turns":3},{"damage":10,"enemies":"hubris:GrandSnecko","floor":50,"turns":5},{"damage":10,"enemies":"Shield and Spear","floor":54,"turns":1},{"damage":50,"enemies":"The Heart","floor":55,"turns":8}],"seed_played":"-5957932065288711296","potions_obtained":[{"floor":2.0,"key":"Fire Potion"},{"floor":5.0,"key":"SteroidPotion"},{"floor":11.0,"key":"SpeedPotion"},{"floor":12.0,"key":"SkillPotion"},{"floor":16.0,"key":"Regen Potion"}],"is_trial":false,"path_per_floor":["M","M","?","M","?","R","?","R","T","M","M","E","?","M","R","B",null,"M","M","$","M","AVR","R","M","?","T","?","?","T","E","M","R","B",null,"M","M","M","?","?","E","R","M","T","$","E","M","$","?","R","B",null,"R","$","E","B",null],"character_chosen":"IRONCLAD","items_purchased":["Membership Card","Entrench","Barricade","Shrug It Off","Lee\u0027s Waffle","Lantern","Bag of Marbles","infinitespire:Lucky Rock","Tiny Chest","conspire:TreasureMap","HandDrill","War Paint","DollysMirror","Sundial","Impatience"],"campfire_rested":0,"item_purchase_floors":[0,0,0,0,0,20,20,20,20,20,44,44,47,47,53],"current_hp_per_floor":[87,87,87,85,73,73,27,27,27,29,41,22,22,32,32,26,87,87,67,67,77,77,77,78,78,78,78,78,78,79,86,86,87,87,85,83,84,78,78,52,52,53,53,53,61,83,83,83,83,86,101,101,101,97,53],"gold":256,"neow_bonus":"","is_daily":false,"chose_seed":false,"campfire_upgraded":7,"win_rate":0.0,"timestamp":1608176260,"path_taken":["M","M","?","M","?","R","?","R","T","M","?","E","?","M","R","BOSS","M","M","$","M","AVR","R","M","?","T","?","?","?","E","M","R","BOSS","M","M","M","?","?","E","R","M","T","$","E","M","$","?","R","BOSS","R","$","E","BOSS"],"items_purchased_type":["Relic","Card","Card","Card","Relic","Relic","Relic","Relic","Relic","Relic","Relic","Relic","Relic","Relic","Card"],"build_version":"2020-12-13","purchased_purges":7,"victory":true,"max_hp_per_floor":[87,87,87,87,87,87,87,87,87,87,87,87,87,87,87,87,87,87,87,87,87,87,87,87,87,87,87,87,87,87,87,87,87,87,87,87,87,101,101,101,101,101,101,101,101,101,101,101,101,101,101,101,101,101,101],"card_choices":[{"not_picked":["Warcry","Anger"],"picked":"Body Slam","floor":1.0},{"not_picked":["Corruption","Clothesline","True Grit"],"picked":"SKIP","floor":2.0},{"not_picked":["True Grit","Blood for Blood","Armaments"],"picked":"SKIP","floor":4.0},{"not_picked":["Clothesline","Wild Strike"],"picked":"Body Slam","floor":5.0},{"not_picked":["conspire:ExplosiveBarrier","Sentinel"],"picked":"Reaper","floor":10.0},{"not_picked":["Heavy Blade","Anger","Iron Wave"],"picked":"SKIP","floor":11.0},{"not_picked":["Rage","Iron Wave","Pummel"],"picked":"SKIP","floor":12.0},{"not_picked":["Rampage","Heavy Blade","Clash"],"picked":"SKIP","floor":14.0},{"not_picked":["conspire:Purge","Barricade"],"picked":"Offering","floor":16.0},{"not_picked":["Body Slam","Evolve"],"picked":"Shrug It Off+1","floor":18.0},{"not_picked":["Power Through","Heavy Blade+1","Warcry"],"picked":"SKIP","floor":19.0},{"not_picked":["Headbutt","Anger","Flame Barrier"],"picked":"SKIP","floor":21.0},{"not_picked":["Armaments","Rupture","Power Through"],"picked":"SKIP","floor":24.0},{"not_picked":["conspire:Charge+1","Warcry+1","Clothesline"],"picked":"SKIP","floor":30},{"not_picked":["Anger+1","Clothesline","conspire:Charge"],"picked":"SKIP","floor":31},{"not_picked":["Anger+1","Armaments+1","Heavy Blade+1"],"picked":"SKIP","floor":35},{"not_picked":["Clash","Power Through","Sentinel"],"picked":"SKIP","floor":36},{"not_picked":["Armaments","Feel No Pain"],"picked":"Thunderclap+1","floor":37},{"not_picked":["Thunderclap+1","conspire:ExplosiveBarrier+1","True Grit+1"],"picked":"SKIP","floor":40},{"not_picked":["Flame Barrier","Cleave"],"picked":"Shrug It Off","floor":42},{"not_picked":["conspire:Purge","Reckless Charge+1"],"picked":"hubris:SharpeningStone","floor":45},{"not_picked":["Flex","Headbutt+1","Sword Boomerang"],"picked":"SKIP","floor":46},{"not_picked":["hubris:ReadiedAction","Clash+1","Battle Trance"],"picked":"SKIP","floor":54}],"player_experience":80473,"relics_obtained":[{"floor":5.0,"key":"hubris:ToyBattleship"},{"floor":9.0,"key":"Vajra"},{"floor":12.0,"key":"TungstenRod"},{"floor":26.0,"key":"hubris:CrystalStatue"},{"floor":29.0,"key":"PreservedInsect"},{"floor":30,"key":"infinitespire:Beetle Shell"},{"floor":38,"key":"Mango"},{"floor":40,"key":"infinitespire:Midas Blood"},{"floor":45,"key":"hubris:DuctTape"},{"floor":54,"key":"Bag of Preparation"}],"event_choices":[{"damage_healed":0.0,"max_hp_gain":0.0,"max_hp_loss":0.0,"gold_gain":0.0,"event_name":"conspire:Investor","player_choice":"Leave","floor":3.0,"gold_loss":0.0,"damage_taken":0.0},{"damage_healed":0.0,"max_hp_gain":0.0,"max_hp_loss":0.0,"gold_gain":560.0,"event_name":"betterSkull:BetterSkull","player_choice":"GO GO GO GO GO ","floor":7.0,"gold_loss":0.0,"damage_taken":51.0,"cards_upgraded":[],"relics_obtained":[]},{"damage_healed":0.0,"max_hp_gain":0.0,"max_hp_loss":0.0,"gold_gain":0.0,"event_name":"Golden Idol","player_choice":"Ignored","floor":13.0,"gold_loss":0.0,"damage_taken":0.0},{"damage_healed":0.0,"max_hp_gain":0.0,"max_hp_loss":0.0,"gold_gain":0.0,"event_name":"The Mausoleum","player_choice":"Opened","floor":25.0,"gold_loss":0.0,"damage_taken":0.0,"relics_obtained":["hubris:TenFootPole"],"cards_obtained":["Writhe"]},{"damage_healed":0.0,"max_hp_gain":0.0,"max_hp_loss":0.0,"gold_gain":0.0,"event_name":"Vampires","player_choice":"Ignored","floor":27.0,"gold_loss":0.0,"damage_taken":0.0},{"cards_removed":["Strike_R"],"damage_healed":0.0,"max_hp_gain":0.0,"max_hp_loss":0.0,"gold_gain":0.0,"event_name":"betterThird:BetterWriting","player_choice":"Elegance","floor":28.0,"gold_loss":0.0,"damage_taken":0.0},{"damage_healed":0,"gold_gain":0,"player_choice":"Fight","damage_taken":0,"max_hp_gain":0,"max_hp_loss":0,"event_name":"MindBloom","floor":38,"gold_loss":0}],"is_beta":false,"boss_relics":[{"not_picked":["infinitespire:Cupcake","Pandora\u0027s Box"],"picked":"Sozu"},{"not_picked":["Mark of Pain","conspire:SeveredTorchhead"],"picked":"hubris:RunicObelisk"}],"items_purged_floors":[0,20,20,22,44,47,53],"is_endless":false,"potions_floor_spawned":[2,5,11,12,16,18,19,21,33,35,40,46],"ascension_level":0}}