{"host":"4pmzrw6j7p9u06vv","time":1608246982,"event":{"mods":["Act Like it!","BaseMod","BetterRewards","Downfall","Gensokyo","Hermit","MarisaÅiñ∂âJÅ@ñÇóùçπÅj","Minty Spire (QoL Compilation)","Replay The Spire","StSLib","The Jungle"],"gold_per_floor":[110,130,130,80,5,5,24,47,73,100,100,124,155,173,173,302,302,320,320,344,344,362,362,386,386,386,386,411,445,468,468,468,468,468],"floor_reached":33,"playtime":2099,"items_purged":["Strike_MRS"],"score":277,"play_id":"e5d6cdba-1f06-4cf3-b35d-1131b94362ca","local_time":"20201217201622","is_ascension_mode":false,"campfire_choices":[{"data":"MasterSpark","floor":6.0,"key":"SMITH"},{"floor":15.0,"key":"REST"},{"floor":23,"key":"REST"},{"floor":25,"key":"RECALL"},{"floor":27,"key":"REST"},{"floor":32,"key":"REST"}],"circlet_count":0,"master_deck":["Strike_MRS","Strike_MRS","Defend_MRS","Defend_MRS","Defend_MRS","MasterSpark+1","UpSweep","AlicesGift","NonDirectionalLaser","ManaRampage","FinalSpark","OortCloud","AbeCurse","ReplayTheSpireMod:Restless Dread"],"relics":["NeowsBlessing","m_SpellCore","Replay:Wax Seal","PreservedInsect","Golden Idol","Replay:Mystery Machine","Abe\u0027s Treasure","Oddly Smooth Stone","Incense Burner","Replay:Baseball","MutagenicStrength"],"acts_visited":["Exordium","TheCity"],"potions_floor_usage":[28,33,33,33],"damage_taken":[{"damage":0.0,"enemies":"Small Slimes","floor":1.0,"turns":1.0},{"damage":0.0,"enemies":"Jaw Worm","floor":2.0,"turns":1.0},{"damage":0.0,"enemies":"2 Louse","floor":7.0,"turns":1.0},{"damage":8.0,"enemies":"Replay:BlueRogue","floor":10.0,"turns":4.0},{"damage":8.0,"enemies":"Exordium Wildlife","floor":12.0,"turns":3.0},{"damage":20.0,"enemies":"Lagavulin","floor":13.0,"turns":5.0},{"damage":16.0,"enemies":"Lots of Slimes","floor":14.0,"turns":4.0},{"damage":36.0,"enemies":"Fading Forest","floor":16.0,"turns":11.0},{"damage":29.0,"enemies":"2 Thieves","floor":18.0,"turns":4.0},{"damage":17.0,"enemies":"3 Byrds","floor":20.0,"turns":4.0},{"damage":12,"enemies":"Centurion and Healer","floor":22,"turns":5},{"damage":11,"enemies":"Snake Plant","floor":24,"turns":3},{"damage":4,"enemies":"Cultist and Chosen","floor":28,"turns":5},{"damage":31,"enemies":"Slavers","floor":29,"turns":4},{"damage":4,"enemies":"Sentry and Sphere","floor":30,"turns":5},{"damage":39,"enemies":"Automaton","floor":33,"turns":6}],"seed_played":"-8372471056832821377","potions_obtained":[{"floor":10.0,"key":"Swift Potion"},{"floor":14.0,"key":"SkillPotion"},{"floor":16.0,"key":"DuplicationPotion"},{"floor":20.0,"key":"PowerPotion"},{"floor":22,"key":"Fire Potion"},{"floor":28,"key":"SteroidPotion"}],"is_trial":false,"path_per_floor":["M","M","?","?","$","R","M","T","T","E","?","M","E","M","R","B",null,"M","?","M","?","M","R","M","R","T","R","M","E","M","?","R","B"],"character_chosen":"MARISA","items_purchased":[],"campfire_rested":4,"item_purchase_floors":[],"current_hp_per_floor":[75,75,75,75,75,75,75,75,75,67,49,41,21,5,27,17,75,46,46,29,29,17,39,28,28,28,50,46,15,11,11,33,0,0],"gold":468,"neow_bonus":"THREE_ENEMY_KILL","is_daily":false,"chose_seed":false,"campfire_upgraded":1,"win_rate":0.0,"timestamp":1608246982,"path_taken":["M","M","?","?","$","R","M","?","T","E","?","M","E","M","R","BOSS","M","?","?","?","?","R","M","R","T","R","M","E","M","?","R","BOSS"],"items_purchased_type":[],"build_version":"2020-12-13","purchased_purges":1,"victory":false,"max_hp_per_floor":[75,75,75,75,75,75,75,75,75,75,75,75,75,75,75,75,75,75,75,75,75,75,75,75,75,75,75,75,75,75,75,75,75,75],"card_choices":[{"not_picked":["DC","MagicAbsorber"],"picked":"AlicesGift","floor":1.0},{"not_picked":["EnergyRecoil","EarthLightRay"],"picked":"NonDirectionalLaser","floor":2.0},{"not_picked":["StarlightTyphoon","Robbery","PropBag"],"picked":"SKIP","floor":7.0},{"not_picked":["MilkyWay","DC"],"picked":"ManaRampage","floor":10.0},{"not_picked":["BasicCrystalCard","UnstableBomb","NonDirectionalLaser"],"picked":"SKIP","floor":12.0},{"not_picked":["PowerUp","Recycle"],"picked":"FinalSpark","floor":13.0},{"not_picked":["UnstableBomb","Occultation"],"picked":"OortCloud","floor":14.0},{"not_picked":["ChargingUp","GrandCross","MysteriousBeam+1"],"picked":"SKIP","floor":18.0},{"not_picked":["OrrerysSun","6A","BlazeAway"],"picked":"SKIP","floor":20.0},{"not_picked":["NonDirectionalLaser","Aggregate+1","GalacticHalo"],"picked":"SKIP","floor":22},{"not_picked":["SporeBomb","IllusionStar+1","Capacitor+1"],"picked":"SKIP","floor":24},{"not_picked":["AlicesGift","ReplayRNGCard","StarlightTyphoon+1"],"picked":"SKIP","floor":28},{"not_picked":["WitchOfGreed","EarthLightRay","RefractionSpark"],"picked":"SKIP","floor":29},{"not_picked":["Replay:Spark Circuitry","MachineGunSpark","Stack+1"],"picked":"SKIP","floor":30}],"player_experience":44504,"relics_obtained":[{"floor":8.0,"key":"Replay:Wax Seal"},{"floor":10.0,"key":"PreservedInsect"},{"floor":13.0,"key":"Replay:Mystery Machine"},{"floor":26,"key":"Incense Burner"},{"floor":29,"key":"Replay:Baseball"}],"event_choices":[{"cards_removed":["Strike_MRS"],"damage_healed":0.0,"max_hp_gain":0.0,"max_hp_loss":0.0,"gold_gain":0.0,"event_name":"The Cleric","player_choice":"Card Removal","floor":4.0,"gold_loss":50.0,"damage_taken":0.0},{"damage_healed":0.0,"max_hp_gain":0.0,"max_hp_loss":0.0,"gold_gain":0.0,"event_name":"Golden Idol","player_choice":"Take Damage","floor":11.0,"gold_loss":0.0,"damage_taken":18.0,"relics_obtained":["Golden Idol"]},{"cards_removed":["Defend_MRS"],"damage_healed":0.0,"max_hp_gain":0.0,"max_hp_loss":0.0,"gold_gain":0.0,"event_name":"Purifier","player_choice":"Purged","floor":19.0,"gold_loss":0.0,"damage_taken":0.0},{"damage_healed":0,"gold_gain":0,"player_choice":"Inject Mutagens","damage_taken":0,"relics_obtained":["MutagenicStrength"],"max_hp_gain":0,"max_hp_loss":0,"event_name":"Drug Dealer","floor":31,"gold_loss":0}],"is_beta":false,"boss_relics":[{"not_picked":["Snecko Eye","Kintsugi"],"picked":"Abe\u0027s Treasure"}],"items_purged_floors":[5],"is_endless":false,"potions_floor_spawned":[10,14,16,20,22,24,28],"killed_by":"Automaton","ascension_level":0}}