{"host":"k5dhp0bkccqfauyu","time":1608201355,"event":{"mods":["BaseMod","Better Note","Better Skull","Better Vampires","Colored Map","Colored Powertips","DeckTracker","Minty Spire (QoL Compilation)","Permanent Neow","StSLib","SuperFastMode"],"gold_per_floor":[111,12,26,37,47,47,77,77,77,106,121,121,38,66,66,144,144,161,3,3,3,3,33,44,69,69,69,69],"floor_reached":27,"playtime":844,"items_purged":["Regret"],"score":518,"play_id":"814835f9-da61-4c70-8185-e652f567bb56","local_time":"20201217213555","is_ascension_mode":true,"campfire_choices":[{"data":"Sunder","floor":6,"key":"SMITH"},{"data":"Zap","floor":8,"key":"SMITH"},{"data":"Consume","floor":12,"key":"SMITH"},{"data":"Capacitor","floor":15,"key":"SMITH"}],"circlet_count":0,"master_deck":["AscendersBane","Strike_B+1","Strike_B+1","Strike_B+1","Strike_B+1","Defend_B+1","Defend_B+1","Defend_B+1","Defend_B+1","Zap+1","Dualcast","Consume+1","Compile Driver","Capacitor+1","Sunder+1","Chill","Rebound","Ball Lightning","Cold Snap","Conserve Battery","Turbo","Core Surge","Glacier+1","Ghostly","Ghostly","Ghostly","Go for the Eyes","Capacitor"],"relics":["FrozenCore","Gambling Chip","Kunai","Peace Pipe","Torii","Odd Mushroom","Oddly Smooth Stone","Potion Belt","The Courier","CeramicFish"],"acts_visited":["Exordium","TheCity"],"potions_floor_usage":[7,14,23,25,27],"damage_taken":[{"damage":3,"enemies":"Cultist","floor":1,"turns":3},{"damage":1,"enemies":"Small Slimes","floor":3,"turns":4},{"damage":4,"enemies":"Jaw Worm","floor":4,"turns":4},{"damage":2,"enemies":"Looter","floor":5,"turns":4},{"damage":6,"enemies":"Gremlin Nob","floor":7,"turns":3},{"damage":11,"enemies":"Lagavulin","floor":10,"turns":6},{"damage":0,"enemies":"3 Louse","floor":11,"turns":2},{"damage":0,"enemies":"The Mushroom Lair","floor":14,"turns":2},{"damage":5,"enemies":"Hexaghost","floor":16,"turns":8},{"damage":2,"enemies":"Spheric Guardian","floor":18,"turns":7},{"damage":11,"enemies":"Gremlin Leader","floor":23,"turns":8},{"damage":0,"enemies":"Chosen","floor":24,"turns":5},{"damage":16,"enemies":"Slavers","floor":25,"turns":6},{"damage":18,"enemies":"Book of Stabbing","floor":27,"turns":7}],"seed_played":"3729558528091962560","potions_obtained":[{"floor":1,"key":"AttackPotion"},{"floor":3,"key":"PowerPotion"},{"floor":5,"key":"Fruit Juice"},{"floor":10,"key":"DistilledChaos"},{"floor":14,"key":"Explosive Potion"},{"floor":24,"key":"SteroidPotion"}],"is_trial":false,"path_per_floor":["M","$","M","M","M","R","E","R","T","E","M","R","$","?","R","B",null,"M","$","?","?","?","E","M","E","T","E"],"character_chosen":"DEFECT","items_purchased":["Compile Driver","Cold Snap","Conserve Battery","Oddly Smooth Stone"],"campfire_rested":0,"item_purchase_floors":[2,13,13,19],"current_hp_per_floor":[61,61,60,56,54,54,48,48,48,37,37,37,37,37,37,32,61,59,59,59,35,35,24,24,8,8,0,0],"gold":69,"neow_bonus":"ONE_RARE_RELIC","is_daily":false,"chose_seed":false,"campfire_upgraded":4,"win_rate":0.0,"timestamp":1608201355,"path_taken":["M","$","M","M","?","R","E","R","T","E","?","R","?","?","R","BOSS","M","$","?","?","?","E","M","E","T","E"],"items_purchased_type":["Card","Card","Card","Relic"],"build_version":"2020-12-13","purchased_purges":1,"victory":false,"max_hp_per_floor":[71,71,71,71,71,71,71,71,71,71,71,71,71,71,71,71,71,71,71,71,35,35,35,35,35,35,40,40],"card_choices":[{"not_picked":["Gash","Turbo"],"picked":"Consume","floor":1},{"not_picked":["Compile Driver","Go for the Eyes"],"picked":"Capacitor","floor":3},{"not_picked":["Stack","Force Field"],"picked":"Sunder","floor":4},{"not_picked":["Reprogram","Reinforced Body"],"picked":"Chill","floor":5},{"not_picked":["Go for the Eyes","Chaos"],"picked":"Rebound","floor":7},{"not_picked":["Rebound","Tempest","Streamline"],"picked":"SKIP","floor":10},{"not_picked":["Streamline","Multi-Cast"],"picked":"Ball Lightning","floor":11},{"not_picked":["Fusion","Doom and Gloom"],"picked":"Turbo","floor":14},{"not_picked":["All For One","Biased Cognition"],"picked":"Core Surge","floor":16},{"not_picked":["Rip and Tear","Turbo"],"picked":"Glacier+1","floor":18},{"not_picked":["Beam Cell","Hello World"],"picked":"Go for the Eyes","floor":23},{"not_picked":["Glacier","Conserve Battery","Stack+1"],"picked":"SKIP","floor":24},{"not_picked":["Chaos","Defragment"],"picked":"Capacitor","floor":25}],"player_experience":1769165,"relics_obtained":[{"floor":7,"key":"Kunai"},{"floor":9,"key":"Peace Pipe"},{"floor":10,"key":"Torii"},{"floor":14,"key":"Odd Mushroom"},{"floor":23,"key":"Potion Belt"},{"floor":25,"key":"The Courier"},{"floor":26,"key":"CeramicFish"}],"event_choices":[{"damage_healed":0,"gold_gain":0,"player_choice":"Fought Mushrooms","damage_taken":0,"max_hp_gain":0,"max_hp_loss":0,"event_name":"Mushrooms","floor":14,"gold_loss":0},{"damage_healed":0,"gold_gain":0,"player_choice":"Ignored","damage_taken":0,"max_hp_gain":0,"max_hp_loss":0,"event_name":"Vampires","floor":20,"gold_loss":0},{"damage_healed":0,"gold_gain":0,"player_choice":"Became a Ghost","damage_taken":0,"max_hp_gain":0,"max_hp_loss":36,"event_name":"Ghosts","floor":21,"gold_loss":0,"cards_obtained":["Ghostly","Ghostly","Ghostly"]},{"damage_healed":0,"gold_gain":0,"player_choice":"Simplicity","damage_taken":0,"max_hp_gain":0,"max_hp_loss":0,"event_name":"Back to Basics","floor":22,"gold_loss":0,"cards_upgraded":["Strike_B","Strike_B","Strike_B","Strike_B","Defend_B","Defend_B","Defend_B","Defend_B"]}],"is_beta":false,"boss_relics":[{"not_picked":["SlaversCollar","Busted Crown"],"picked":"FrozenCore"}],"items_purged_floors":[2],"is_endless":false,"potions_floor_spawned":[1,3,5,10,14,24],"killed_by":"Book of Stabbing","ascension_level":20}}