{"host":"wonp23fsqqcu31ie","time":1608248232,"event":{"mods":["2.2 Compatiblity","AchievementEnabler","Aspiration","BaseMod","Bestiary","Better Altar","Better Match","Better Sensory Stone","Better Skull","Better Third Choice","BetterRewards","Block Reminder","Colored Map","Colored Powertips","Conspire","DeckTracker","Displayed Cursed Tome","Downfall","Hermit","Highlight Path","Hubris","Minty Spire (QoL Compilation)","Permanent Neow","Quick Restart","Rare Cards Sparkle","Relic Stats","Replay The Spire","Shade Mod","Shop Mod","StSLib","SuperFastMode","The Animator","The Cursed","The Gatherer","The Necromancer","The Runesmith","The Servant 0.9.4"],"gold_per_floor":[115,215,225,5,5,5,5],"floor_reached":6,"playtime":160,"items_purged":[],"score":37,"play_id":"6d1573d3-2c0e-4707-bbf6-82ce8b81a271","local_time":"20201218103712","is_ascension_mode":true,"campfire_choices":[],"circlet_count":0,"master_deck":["animator:Strike_Konosuba","animator:Defend_Konosuba","animator:Strike","animator:Strike","animator:Defend","animator:Defend","animator:Defend","animator:Kazuma","animator:Aqua","animator:Emonzaemon","animator:UneriGinkaku","animator:Shuna","animator:MisaKurobane"],"relics":["animator:LivingPicture","animator:TheMissingPiece","Membership Card","aspiration:FetidBarrel","MerchantsRug","aspiration:DSix","Replay:Kaleidoscope","HandDrill","hubris:SlimyHat","Orichalcum","Art of War"],"acts_visited":["Exordium"],"potions_floor_usage":[6],"damage_taken":[{"damage":0,"enemies":"Small Slimes","floor":1,"turns":5},{"damage":10,"enemies":"Cultist","floor":3,"turns":5},{"damage":35,"enemies":"Gremlin Nob","floor":6,"turns":4}],"seed_played":"-1655550480743643585","potions_obtained":[{"floor":1,"key":"SkillPotion"}],"is_trial":false,"path_per_floor":["M","?","M","$","?","E"],"character_chosen":"THE_ANIMATOR","items_purchased":["Membership Card","aspiration:FetidBarrel","MerchantsRug","HandDrill","hubris:SlimyHat","Orichalcum","Art of War","animator:Shuna","animator:MisaKurobane"],"campfire_rested":0,"item_purchase_floors":[0,0,0,0,0,4,4,4,4],"current_hp_per_floor":[37,37,29,29,29,0,0],"gold":5,"neow_bonus":"","is_daily":false,"chose_seed":false,"campfire_upgraded":0,"win_rate":0.0,"timestamp":1608248232,"path_taken":["M","?","?","$","?","E"],"items_purchased_type":["Relic","Relic","Relic","Relic","Relic","Relic","Relic","Card","Card"],"build_version":"2020-12-13","purchased_purges":0,"victory":false,"max_hp_per_floor":[66,66,66,66,66,66,66],"relic_stats":{"counters":[24,105],"HandDrill":[36],"Art of War":[0],"Orichalcum":[12],"obtain_stats":[{"animator:ShionDessert":49,"Singing Bowl":25,"animator:TheMissingPiece":0,"Juzu Bracelet":7,"hubris:SlimyHat":0,"Boot":23,"ClockworkSouvenir":48,"Nunchaku":26,"Matryoshka":9,"animator:PurgingStone":0,"Strawberry":0,"aspiration:ArtOfWarUpgrade":40,"HandDrill":0,"animator:HallowedScabbard":44,"aspiration:DSix":0,"MerchantsRug":0,"BargainBundle":21,"aspiration:FetidBarrel":0,"animator:BattleDrones":11,"Thread and Needle":0,"aspiration:SecretTechniqueScroll":34,"Replay:Kaleidoscope":0,"animator:WornHelmet":36,"Orichalcum":4,"WarpedTongs":28,"Busted Crown":17,"Bronze Scales":4,"animator:LivingPicture":0,"Garlic":0,"Art of War":30,"ReplayTheSpireMod:TigerMarble":43,"Membership Card":0,"Toy Ornithopter":26},{"animator:ShionDessert":20,"Singing Bowl":12,"animator:TheMissingPiece":0,"Juzu Bracelet":4,"hubris:SlimyHat":21,"Boot":11,"ClockworkSouvenir":20,"Nunchaku":12,"Matryoshka":4,"animator:PurgingStone":0,"Strawberry":0,"aspiration:ArtOfWarUpgrade":16,"HandDrill":0,"animator:HallowedScabbard":18,"aspiration:DSix":21,"MerchantsRug":0,"BargainBundle":9,"aspiration:FetidBarrel":21,"animator:BattleDrones":5,"Thread and Needle":0,"aspiration:SecretTechniqueScroll":14,"Replay:Kaleidoscope":21,"animator:WornHelmet":15,"Orichalcum":23,"WarpedTongs":12,"Busted Crown":7,"Bronze Scales":2,"animator:LivingPicture":0,"Garlic":0,"Art of War":13,"ReplayTheSpireMod:TigerMarble":17,"Membership Card":21,"Toy Ornithopter":12},{"animator:ShionDessert":85,"Singing Bowl":48,"animator:TheMissingPiece":0,"Juzu Bracelet":12,"hubris:SlimyHat":91,"Boot":45,"ClockworkSouvenir":85,"Nunchaku":48,"Matryoshka":12,"animator:PurgingStone":0,"Strawberry":0,"aspiration:ArtOfWarUpgrade":63,"HandDrill":0,"animator:HallowedScabbard":74,"aspiration:DSix":91,"MerchantsRug":0,"BargainBundle":39,"aspiration:FetidBarrel":91,"animator:BattleDrones":18,"Thread and Needle":0,"aspiration:SecretTechniqueScroll":59,"Replay:Kaleidoscope":91,"animator:WornHelmet":61,"Orichalcum":101,"WarpedTongs":48,"Busted Crown":32,"Bronze Scales":7,"animator:LivingPicture":0,"Garlic":0,"Art of War":52,"ReplayTheSpireMod:TigerMarble":68,"Membership Card":91,"Toy Ornithopter":48}]},"card_choices":[{"not_picked":["animator:Sonic","animator:WinryRockbell"],"picked":"animator:Emonzaemon","floor":1},{"not_picked":["animator:Genos","animator:ElricAlphonse"],"picked":"animator:UneriGinkaku","floor":3}],"player_experience":632936,"relics_obtained":[],"event_choices":[{"damage_healed":0,"gold_gain":100,"player_choice":"Pray","damage_taken":0,"max_hp_gain":0,"max_hp_loss":0,"event_name":"Golden Shrine","floor":2,"gold_loss":0},{"cards_removed":["animator:Strike"],"damage_healed":0,"gold_gain":0,"player_choice":"Offered Basic","damage_taken":0,"max_hp_gain":0,"max_hp_loss":0,"event_name":"Bonfire Elementals","floor":5,"gold_loss":0}],"is_beta":false,"boss_relics":[],"items_purged_floors":[],"is_endless":false,"potions_floor_spawned":[1],"killed_by":"Gremlin Nob","ascension_level":2}}