{"host":"cyiefo55v5hz1ih5","time":1608232663,"event":{"mods":["2.2 Compatiblity","AchievementEnabler","BaseMod","Downfall","GifTheSpireLib","Hubris","Minty Spire (QoL Compilation)","Replay The Spire","StSLib"],"gold_per_floor":[99,99,99,9,9,29,29,29,57,57,157,175,193,193,204,307,307,232,248,279,291,311,328,328,94,19,33,33,44,58,69,82,186,186,186,196,208,223,247,5,29,62,107,32,32,32,65,86,111,111,111],"floor_reached":50,"playtime":4036,"items_purged":["champ:Strike","champ:Strike"],"score":550,"play_id":"6148e465-568c-471f-b568-e65c7b0076c7","local_time":"20201217141743","is_ascension_mode":false,"campfire_choices":[{"floor":1.0,"key":"RECALL"},{"data":"champ:Execute","floor":8.0,"key":"SMITH"},{"floor":10.0,"key":"REST"},{"data":"champ:PerfectedStrike","floor":18.0,"key":"SMITH"},{"data":"champ:AdrenalArmor","floor":26.0,"key":"SMITH"},{"data":"champ:Defend","floor":35.0,"key":"PURGE"},{"floor":44.0,"key":"REST"}],"circlet_count":0,"master_deck":["champ:Defend","champ:Defend","champ:Defend","champ:Execute+1","champ:Taunt+1","champ:AdrenalArmor+1","champ:PerfectedStrike+1","champ:FaceSlap+1","champ:FanOfKnives+1","champ:CrookedStrike+1","champ:ViciousMockery","champ:ShieldThrow+1","champ:Backstep+1","champ:BerserkerStyle","champ:Duel+1","champ:HeavySlash+1","champ:SteelEdge+1","champ:IronFortress","champ:CalledShot+1","champ:ShieldWall+1"],"relics":["champ:ChampionCrown","Replay:Multitool","Molten Egg 2","hubris:BundleOfHerbs","hubris:ScarierMask","downfall:HeartBlessingRed","Replay:Bottled Snecko","Replay:Wax Seal","downfall:HeartBlessingBlue","hubris:HollowSoul","Replay:Bandana","Pantograph","ReplayTheSpireMod:TigerMarble","Bottled Lightning","downfall:HeartBlessingGreen"],"acts_visited":["Exordium","TheCity","TheBeyond"],"potions_floor_usage":[],"damage_taken":[{"damage":20.0,"enemies":"downfall:FleeingMerchant","floor":4.0,"turns":4.0},{"damage":18.0,"enemies":"Small Slimes","floor":6.0,"turns":5.0},{"damage":26.0,"enemies":"Lagavulin","floor":9.0,"turns":8.0},{"damage":15.0,"enemies":"Jaw Worm","floor":12.0,"turns":2.0},{"damage":4.0,"enemies":"2 Louse","floor":13.0,"turns":3.0},{"damage":12.0,"enemies":"Gremlin Gang","floor":15.0,"turns":3.0},{"damage":35.0,"enemies":"downfall:Ironclad","floor":16.0,"turns":9.0},{"damage":10.0,"enemies":"3 Byrds","floor":19.0,"turns":4.0},{"damage":20.0,"enemies":"Slavers","floor":20.0,"turns":5.0},{"damage":6.0,"enemies":"Shell Parasite","floor":21.0,"turns":4.0},{"damage":4.0,"enemies":"Sentry and Sphere","floor":22.0,"turns":2.0},{"damage":11.0,"enemies":"Chosen and Byrds","floor":23.0,"turns":4.0},{"damage":7.0,"enemies":"downfall:FleeingMerchant","floor":25.0,"turns":4.0},{"damage":18.0,"enemies":"Snake Plant","floor":27.0,"turns":3.0},{"damage":24.0,"enemies":"Snecko","floor":29.0,"turns":4.0},{"damage":2.0,"enemies":"Centurion and Healer","floor":30.0,"turns":3.0},{"damage":48.0,"enemies":"Snake Plant","floor":31.0,"turns":5.0},{"damage":32.0,"enemies":"Snecko","floor":32.0,"turns":5.0},{"damage":38.0,"enemies":"downfall:Defect","floor":33.0,"turns":7.0},{"damage":5.0,"enemies":"3 Darklings","floor":36.0,"turns":3.0},{"damage":31.0,"enemies":"Orb Walker","floor":37.0,"turns":4.0},{"damage":2.0,"enemies":"Sphere and 2 Shapes","floor":38.0,"turns":3.0},{"damage":29.0,"enemies":"downfall:FleeingMerchant","floor":40.0,"turns":4.0},{"damage":17.0,"enemies":"4 Shapes","floor":42.0,"turns":4.0},{"damage":53.0,"enemies":"Giant Head","floor":43.0,"turns":6.0},{"damage":56.0,"enemies":"Maw","floor":47.0,"turns":7.0},{"damage":17.0,"enemies":"Spire Growth","floor":48.0,"turns":4.0},{"damage":8.0,"enemies":"Sphere and 2 Shapes","floor":49.0,"turns":3.0},{"damage":0,"enemies":"downfall:Silent","floor":50,"turns":1}],"seed_played":"-8014331859493676857","potions_obtained":[{"floor":6.0,"key":"Dexterity Potion"},{"floor":14.0,"key":"SmokeBomb"},{"floor":14.0,"key":"CultistPotion"},{"floor":14.0,"key":"hexamod:EctoCoolerPotion"},{"floor":15.0,"key":"Block Potion"},{"floor":16.0,"key":"Dexterity Potion"},{"floor":20.0,"key":"Energy Potion"},{"floor":23.0,"key":"Fruit Juice"},{"floor":27.0,"key":"SpeedPotion"},{"floor":33.0,"key":"FearPotion"},{"floor":36.0,"key":"Elixir"},{"floor":38.0,"key":"PowerPotion"},{"floor":43.0,"key":"SkillPotion"}],"is_trial":false,"path_per_floor":["R","?","?","$","?","M","T","R","E","R","?","M","M","?","M","B",null,"R","M","E","M","M","M","T","$","R","M","?","M","M","M","M","B",null,"R","M","M","M","?","$","T","M","E","R","?","?","M","M","M","B"],"character_chosen":"THE_CHAMP","items_purchased":["champ:Duel+1","Replay:Wax Seal","Pantograph"],"campfire_rested":2,"item_purchase_floors":[25,25,40],"current_hp_per_floor":[99,99,96,86,86,82,82,82,73,99,99,91,91,91,88,71,99,99,91,81,79,79,84,84,84,94,86,86,77,77,55,46,46,114,114,114,90,90,90,81,81,74,61,95,95,95,79,74,74,74,74],"gold":111,"neow_bonus":"TEN_PERCENT_HP_BONUS","is_daily":false,"chose_seed":false,"campfire_upgraded":3,"win_rate":0.0,"timestamp":1608232663,"path_taken":["R","?","?","?","?","M","T","R","E","R","?","?","M","?","M","BOSS","R","M","E","M","M","?","T","$","R","M","?","M","?","M","M","BOSS","R","?","M","M","?","$","T","M","E","R","?","?","M","?","M","BOSS"],"items_purchased_type":["Card","Relic","Relic"],"build_version":"2020-12-13","purchased_purges":2,"victory":false,"max_hp_per_floor":[99,99,99,99,99,99,99,99,99,99,99,99,99,99,99,99,99,99,99,99,99,99,104,104,104,114,114,114,114,114,114,114,114,114,114,114,114,114,114,114,114,114,114,114,114,114,114,114,114,114,114],"card_choices":[{"not_picked":["champ:Haymaker","champ:Backstep"],"picked":"champ:AdrenalArmor","floor":4.0},{"not_picked":["champ:Lariat","champ:AdrenalArmor"],"picked":"champ:PerfectedStrike","floor":6.0},{"not_picked":["champ:Backstep","champ:Circumvent"],"picked":"champ:FaceSlap+1","floor":9.0},{"not_picked":["champ:BringItOn","champ:GladiatorsShout"],"picked":"champ:FanOfKnives+1","floor":12.0},{"not_picked":["champ:CrookedStrike+1","champ:DefensiveShout","champ:AdrenalArmor"],"picked":"SKIP","floor":13.0},{"not_picked":["champ:DefensiveShout","champ:AdrenalArmor"],"picked":"champ:CrookedStrike+1","floor":13.0},{"not_picked":["champ:RisingSlash+1","champ:BringItOn"],"picked":"champ:ViciousMockery","floor":15.0},{"not_picked":["champ:SwordThrow+1","champ:HeavySlash+1"],"picked":"champ:ShieldThrow+1","floor":16.0},{"not_picked":["champ:Haymaker+1","champ:BringItOn+1","champ:BladeFlurry+1"],"picked":"SKIP","floor":19.0},{"not_picked":["champ:BerserkersShout+1","champ:FanOfKnives+1"],"picked":"champ:Backstep+1","floor":20.0},{"not_picked":["champ:Backstep","champ:TornadoPunch+1"],"picked":"champ:BerserkerStyle","floor":21.0},{"not_picked":["champ:DeathBlow+1","champ:DefensiveStyle","champ:BladeFlurry+1"],"picked":"SKIP","floor":22.0},{"not_picked":["champ:CrookedStrike+1","champ:StanceDance","champ:Backstep+1"],"picked":"SKIP","floor":23.0},{"not_picked":["champ:Backstep+1","champ:BerserkersShout","champ:BladeFlurry+1"],"picked":"SKIP","floor":25.0},{"not_picked":["champ:FocusedGladiator","champ:HeartStrike+1","champ:Lariat+1"],"picked":"SKIP","floor":27.0},{"not_picked":["champ:BladeFlurry+1","champ:PerfectedStrike+1"],"picked":"champ:HeavySlash+1","floor":29.0},{"not_picked":["champ:Haymaker+1","champ:GladiatorsShout","champ:AdrenalArmor"],"picked":"SKIP","floor":30.0},{"not_picked":["champ:GladiatorsShout","champ:FlashCut+1","champ:Duel+1"],"picked":"SKIP","floor":31.0},{"not_picked":["champ:GladiatorsShout","champ:GutPunch+1","champ:Devastate+1"],"picked":"SKIP","floor":32.0},{"not_picked":["champ:Improvising","champ:ShieldSlam+1"],"picked":"champ:SteelEdge+1","floor":33.0},{"not_picked":["champ:Riposte","champ:FightOn"],"picked":"champ:IronFortress","floor":36.0},{"not_picked":["champ:ArenaPreparation","champ:FocusedGladiator","champ:FanOfKnives+1"],"picked":"SKIP","floor":37.0},{"not_picked":["champ:Encircle+1","champ:TornadoPunch+1","champ:LastStand"],"picked":"SKIP","floor":38.0},{"not_picked":["champ:RisingSlash+1","champ:BladeFlurry+1","champ:EnragedBash+1"],"picked":"SKIP","floor":40.0},{"not_picked":["champ:GladiatorStyle+1","champ:FaceSlap+1","champ:CalledShot"],"picked":"SKIP","floor":42.0},{"not_picked":["champ:FlashCut+1","champ:BringItOn+1"],"picked":"champ:CalledShot+1","floor":43.0},{"not_picked":["champ:FlashCut+1","champ:StanceDance+1"],"picked":"champ:ShieldWall+1","floor":47.0},{"not_picked":["champ:EnragedBash+1","champ:FalseCounter+1","champ:GladiatorStyle"],"picked":"SKIP","floor":48.0},{"not_picked":["champ:EndlessRage+1","champ:Encircle+1","champ:FalseCounter"],"picked":"SKIP","floor":49.0}],"player_experience":716553,"relics_obtained":[{"floor":7.0,"key":"Molten Egg 2"},{"floor":9.0,"key":"hubris:BundleOfHerbs"},{"floor":20.0,"key":"Replay:Bottled Snecko"},{"floor":39.0,"key":"Replay:Bandana"},{"floor":41.0,"key":"ReplayTheSpireMod:TigerMarble"},{"floor":43.0,"key":"Bottled Lightning"}],"event_choices":[{"damage_healed":0.0,"max_hp_gain":0.0,"max_hp_loss":0.0,"gold_gain":0.0,"event_name":"Scrap Ooze","player_choice":"Success","floor":3.0,"gold_loss":0.0,"damage_taken":3.0,"relics_obtained":["Replay:Multitool"]},{"damage_healed":0.0,"max_hp_gain":0.0,"max_hp_loss":0.0,"gold_gain":0.0,"event_name":"Lab","player_choice":"Got Potions","floor":14.0,"gold_loss":0.0,"damage_taken":0.0},{"cards_removed":["champ:Strike"],"damage_healed":0.0,"max_hp_gain":0.0,"max_hp_loss":0.0,"gold_gain":0.0,"event_name":"Bonfire Elementals","player_choice":"Offered Basic","floor":28.0,"gold_loss":0.0,"damage_taken":0.0}],"is_beta":false,"boss_relics":[{"not_picked":["ReplayTheSpireMod:DimensionalGlitch","Ectoplasm"],"picked":"hubris:ScarierMask"},{"not_picked":["hubris:VirtuousBlindfold","Astrolabe"],"picked":"hubris:HollowSoul"}],"items_purged_floors":[4,25],"is_endless":false,"potions_floor_spawned":[6,15,16,20,23,27,29,30,32,33,36,38,42,43],"killed_by":"downfall:Silent","ascension_level":0}}