{"host":"o1wkfo8ppvrprpet","time":1608227519,"event":{"mods":["Aspiration","Astrologer","BaseMod","CapriCore","Colored Powertips","Koishi","Minty Spire (QoL Compilation)","Replay The Spire","RumiaBox-露米娅的神秘盒子","Spicy Shops","StSLib","The Administrix","The Alterego","The Gatherer","The Immortal","Waifu the Spire"],"gold_per_floor":[110,110,120,37,57,84,9,9,9,9,9,9,20,34,34,133,133,146,156,184,184,237,256,256,283,307,222,222,255,255,266,266,362,362,376,376,388,20,37,37,65,65,65,75,90,90,90,38,38,38],"floor_reached":51,"playtime":2502,"items_purged":["alterego_mod:Strike","alterego_mod:Nekomimi"],"score":988,"play_id":"58014065-9a57-436d-83b7-8819bbb5bd97","local_time":"20201218015159","is_ascension_mode":false,"campfire_choices":[{"data":"alterego_mod:Punishment","floor":8.0,"key":"SMITH"},{"data":"alterego_mod:Mirror","floor":10.0,"key":"SMITH"},{"data":"alterego_mod:Schoolgirl","floor":15.0,"key":"SMITH"},{"data":"alterego_mod:Birthday","floor":24.0,"key":"SMITH"},{"floor":28.0,"key":"REST"},{"data":"alterego_mod:Cycle","floor":30.0,"key":"SMITH"},{"data":"alterego_mod:Palingenesis","floor":32.0,"key":"SMITH"},{"data":"alterego_mod:Tantrum","floor":40,"key":"SMITH"},{"data":"alterego_mod:Pet","floor":42,"key":"SMITH"},{"data":"alterego_mod:Undulate","floor":49,"key":"SMITH"}],"circlet_count":0,"master_deck":["alterego_mod:Strike","alterego_mod:Strike","alterego_mod:Defend","alterego_mod:Defend","alterego_mod:Defend","alterego_mod:Defend","alterego_mod:Impale","alterego_mod:BigMeatyClaws","alterego_mod:BrynhildrsRune","alterego_mod:Birthday+1","alterego_mod:Punishment+1","alterego_mod:Mirror","alterego_mod:Mirror+1","alterego_mod:TrashNCrash+1","alterego_mod:Cooking","alterego_mod:Schoolgirl+1","alterego_mod:Palingenesis+1","alterego_mod:BiFurious","alterego_mod:Cycle+1","alterego_mod:Valentines","alterego_mod:Belts","alterego_mod:Pet+1","alterego_mod:Weigh","alterego_mod:DeftHands","alterego_mod:Tantrum+1","alterego_mod:Birthday+1","alterego_mod:Nekomimi+1","alterego_mod:Undulate+1","ReplayTheSpireMod:Trickstab"],"relics":["SoulBox","Replay:Wax Seal","GodSword1","LastBattle","EasyGame_NEW","Red Mask","GodSword5","Iron Hammer","SSSystem","Blood Vial","Bag of Preparation","Kunai","Blue Doll","ReplayTheSpireMod:Ninjato","Replay:Bottled Flurry"],"acts_visited":["Exordium","TheCity","TheBeyond"],"potions_floor_usage":[39,45,50],"damage_taken":[{"damage":3.0,"enemies":"Jaw Worm","floor":1.0,"turns":6.0},{"damage":11.0,"enemies":"Cultist","floor":3.0,"turns":4.0},{"damage":9.0,"enemies":"2 Louse","floor":5.0,"turns":3.0},{"damage":24.0,"enemies":"Gremlin Nob","floor":6.0,"turns":4.0},{"damage":0.0,"enemies":"Gremlin Gang","floor":13.0,"turns":3.0},{"damage":2.0,"enemies":"2 Fungi Beasts","floor":14.0,"turns":3.0},{"damage":54.0,"enemies":"Fading Forest","floor":16.0,"turns":11.0},{"damage":11.0,"enemies":"Spheric Guardian","floor":18.0,"turns":5.0},{"damage":12.0,"enemies":"Chosen","floor":19.0,"turns":5.0},{"damage":14.0,"enemies":"Masked Bandits","floor":20.0,"turns":3.0},{"damage":27.0,"enemies":"Snecko","floor":23.0,"turns":4.0},{"damage":26.0,"enemies":"Slavers","floor":25.0,"turns":3.0},{"damage":0.0,"enemies":"Book of Stabbing","floor":29.0,"turns":4.0},{"damage":10.0,"enemies":"Centurion and Healer","floor":31.0,"turns":4.0},{"damage":18.0,"enemies":"Pondfish","floor":33.0,"turns":9.0},{"damage":13.0,"enemies":"3 Shapes","floor":35.0,"turns":6.0},{"damage":7.0,"enemies":"Orb Walker","floor":37.0,"turns":3.0},{"damage":19,"enemies":"4 Shapes","floor":39,"turns":6},{"damage":11,"enemies":"R_Hoarder","floor":41,"turns":7},{"damage":4,"enemies":"Spire Growth","floor":44,"turns":4},{"damage":18,"enemies":"Jaw Worm Horde","floor":45,"turns":4},{"damage":1,"enemies":"Time Eater","floor":50,"turns":7}],"seed_played":"-1664659342582923866","potions_obtained":[{"floor":3.0,"key":"Block Potion"},{"floor":5.0,"key":"SkillPotion"},{"floor":13.0,"key":"Fire Potion"},{"floor":22.0,"key":"ColorlessPotion"},{"floor":23.0,"key":"DistilledChaos"},{"floor":25.0,"key":"FearPotion"},{"floor":29.0,"key":"SpeedPotion"},{"floor":31.0,"key":"DuplicationPotion"},{"floor":33.0,"key":"Languid Potion"},{"floor":37.0,"key":"Energy Potion"},{"floor":39,"key":"Elixir"}],"is_trial":false,"path_per_floor":["M","?","M","$","M","E","$","R","T","R","?","?","M","M","R","B",null,"M","M","?","?","?","M","R","E","T","?","R","E","R","M","R","B",null,"M","?","M","$","M","R","E","R","T","M","M","T","?","$","R","B",null],"character_chosen":"The_Alterego","items_purchased":["alterego_mod:Punishment","alterego_mod:Mirror","Kunai","alterego_mod:Tantrum","ColorlessPotion"],"campfire_rested":1,"item_purchase_floors":[4,4,38,38,48],"current_hp_per_floor":[67,67,63,63,56,32,32,32,32,32,32,32,37,51,51,29,70,66,66,70,70,42,18,18,14,14,14,40,48,48,48,48,46,70,57,57,60,60,49,49,60,60,60,67,65,65,65,65,65,69],"gold":38,"neow_bonus":"BOSS_RELIC","is_daily":false,"chose_seed":false,"campfire_upgraded":9,"win_rate":0.0,"timestamp":1608227519,"path_taken":["M","?","M","?","?","E","?","R","T","R","?","?","?","M","R","BOSS","M","M","?","?","?","M","R","E","T","?","R","E","R","M","R","BOSS","M","?","M","$","M","R","E","R","T","M","?","?","?","?","R","BOSS"],"items_purchased_type":["Card","Card","Relic","Card","Potion"],"build_version":"2020-12-13","purchased_purges":2,"victory":true,"max_hp_per_floor":[70,70,70,70,70,70,70,70,70,70,70,70,70,70,70,70,70,70,70,70,70,70,70,70,70,70,70,70,70,70,70,70,70,70,70,70,70,70,70,70,70,70,70,70,70,70,70,70,70,70],"card_choices":[{"not_picked":["alterego_mod:Rip","alterego_mod:DestructionOfProperty"],"picked":"alterego_mod:DeftHands","floor":1.0},{"not_picked":["alterego_mod:Pet","alterego_mod:DestructionOfProperty"],"picked":"alterego_mod:Birthday","floor":3.0},{"not_picked":["alterego_mod:BiFurious","alterego_mod:BeGentle"],"picked":"alterego_mod:TrashNCrash","floor":5.0},{"not_picked":["alterego_mod:Bounce","alterego_mod:PerceptionDisorder"],"picked":"alterego_mod:Cooking","floor":6.0},{"not_picked":["alterego_mod:GoddessCore","alterego_mod:Swimsuit"],"picked":"alterego_mod:Schoolgirl","floor":13.0},{"not_picked":["alterego_mod:DestructionOfProperty","alterego_mod:ChallengeComplete","alterego_mod:GoddessCore"],"picked":"SKIP","floor":14.0},{"not_picked":["alterego_mod:Lift","alterego_mod:Rake"],"picked":"alterego_mod:Palingenesis","floor":16.0},{"not_picked":["alterego_mod:TrashNCrash","alterego_mod:Santa","alterego_mod:Skirt"],"picked":"SKIP","floor":18.0},{"not_picked":["alterego_mod:BusterCard","alterego_mod:Collar+1"],"picked":"alterego_mod:BiFurious","floor":19.0},{"not_picked":["alterego_mod:DiscoLights","alterego_mod:GoddessCore+1"],"picked":"alterego_mod:Cycle","floor":20.0},{"not_picked":["alterego_mod:PerceptionDisorder","alterego_mod:GoddessCore"],"picked":"alterego_mod:Valentines","floor":23.0},{"not_picked":["alterego_mod:Clap","alterego_mod:TrashNCrash"],"picked":"alterego_mod:Belts","floor":25.0},{"not_picked":["alterego_mod:Nekomimi","alterego_mod:Valentines","alterego_mod:BeGentle+1"],"picked":"SKIP","floor":29.0},{"not_picked":["alterego_mod:HighServant","alterego_mod:Cycle+1"],"picked":"alterego_mod:Pet","floor":31.0},{"not_picked":["alterego_mod:Rake","alterego_mod:RingBreak"],"picked":"alterego_mod:Weigh","floor":33.0},{"not_picked":["alterego_mod:SuperDuperMasochism","alterego_mod:DiscoLights+1"],"picked":"alterego_mod:DeftHands","floor":35.0},{"not_picked":["alterego_mod:Cooking","alterego_mod:Santa+1","alterego_mod:HighServant"],"picked":"SKIP","floor":37.0},{"not_picked":["alterego_mod:Exercise+1","alterego_mod:Swimsuit+1"],"picked":"alterego_mod:Birthday+1","floor":39},{"not_picked":["alterego_mod:DeftHands","alterego_mod:Cycle"],"picked":"alterego_mod:Nekomimi+1","floor":41},{"not_picked":["alterego_mod:Pet","alterego_mod:Punishment+1","alterego_mod:Santa"],"picked":"SKIP","floor":44},{"not_picked":["alterego_mod:Santa","alterego_mod:HighServant"],"picked":"alterego_mod:Undulate","floor":45},{"not_picked":["Crow Ritual","PanicButton"],"picked":"ReplayTheSpireMod:Trickstab","floor":47}],"player_experience":602786,"relics_obtained":[{"floor":6.0,"key":"GodSword1"},{"floor":9.0,"key":"LastBattle"},{"floor":20.0,"key":"Red Mask"},{"floor":22.0,"key":"GodSword5"},{"floor":25.0,"key":"Iron Hammer"},{"floor":26.0,"key":"SSSystem"},{"floor":29.0,"key":"Bag of Preparation"},{"floor":41,"key":"Blue Doll"},{"floor":43,"key":"ReplayTheSpireMod:Ninjato"},{"floor":46,"key":"Replay:Bottled Flurry"}],"event_choices":[{"cards_removed":["alterego_mod:DeftHands"],"damage_healed":0.0,"max_hp_gain":0.0,"max_hp_loss":0.0,"gold_gain":0.0,"event_name":"WeMeetAgain","player_choice":"Gave Card","floor":2.0,"gold_loss":0.0,"damage_taken":0.0,"relics_obtained":["Replay:Wax Seal"]},{"damage_healed":0.0,"max_hp_gain":0.0,"max_hp_loss":0.0,"gold_gain":0.0,"event_name":"Upgrade Shrine","player_choice":"Upgraded","floor":12.0,"gold_loss":0.0,"damage_taken":0.0,"cards_upgraded":["alterego_mod:TrashNCrash"]},{"damage_healed":0.0,"max_hp_gain":0.0,"max_hp_loss":0.0,"gold_gain":0.0,"event_name":"Masked Bandits","player_choice":"Fought Bandits","floor":20.0,"gold_loss":0.0,"damage_taken":0.0},{"damage_healed":0.0,"max_hp_gain":0.0,"max_hp_loss":0.0,"gold_gain":0.0,"event_name":"Addict","player_choice":"Obtained Relic","floor":27.0,"gold_loss":85.0,"damage_taken":0.0,"relics_obtained":["Blood Vial"]},{"damage_healed":0.0,"max_hp_gain":0.0,"max_hp_loss":0.0,"gold_gain":0.0,"cards_transformed":["alterego_mod:Strike"],"event_name":"Transmorgrifier","player_choice":"Transformed","floor":36.0,"gold_loss":0.0,"damage_taken":0.0,"cards_obtained":["alterego_mod:Nekomimi"]},{"damage_healed":0,"gold_gain":0,"player_choice":"Memory 1","damage_taken":0,"max_hp_gain":0,"max_hp_loss":0,"event_name":"SensoryStone","floor":47,"gold_loss":0}],"is_beta":false,"boss_relics":[{"not_picked":["Runic Dome","aspiration:PoetsPen_weak"],"picked":"EasyGame_NEW"},{"not_picked":["Velvet Choker","Runic Pyramid","Kintsugi"]}],"items_purged_floors":[7,38],"is_endless":false,"potions_floor_spawned":[3,5,13,23,25,29,31,33,37,39,44],"ascension_level":0}}