{"host":"qfskrnw3pl1q86j0","time":1608239230,"event":{"mods":["BaseMod","Block Reminder","Hermit","Marisa????????","Minty Spire (QoL Compilation)","Quick Restart","Random Character Button","StSLib","The Poker Player","slay the spire mod where everything is the same but ironclad has a cowboy hat"],"gold_per_floor":[110,125,137,152,30,30,63,63,115,126,149,149,49,49,49,148,148,132,144,144,73,123,123,72,86,86,121,146,146,146,162,162,162,162],"floor_reached":33,"playtime":1032,"items_purged":["Strike_B","Strike_B"],"score":263,"play_id":"18674477-35e8-4fbb-a365-c85202af1dad","local_time":"20201217220710","is_ascension_mode":false,"campfire_choices":[{"data":"Zap","floor":6,"key":"SMITH"},{"data":"Streamline","floor":12,"key":"SMITH"},{"data":"Hologram","floor":15,"key":"SMITH"},{"data":"Sweeping Beam","floor":23,"key":"SMITH"},{"data":"Beam Cell","floor":29,"key":"SMITH"},{"data":"Seek","floor":32,"key":"SMITH"}],"circlet_count":0,"master_deck":["Strike_B","Strike_B","Defend_B","Defend_B","Defend_B","Defend_B+1","Zap+1","Dualcast+1","Streamline+1","Gash","Hologram+1","Sweeping Beam+1","Gash","Echo Form","Go for the Eyes+1","Scrape","FTL","Beam Cell+1","Leap+1","Seek+1","Gash"],"relics":["Cracked Core","Pear","Ancient Tea Set","Bronze Scales","Nuclear Battery","Nloth\u0027s Gift","Frozen Egg 2","Red Mask","Calipers"],"acts_visited":["Exordium","TheCity"],"potions_floor_usage":[7,7,7,16,27,28,33],"damage_taken":[{"damage":0,"enemies":"2 Louse","floor":1,"turns":1},{"damage":0,"enemies":"Jaw Worm","floor":2,"turns":3},{"damage":0,"enemies":"Small Slimes","floor":3,"turns":2},{"damage":1,"enemies":"Exordium Thugs","floor":4,"turns":3},{"damage":6,"enemies":"3 Sentries","floor":7,"turns":4},{"damage":5,"enemies":"Looter","floor":10,"turns":2},{"damage":22,"enemies":"The Guardian","floor":16,"turns":7},{"damage":17,"enemies":"2 Thieves","floor":18,"turns":4},{"damage":0,"enemies":"Spheric Guardian","floor":19,"turns":3},{"damage":17,"enemies":"3 Cultists","floor":25,"turns":4},{"damage":11,"enemies":"Masked Bandits","floor":27,"turns":3},{"damage":17,"enemies":"Gremlin Leader","floor":28,"turns":6},{"damage":0,"enemies":"Snecko","floor":31,"turns":3},{"damage":44,"enemies":"Automaton","floor":33,"turns":6}],"seed_played":"385358709423441332","potions_obtained":[{"floor":1,"key":"Energy Potion"},{"floor":4,"key":"EntropicBrew"},{"floor":16,"key":"Regen Potion"},{"floor":18,"key":"Energy Potion"},{"floor":31,"key":"AttackPotion"}],"is_trial":false,"path_per_floor":["M","M","M","M","$","R","E","?","T","M","T","R","$","?","R","B",null,"M","M","?","$","?","R","$","M","T","?","E","R","?","M","R","B"],"character_chosen":"DEFECT","items_purchased":["Sweeping Beam","FTL","Beam Cell"],"campfire_rested":0,"item_purchase_floors":[5,21,24],"current_hp_per_floor":[75,75,75,74,74,74,78,78,78,73,73,73,73,73,73,51,85,68,68,68,68,68,68,68,51,51,40,37,37,37,37,37,0,0],"gold":162,"neow_bonus":"THREE_CARDS","is_daily":false,"chose_seed":false,"campfire_upgraded":6,"win_rate":0.0,"timestamp":1608239230,"path_taken":["M","M","M","M","$","R","E","?","T","M","?","R","$","?","R","BOSS","M","M","?","?","?","R","$","?","T","?","E","R","?","?","R","BOSS"],"items_purchased_type":["Card","Card","Card"],"build_version":"2020-12-13","purchased_purges":2,"victory":false,"max_hp_per_floor":[75,75,75,75,75,75,85,85,85,85,85,85,85,85,85,85,85,85,85,85,85,85,85,85,85,85,85,85,85,85,85,85,85,85],"card_choices":[{"not_picked":["Turbo","Chill"],"picked":"Streamline","floor":0},{"not_picked":["Consume","Doom and Gloom","Stack"],"picked":"SKIP","floor":1},{"not_picked":["Sweeping Beam","Go for the Eyes"],"picked":"Gash","floor":2},{"not_picked":["Coolheaded","Capacitor","Turbo"],"picked":"SKIP","floor":3},{"not_picked":["Recycle","Turbo"],"picked":"Hologram","floor":4},{"not_picked":["Darkness","Consume","Stack"],"picked":"SKIP","floor":7},{"not_picked":["Rebound","Doom and Gloom"],"picked":"Gash","floor":10},{"not_picked":["Rainbow","Reboot"],"picked":"Echo Form","floor":16},{"not_picked":["Cold Snap","Steam"],"picked":"Go for the Eyes+1","floor":18},{"not_picked":["Turbo","Genetic Algorithm"],"picked":"Scrape","floor":19},{"not_picked":["Ball Lightning","Amplify","Steam"],"picked":"SKIP","floor":25},{"not_picked":["Compile Driver","Sweeping Beam"],"picked":"Leap+1","floor":27},{"not_picked":["Stack","White Noise"],"picked":"Seek","floor":28},{"not_picked":["Reboot","Loop+1"],"picked":"Gash","floor":31}],"player_experience":847903,"relics_obtained":[{"floor":7,"key":"Pear"},{"floor":9,"key":"Ancient Tea Set"},{"floor":11,"key":"Bronze Scales"},{"floor":26,"key":"Frozen Egg 2"},{"floor":27,"key":"Red Mask"},{"floor":28,"key":"Calipers"}],"event_choices":[{"damage_healed":0,"gold_gain":0,"player_choice":"Searched \u00271\u0027 times","damage_taken":0,"relics_obtained":["War Paint"],"max_hp_gain":0,"max_hp_loss":0,"event_name":"Dead Adventurer","floor":8,"gold_loss":0},{"damage_healed":0,"gold_gain":0,"player_choice":"Ignored","damage_taken":0,"max_hp_gain":0,"max_hp_loss":0,"event_name":"Liars Game","floor":14,"gold_loss":0},{"damage_healed":0,"gold_gain":0,"player_choice":"Traded Relic","damage_taken":0,"relics_obtained":["Nloth\u0027s Gift"],"max_hp_gain":0,"max_hp_loss":0,"event_name":"N\u0027loth","floor":20,"relics_lost":["War Paint"],"gold_loss":0},{"damage_healed":0,"gold_gain":100,"player_choice":"Bet on Murderer","damage_taken":0,"max_hp_gain":0,"max_hp_loss":0,"event_name":"The Joust","floor":22,"gold_loss":50},{"damage_healed":0,"gold_gain":0,"player_choice":"Fought Bandits","damage_taken":0,"max_hp_gain":0,"max_hp_loss":0,"event_name":"Masked Bandits","floor":27,"gold_loss":0},{"damage_healed":0,"gold_gain":0,"player_choice":"Ignored","damage_taken":0,"max_hp_gain":0,"max_hp_loss":0,"event_name":"Vampires","floor":30,"gold_loss":0}],"is_beta":false,"boss_relics":[{"not_picked":["Runic Dome","Fusion Hammer"],"picked":"Nuclear Battery"}],"items_purged_floors":[5,13],"is_endless":false,"potions_floor_spawned":[1,4,16,18,31],"killed_by":"Automaton","ascension_level":0}}