{"host":"bq4pt811tk9yrmjl","time":1608239833,"event":{"mods":["AchievementEnabler","BaseMod","Colored Map","Colored Powertips","Defuse TimeMaze Blight","Minty Spire (QoL Compilation)","StSLib","SuperFastMode","UnlockEverythingMod"],"gold_per_floor":[114,114,124,50,50,50,76,76,76,7,7,7,41,60,60,157,157,168,93,0,19,19,46,46,59,86,86,102,102,27,51,51,152,152,163,173,18,18,35,35,62,62,62,75,95,95,0,34,34,34,34,34,34,61,61],"floor_reached":56,"playtime":1209,"items_purged":["Strike_G"],"score":1433,"play_id":"8bee7eec-d20a-4573-af4e-7f2f2d949ec1","local_time":"20201217191713","is_ascension_mode":true,"campfire_choices":[{"data":"Accuracy","floor":6.0,"key":"SMITH"},{"data":"Neutralize","floor":8.0,"key":"SMITH"},{"data":"Accuracy","floor":11.0,"key":"SMITH"},{"data":"Caltrops","floor":15.0,"key":"SMITH"},{"data":"After Image","floor":24.0,"key":"SMITH"},{"floor":27.0,"key":"REST"},{"floor":29.0,"key":"RECALL"},{"data":"After Image","floor":32.0,"key":"SMITH"},{"data":"Adrenaline","floor":40.0,"key":"SMITH"},{"data":"Cloak And Dagger","floor":42.0,"key":"SMITH"},{"floor":49.0,"key":"REST"},{"data":"Blur","floor":52.0,"key":"SMITH"}],"circlet_count":0,"master_deck":["Strike_G","Strike_G","Strike_G","Defend_G","Defend_G","Defend_G","Defend_G","Defend_G","Survivor","Neutralize+1","Blur+1","Accuracy+1","Infinite Blades+1","Adrenaline+1","Accuracy+1","Caltrops+1","After Image+1","Cloak And Dagger+1","Blade Dance+1","After Image+1","Crippling Poison+1","Slice+1","Corpse Explosion+1","Flying Knee+1"],"relics":["Ring of the Snake","NeowsBlessing","Paper Crane","Pantograph","Matryoshka","Sozu","Ornamental Fan","Vajra","Ancient Tea Set","Lantern","Busted Crown","ClockworkSouvenir","Dead Branch","Turnip","Red Mask","Akabeko","Happy Flower"],"acts_visited":["Exordium","TheCity","TheBeyond","TheEnding"],"potions_floor_usage":[55],"damage_taken":[{"damage":0.0,"enemies":"Jaw Worm","floor":1.0,"turns":1.0},{"damage":0.0,"enemies":"Cultist","floor":3.0,"turns":1.0},{"damage":0.0,"enemies":"Gremlin Nob","floor":7.0,"turns":1.0},{"damage":0.0,"enemies":"Lagavulin","floor":13.0,"turns":4.0},{"damage":0.0,"enemies":"2 Louse","floor":14.0,"turns":3.0},{"damage":32.0,"enemies":"The Guardian","floor":16.0,"turns":11.0},{"damage":25.0,"enemies":"2 Thieves","floor":18.0,"turns":5.0},{"damage":2.0,"enemies":"3 Byrds","floor":21.0,"turns":5.0},{"damage":9.0,"enemies":"Slavers","floor":23.0,"turns":4.0},{"damage":0.0,"enemies":"3 Cultists","floor":25.0,"turns":4.0},{"damage":3.0,"enemies":"Snake Plant","floor":28.0,"turns":4.0},{"damage":6.0,"enemies":"Automaton","floor":33.0,"turns":8.0},{"damage":0.0,"enemies":"Orb Walker","floor":35.0,"turns":4.0},{"damage":0.0,"enemies":"3 Darklings","floor":36.0,"turns":3.0},{"damage":0.0,"enemies":"Sphere and 2 Shapes","floor":39.0,"turns":3.0},{"damage":14.0,"enemies":"Giant Head","floor":41.0,"turns":8.0},{"damage":0.0,"enemies":"4 Shapes","floor":44.0,"turns":3.0},{"damage":0.0,"enemies":"Spire Growth","floor":45.0,"turns":3.0},{"damage":0.0,"enemies":"Nemesis","floor":48.0,"turns":5.0},{"damage":0.0,"enemies":"Donu and Deca","floor":50.0,"turns":4.0},{"damage":8.0,"enemies":"Shield and Spear","floor":54.0,"turns":4.0},{"damage":25,"enemies":"The Heart","floor":55,"turns":8}],"seed_played":"-6707223548684591581","potions_obtained":[{"floor":1.0,"key":"CunningPotion"},{"floor":3.0,"key":"Ancient Potion"},{"floor":7.0,"key":"PowerPotion"}],"is_trial":false,"path_per_floor":["M","?","M","$","?","R","E","R","T","$","R","$","E","M","R","B",null,"M","$","?","M","?","E","R","M","T","R","M","R","?","T","R","B",null,"M","M","$","?","M","R","E","R","T","M","M","$","?","E","R","B",null,"R","$","E","B",null],"character_chosen":"THE_SILENT","items_purchased":["Infinite Blades","Accuracy","ClockworkSouvenir"],"campfire_rested":2,"item_purchase_floors":[4,10,37],"current_hp_per_floor":[70,70,70,70,70,70,70,70,70,70,70,70,70,70,70,38,70,45,45,45,43,43,34,34,34,34,55,52,52,52,52,52,64,70,70,70,70,70,70,70,56,56,56,56,56,56,56,56,70,70,70,70,70,62,45],"gold":61,"neow_bonus":"THREE_ENEMY_KILL","is_daily":false,"chose_seed":false,"campfire_upgraded":9,"win_rate":0.0,"timestamp":1608239833,"path_taken":["M","?","M","$","?","R","E","R","T","?","R","$","E","M","R","BOSS","M","$","?","M","?","E","R","M","T","R","M","R","?","?","R","BOSS","M","M","$","?","?","R","E","R","T","M","?","$","?","E","R","BOSS","R","$","E","BOSS"],"items_purchased_type":["Card","Card","Relic"],"build_version":"2020-12-13","purchased_purges":1,"victory":true,"max_hp_per_floor":[70,70,70,70,70,70,70,70,70,70,70,70,70,70,70,70,70,70,70,70,70,70,70,70,70,70,70,70,70,70,70,70,70,70,70,70,70,70,70,70,70,70,70,70,70,70,70,70,70,70,70,70,70,70,70],"card_choices":[{"not_picked":["Skewer","Bane"],"picked":"Blur","floor":1.0},{"not_picked":["Blade Dance","Leg Sweep"],"picked":"Accuracy","floor":3.0},{"not_picked":["Flying Knee","Predator"],"picked":"Adrenaline","floor":7.0},{"not_picked":["Prepared","Endless Agony"],"picked":"Caltrops","floor":13.0},{"not_picked":["Blur","Dagger Spray","Bane"],"picked":"SKIP","floor":14.0},{"not_picked":["Venomology","Malaise"],"picked":"After Image","floor":16.0},{"not_picked":["Slice","Dagger Spray"],"picked":"Cloak And Dagger","floor":18.0},{"not_picked":["Accuracy+1","Flying Knee"],"picked":"Blade Dance+1","floor":21.0},{"not_picked":["PiercingWail","Acrobatics"],"picked":"After Image","floor":23.0},{"not_picked":["Cloak And Dagger","Poisoned Stab+1"],"picked":"Crippling Poison+1","floor":25.0},{"not_picked":["Terror","Outmaneuver"],"picked":"Slice+1","floor":28.0},{"not_picked":["Doppelganger","Glass Knife"],"picked":"Corpse Explosion","floor":33.0},{"not_picked":["Sucker Punch+1"],"picked":"SKIP","floor":35.0},{"not_picked":["Well Laid Plans"],"picked":"SKIP","floor":36.0},{"not_picked":["Riddle With Holes"],"picked":"SKIP","floor":39.0},{"not_picked":["Burst"],"picked":"SKIP","floor":41.0},{"not_picked":["Terror"],"picked":"SKIP","floor":44.0},{"not_picked":["Heel Hook+1"],"picked":"SKIP","floor":45.0},{"not_picked":[],"picked":"Flying Knee+1","floor":48.0},{"not_picked":["All Out Attack+1"],"picked":"SKIP","floor":54.0}],"player_experience":67979,"relics_obtained":[{"floor":7.0,"key":"Paper Crane"},{"floor":9.0,"key":"Pantograph"},{"floor":13.0,"key":"Matryoshka"},{"floor":23.0,"key":"Ornamental Fan"},{"floor":26.0,"key":"Vajra"},{"floor":31.0,"key":"Ancient Tea Set"},{"floor":31.0,"key":"Lantern"},{"floor":41.0,"key":"Dead Branch"},{"floor":43.0,"key":"Turnip"},{"floor":48.0,"key":"Akabeko"},{"floor":54.0,"key":"Happy Flower"}],"event_choices":[{"damage_healed":0.0,"max_hp_gain":0.0,"max_hp_loss":0.0,"gold_gain":0.0,"event_name":"The Cleric","player_choice":"Leave","floor":2.0,"gold_loss":0.0,"damage_taken":0.0},{"damage_healed":0.0,"max_hp_gain":0.0,"max_hp_loss":0.0,"gold_gain":0.0,"event_name":"Living Wall","player_choice":"Grow","floor":5.0,"gold_loss":0.0,"damage_taken":0.0,"cards_upgraded":["Infinite Blades"]},{"damage_healed":0.0,"max_hp_gain":0.0,"max_hp_loss":0.0,"gold_gain":0.0,"event_name":"Masked Bandits","player_choice":"Paid Fearfully","floor":20.0,"gold_loss":93.0,"damage_taken":0.0},{"cards_removed":["Strike_G"],"damage_healed":0.0,"max_hp_gain":0.0,"max_hp_loss":0.0,"gold_gain":0.0,"event_name":"Beggar","player_choice":"Gave Gold","floor":30.0,"gold_loss":75.0,"damage_taken":0.0},{"damage_healed":0.0,"max_hp_gain":0.0,"max_hp_loss":0.0,"gold_gain":0.0,"event_name":"Accursed Blacksmith","player_choice":"Forge","floor":38.0,"gold_loss":0.0,"damage_taken":0.0,"cards_upgraded":["Corpse Explosion"]},{"damage_healed":0.0,"max_hp_gain":0.0,"max_hp_loss":0.0,"gold_gain":0.0,"event_name":"Tomb of Lord Red Mask","player_choice":"Paid","floor":47.0,"gold_loss":95.0,"damage_taken":0.0,"relics_obtained":["Red Mask"]}],"is_beta":false,"boss_relics":[{"not_picked":["Ring of the Serpent","SlaversCollar"],"picked":"Sozu"},{"not_picked":["Empty Cage","Black Star"],"picked":"Busted Crown"}],"items_purged_floors":[19],"is_endless":false,"potions_floor_spawned":[1,3,7,18,21,28,36,41,48],"ascension_level":1}}