{"host":"poixavpewvabi3b6","time":1608179582,"event":{"mods":["BaseMod","DeckTracker","Minty Spire (QoL Compilation)","Replay The Spire","StSLib"],"gold_per_floor":[368,382,307,307,307,307,334,347,347,347,382,382,382,403,403,534,534,524,275,275,275,286,286,302,177,177,177,177,177,190,190,190,290,290,305,321,73,0,15,15,15,33,33,45,91,109,109,121,121,121],"floor_reached":51,"playtime":2027,"items_purged":["Strike_G","Defend_G","Strike_G"],"score":720,"play_id":"639c1a79-b743-4330-8541-a4654ba0c92a","local_time":"20201217133302","is_ascension_mode":false,"campfire_choices":[{"floor":6,"key":"REST"},{"data":"Accuracy","floor":10,"key":"SMITH"},{"data":"Infinite Blades","floor":13,"key":"SMITH"},{"floor":15,"key":"REST"},{"data":"Blade Dance","floor":23,"key":"SMITH"},{"data":"Blade Dance","floor":29,"key":"SMITH"},{"floor":32,"key":"REST"},{"data":"Prepared","floor":40,"key":"SMITH"},{"data":"Defend_G","floor":49,"key":"PURGE"}],"circlet_count":0,"master_deck":["Strike_G","Survivor","Neutralize","Blade Dance+1","Accuracy+1","Prepared+1","Infinite Blades+1","Blade Dance","Accuracy+1","Blade Dance+1","Slice","Night Terror","Burst","Blade Dance+1","Blade Dance","Cloak And Dagger+1","Flying Knee"],"relics":["Ring of the Snake","Bloody Idol","ReplayFunnel","Nunchaku","Strawberry","Ring of Chaos","DollysMirror","Paper Crane","Garlic","HoveringKite","Ornamental Fan","Red Mask","Quantum Egg","Du-Vu Doll","Pear"],"acts_visited":["Exordium","TheCity","TheBeyond"],"potions_floor_usage":[11,16,16,33,50,50],"damage_taken":[{"damage":0,"enemies":"Cultist","floor":1,"turns":5},{"damage":0,"enemies":"Jaw Worm","floor":2,"turns":3},{"damage":0,"enemies":"2 Louse","floor":8,"turns":2},{"damage":24,"enemies":"Lagavulin","floor":11,"turns":7},{"damage":4,"enemies":"Blue Slaver","floor":14,"turns":2},{"damage":29,"enemies":"Fading Forest","floor":16,"turns":11},{"damage":19,"enemies":"2 Thieves","floor":18,"turns":4},{"damage":5,"enemies":"Chosen","floor":22,"turns":3},{"damage":4,"enemies":"Snecko","floor":24,"turns":4},{"damage":6,"enemies":"Snake Plant","floor":30,"turns":3},{"damage":15,"enemies":"Collector","floor":33,"turns":4},{"damage":18,"enemies":"3 Darklings","floor":35,"turns":3},{"damage":7,"enemies":"Orb Walker","floor":36,"turns":2},{"damage":0,"enemies":"Jaw Worm Horde","floor":39,"turns":3},{"damage":0,"enemies":"Transient","floor":42,"turns":5},{"damage":8,"enemies":"3 Darklings","floor":44,"turns":2},{"damage":3,"enemies":"2 Orb Walkers","floor":45,"turns":3},{"damage":9,"enemies":"Sphere and 2 Shapes","floor":46,"turns":2},{"damage":0,"enemies":"Spire Growth","floor":48,"turns":2},{"damage":53,"enemies":"Awakened One","floor":50,"turns":6}],"seed_played":"-3459994877716719268","potions_obtained":[{"floor":8,"key":"Regen Potion"},{"floor":11,"key":"Weak Potion"},{"floor":16,"key":"SteroidPotion"},{"floor":24,"key":"SpeedPotion"},{"floor":35,"key":"Doom Potion"},{"floor":42,"key":"PowerPotion"},{"floor":46,"key":"DuplicationPotion"}],"is_trial":false,"path_per_floor":["M","M","$","?","?","R","T","M","T","R","E","?","R","M","R","B",null,"M","$","T","?","M","R","M","$","T","?","?","R","M","?","R","B",null,"M","M","$","?","M","R","?","M","T","M","?","M","T","M","R","B",null],"character_chosen":"THE_SILENT","items_purchased":["DollysMirror","Ornamental Fan"],"campfire_rested":3,"item_purchase_floors":[19,37],"current_hp_per_floor":[63,63,63,56,41,59,59,59,59,59,54,54,54,50,70,43,70,51,51,51,51,51,51,52,52,52,52,52,52,51,51,70,60,70,57,55,55,55,60,60,60,65,65,62,64,60,70,75,75,22],"gold":121,"neow_bonus":"TWO_FIFTY_GOLD","is_daily":false,"chose_seed":false,"campfire_upgraded":5,"win_rate":0.0,"timestamp":1608179582,"path_taken":["M","?","$","?","?","R","?","M","T","R","E","?","R","M","R","BOSS","M","$","?","?","M","R","M","$","T","?","?","R","M","?","R","BOSS","M","?","$","?","M","R","?","M","T","?","?","M","?","M","R","BOSS"],"items_purchased_type":["Relic","Relic"],"build_version":"2020-12-13","purchased_purges":3,"victory":true,"max_hp_per_floor":[63,63,63,63,63,63,63,63,63,63,70,70,70,70,70,70,70,70,70,70,70,70,70,70,70,70,70,70,70,70,70,70,70,70,70,70,70,70,70,70,70,70,70,70,70,70,80,80,80,80],"card_choices":[{"not_picked":["Deadly Poison","Choke"],"picked":"Blade Dance","floor":1},{"not_picked":["Blade Dance","Bane"],"picked":"Accuracy","floor":2},{"not_picked":["Slice","Dodge and Roll"],"picked":"Prepared","floor":8},{"not_picked":["Choke","Corpse Explosion"],"picked":"Infinite Blades","floor":11},{"not_picked":["Backflip","Eviscerate","Replay:Poison Smokescreen"],"picked":"SKIP","floor":14},{"not_picked":["Dagger Spray","ReplayTheSpireMod:Tripwire"],"picked":"Blade Dance","floor":18},{"not_picked":["Underhanded Strike","Distraction"],"picked":"Blade Dance","floor":22},{"not_picked":["Dagger Throw","Quick Slash+1","Outmaneuver"],"picked":"SKIP","floor":24},{"not_picked":["Crippling Poison","Riddle With Holes","Dodge and Roll"],"picked":"SKIP","floor":30},{"not_picked":["Atom Bomb","Phantasmal Killer"],"picked":"Burst","floor":33},{"not_picked":["PiercingWail","Underhanded Strike"],"picked":"Blade Dance+1","floor":35},{"not_picked":["Concentrate+1","Dagger Spray+1"],"picked":"Blade Dance","floor":36},{"not_picked":["Outmaneuver+1","Distraction+1"],"picked":"Cloak And Dagger+1","floor":39},{"not_picked":["Underhanded Strike+1","Bane"],"picked":"Flying Knee","floor":42},{"not_picked":["Predator+1","Dodge and Roll+1","Grand Finale"],"picked":"SKIP","floor":44},{"not_picked":["Finisher+1","Outmaneuver+1","Riddle With Holes"],"picked":"SKIP","floor":46},{"not_picked":["Noxious Fumes","Acrobatics+1","Deadly Poison"],"picked":"SKIP","floor":48}],"player_experience":131655,"relics_obtained":[{"floor":7,"key":"ReplayFunnel"},{"floor":9,"key":"Nunchaku"},{"floor":11,"key":"Strawberry"},{"floor":20,"key":"Paper Crane"},{"floor":26,"key":"Garlic"},{"floor":43,"key":"Quantum Egg"},{"floor":45,"key":"Du-Vu Doll"},{"floor":47,"key":"Pear"}],"event_choices":[{"cards_removed":["Defend_G"],"damage_healed":0,"gold_gain":0,"player_choice":"Card Removal","damage_taken":7,"max_hp_gain":0,"max_hp_loss":0,"event_name":"Golden Wing","floor":4,"gold_loss":0},{"damage_healed":0,"gold_gain":0,"player_choice":"Take Damage","damage_taken":15,"relics_obtained":["Golden Idol"],"max_hp_gain":0,"max_hp_loss":0,"event_name":"Golden Idol","floor":5,"gold_loss":0},{"cards_removed":["Strike_G"],"damage_healed":0,"gold_gain":0,"player_choice":"Purged","damage_taken":0,"max_hp_gain":0,"max_hp_loss":0,"event_name":"Purifier","floor":12,"gold_loss":0},{"damage_healed":0,"gold_gain":0,"player_choice":"Gave Idol","damage_taken":0,"relics_obtained":["Bloody Idol"],"max_hp_gain":0,"max_hp_loss":0,"event_name":"Forgotten Altar","floor":21,"relics_lost":["Golden Idol"],"gold_loss":0},{"cards_removed":["Defend_G"],"damage_healed":0,"gold_gain":0,"player_choice":"Elegance","damage_taken":0,"max_hp_gain":0,"max_hp_loss":0,"event_name":"Back to Basics","floor":27,"gold_loss":0},{"damage_healed":0,"gold_gain":0,"cards_transformed":["Defend_G","Strike_G"],"player_choice":"Became Test Subject","damage_taken":0,"max_hp_gain":0,"max_hp_loss":0,"event_name":"Drug Dealer","floor":28,"gold_loss":0,"cards_obtained":["Slice","Night Terror"]},{"damage_healed":0,"gold_gain":0,"player_choice":"Ignored","damage_taken":0,"max_hp_gain":0,"max_hp_loss":0,"event_name":"NoteForYourself","floor":31,"gold_loss":0},{"damage_healed":0,"gold_gain":0,"player_choice":"Paid","damage_taken":0,"relics_obtained":["Red Mask"],"max_hp_gain":0,"max_hp_loss":0,"event_name":"Tomb of Lord Red Mask","floor":38,"gold_loss":73},{"damage_healed":0,"gold_gain":0,"player_choice":"Memory 1","damage_taken":0,"max_hp_gain":0,"max_hp_loss":0,"event_name":"SensoryStone","floor":41,"gold_loss":0},{"damage_healed":0,"gold_gain":0,"player_choice":"Fight","damage_taken":0,"max_hp_gain":0,"max_hp_loss":0,"event_name":"Mysterious Sphere","floor":45,"gold_loss":0}],"is_beta":false,"boss_relics":[{"not_picked":["SlaversCollar","Snecko Eye"],"picked":"Ring of Chaos"},{"not_picked":["Runic Dome","Snecko Scales"],"picked":"HoveringKite"}],"items_purged_floors":[3,19,25],"is_endless":false,"potions_floor_spawned":[8,11,16,18,24,35,42,46],"ascension_level":0}}