{"host":"3t6uby4o5waaq95r","time":1608178008,"event":{"mods":["AchievementEnabler","BaseMod","Bestiary","Colored Map","Highlight Path","Minty Spire (QoL Compilation)","Permanent Neow","Quick Restart","Random Character Button","SuperFastMode"],"gold_per_floor":[117,117,117,135,85,85,100,25,25,25,25,36,53,3,3,104,104,123,123,140,151,250,250,267,18,18,18,18,35,50,50,50,50,50],"floor_reached":33,"playtime":721,"items_purged":["Defend_P","Defend_P"],"score":237,"play_id":"7dba27d2-9061-487b-938e-7b5d24877f1f","local_time":"20201216220648","is_ascension_mode":false,"campfire_choices":[{"data":"Eruption","floor":6,"key":"SMITH"},{"data":"Consecrate","floor":10,"key":"SMITH"},{"floor":15,"key":"REST"},{"floor":23,"key":"REST"},{"floor":27,"key":"REST"},{"floor":32,"key":"REST"}],"circlet_count":0,"master_deck":["Strike_P","Strike_P+1","Defend_P","Eruption+1","Vigilance","ReachHeaven","Consecrate+1","EmptyFist+1","ForeignInfluence","EmptyFist","BattleHymn+1","Judgement","TalkToTheHand+1","Tantrum","LessonLearned","LikeWater+1","Blasphemy","FollowUp","Halt"],"relics":["Runic Dome","VioletLotus","Nloth\u0027s Gift","Whetstone","Bottled Flame"],"acts_visited":["Exordium","TheCity"],"potions_floor_usage":[33,33,33],"damage_taken":[{"damage":7,"enemies":"Cultist","floor":1,"turns":3},{"damage":0,"enemies":"Small Slimes","floor":4,"turns":2},{"damage":9,"enemies":"2 Louse","floor":7,"turns":2},{"damage":14,"enemies":"Blue Slaver","floor":12,"turns":2},{"damage":2,"enemies":"Looter","floor":13,"turns":2},{"damage":39,"enemies":"Hexaghost","floor":16,"turns":6},{"damage":0,"enemies":"Spheric Guardian","floor":18,"turns":1},{"damage":3,"enemies":"Shell Parasite","floor":20,"turns":2},{"damage":60,"enemies":"Snake Plant","floor":21,"turns":4},{"damage":10,"enemies":"Cultist and Chosen","floor":24,"turns":4},{"damage":0,"enemies":"Chosen and Byrds","floor":29,"turns":2},{"damage":13,"enemies":"Shelled Parasite and Fungi","floor":30,"turns":3},{"damage":79,"enemies":"Automaton","floor":33,"turns":6}],"seed_played":"-8219944056434232114","potions_obtained":[{"floor":1,"key":"AttackPotion"},{"floor":13,"key":"Ancient Potion"},{"floor":18,"key":"Ambrosia"},{"floor":21,"key":"Block Potion"}],"is_trial":false,"path_per_floor":["M","?","?","M","?","R","M","$","T","R","?","M","M","$","R","B",null,"M","?","M","M","?","R","M","$","T","R","?","M","M","$","R","B"],"character_chosen":"WATCHER","items_purchased":["EmptyFist","Whetstone"],"campfire_rested":4,"item_purchase_floors":[14,25],"current_hp_per_floor":[65,58,58,58,58,58,49,49,49,49,49,35,33,33,54,15,72,72,72,69,9,9,30,20,20,20,41,41,41,28,28,49,0,0],"gold":50,"neow_bonus":"BOSS_RELIC","is_daily":false,"chose_seed":false,"campfire_upgraded":2,"win_rate":0.0,"timestamp":1608178008,"path_taken":["M","?","?","?","?","R","M","$","T","R","?","M","M","?","R","BOSS","M","?","M","?","?","R","M","$","T","R","?","?","?","?","R","BOSS"],"items_purchased_type":["Card","Relic"],"build_version":"2020-12-13","purchased_purges":2,"victory":false,"max_hp_per_floor":[72,72,72,72,72,72,72,72,72,72,72,72,72,72,72,72,72,72,72,72,72,72,72,72,72,72,72,72,72,72,72,72,72,72],"card_choices":[{"not_picked":["WaveOfTheHand","SashWhip"],"picked":"ReachHeaven","floor":1},{"not_picked":["ThirdEye","SashWhip","WaveOfTheHand"],"picked":"SKIP","floor":4},{"not_picked":["PathToVictory","Protect"],"picked":"Consecrate","floor":7},{"not_picked":["Protect","Collect"],"picked":"EmptyFist","floor":12},{"not_picked":["Crescendo","ThirdEye"],"picked":"ForeignInfluence","floor":13},{"not_picked":["EmptyBody","EmptyFist"],"picked":"BattleHymn","floor":15},{"not_picked":["Wish","DevaForm"],"picked":"Judgement","floor":16},{"not_picked":["EmptyFist","FlyingSleeves"],"picked":"TalkToTheHand+1","floor":18},{"not_picked":["SashWhip","PathToVictory"],"picked":"Tantrum","floor":20},{"not_picked":["ClearTheMind","Wireheading"],"picked":"LessonLearned","floor":21},{"not_picked":["CutThroughFate","Prostrate"],"picked":"LikeWater+1","floor":24},{"not_picked":["Tantrum","Evaluate"],"picked":"Halt","floor":29},{"not_picked":["WaveOfTheHand+1","EmptyFist","PathToVictory"],"picked":"SKIP","floor":30}],"player_experience":768899,"relics_obtained":[{"floor":9,"key":"Dream Catcher"},{"floor":26,"key":"Bottled Flame"}],"event_choices":[{"cards_removed":["Defend_P"],"damage_healed":0,"gold_gain":0,"player_choice":"Card Removal","damage_taken":7,"max_hp_gain":0,"max_hp_loss":0,"event_name":"Golden Wing","floor":2,"gold_loss":0},{"damage_healed":0,"gold_gain":0,"player_choice":"Bought 0 Potions","damage_taken":0,"max_hp_gain":0,"max_hp_loss":0,"event_name":"The Woman in Blue","floor":3,"gold_loss":0},{"cards_removed":["Strike_P"],"damage_healed":0,"gold_gain":0,"player_choice":"Card Removal","damage_taken":0,"max_hp_gain":0,"max_hp_loss":0,"event_name":"The Cleric","floor":5,"gold_loss":50},{"cards_removed":["Strike_P"],"damage_healed":0,"gold_gain":0,"player_choice":"Forget","damage_taken":0,"max_hp_gain":0,"max_hp_loss":0,"event_name":"Living Wall","floor":11,"gold_loss":0},{"damage_healed":0,"gold_gain":0,"player_choice":"Traded Relic","damage_taken":0,"relics_obtained":["Nloth\u0027s Gift"],"max_hp_gain":0,"max_hp_loss":0,"event_name":"N\u0027loth","floor":19,"relics_lost":["Dream Catcher"],"gold_loss":0},{"damage_healed":0,"gold_gain":99,"player_choice":"Stole From Cult","damage_taken":0,"max_hp_gain":0,"max_hp_loss":0,"event_name":"Nest","floor":22,"gold_loss":0},{"damage_healed":0,"gold_gain":0,"player_choice":"2 cards matched","damage_taken":0,"max_hp_gain":0,"max_hp_loss":0,"event_name":"Match and Keep!","floor":28,"gold_loss":0,"cards_obtained":["Blasphemy","FollowUp"]}],"is_beta":false,"boss_relics":[{"not_picked":["Fusion Hammer","SacredBark"],"picked":"VioletLotus"}],"items_purged_floors":[8,25],"is_endless":false,"potions_floor_spawned":[1,13,18,21,29,30],"killed_by":"Automaton","ascension_level":0}}