{"host":"Niota","time":1608218618,"event":{"mods":["BaseMod","Colored Map","Colored Powertips","DeckTracker","Highlight Path","Minty Spire (QoL Compilation)"],"gold_per_floor":[111,111,111,62,24,24,59,74,74,38,79,79,120,138,138,269,269,292,316,330,348,348,348,388,388,414,447,447,463,463,481,481,605,605,619,619,619,330,354,393,405,113,139,139,182,182,245,265,265,265,265],"floor_reached":50,"playtime":3733,"items_purged":[],"score":1009,"play_id":"8dcc6082-c8b4-4063-8dd0-a320c00fce73","local_time":"20201217162338","is_ascension_mode":true,"campfire_choices":[{"data":"White Noise","floor":6.0,"key":"SMITH"},{"floor":15.0,"key":"REST"},{"data":"Zap","floor":23.0,"key":"SMITH"},{"data":"Buffer","floor":25.0,"key":"SMITH"},{"data":"Fusion","floor":28.0,"key":"SMITH"},{"data":"Chaos","floor":30.0,"key":"SMITH"},{"floor":32.0,"key":"REST"},{"data":"Defragment","floor":41.0,"key":"SMITH"},{"data":"Seek","floor":44.0,"key":"SMITH"},{"floor":46.0,"key":"RECALL"},{"data":"Darkness","floor":49.0,"key":"SMITH"}],"circlet_count":0,"master_deck":["Zap+1","Dualcast","Seek+1","White Noise+1","Compile Driver","Doom and Gloom","Sunder","Gash","Defragment+1","Chill","Fusion+1","Scrape","Buffer+1","Loop","Heatsinks","Skim","Chill","Chaos+1","FTL","Reprogram","Chill+1","Aggregate","Tempest","Darkness+1","Loop+1","Gash","Loop","Conserve Battery+1","Reboot","BootSequence+1","Madness","Madness+1","Multi-Cast","Capacitor","Capacitor+1","White Noise+1","All For One","Stack+1","Double Energy+1"],"relics":["Cracked Core","Golden Idol","Oddly Smooth Stone","Turnip","Ancient Tea Set","DataDisk","StrikeDummy","Pandora\u0027s Box","Blood Vial","Regal Pillow","Letter Opener","Philosopher\u0027s Stone","Strange Spoon","MawBank","War Paint","Eternal Feather","Thread and Needle"],"acts_visited":["Exordium","TheCity","TheBeyond"],"potions_floor_usage":[50,50],"damage_taken":[{"damage":7.0,"enemies":"Jaw Worm","floor":1.0,"turns":3.0},{"damage":25.0,"enemies":"Lagavulin","floor":7.0,"turns":6.0},{"damage":0.0,"enemies":"2 Louse","floor":8.0,"turns":2.0},{"damage":9.0,"enemies":"3 Sentries","floor":11.0,"turns":5.0},{"damage":6.0,"enemies":"Lagavulin","floor":13.0,"turns":6.0},{"damage":0.0,"enemies":"Cultist","floor":14.0,"turns":3.0},{"damage":0.0,"enemies":"Slime Boss","floor":16.0,"turns":5.0},{"damage":6.0,"enemies":"Chosen","floor":18.0,"turns":3.0},{"damage":0.0,"enemies":"3 Byrds","floor":19.0,"turns":5.0},{"damage":0.0,"enemies":"3 Cultists","floor":20.0,"turns":5.0},{"damage":5.0,"enemies":"Centurion and Healer","floor":21.0,"turns":9.0},{"damage":28.0,"enemies":"Gremlin Leader","floor":24.0,"turns":7.0},{"damage":0.0,"enemies":"Slavers","floor":27.0,"turns":7.0},{"damage":0.0,"enemies":"Snecko","floor":29.0,"turns":3.0},{"damage":4.0,"enemies":"Shelled Parasite and Fungi","floor":31.0,"turns":3.0},{"damage":0.0,"enemies":"Champ","floor":33.0,"turns":6.0},{"damage":5.0,"enemies":"3 Shapes","floor":35.0,"turns":4.0},{"damage":0.0,"enemies":"3 Darklings","floor":39.0,"turns":5.0},{"damage":0.0,"enemies":"Giant Head","floor":40.0,"turns":5.0},{"damage":47.0,"enemies":"Nemesis","floor":45.0,"turns":5.0},{"damage":0.0,"enemies":"Mind Bloom Boss Battle","floor":47.0,"turns":4.0},{"damage":0.0,"enemies":"Spire Growth","floor":48.0,"turns":4.0},{"damage":71,"enemies":"Time Eater","floor":50,"turns":8}],"seed_played":"-5938238916935770452","potions_obtained":[{"floor":7.0,"key":"EntropicBrew"},{"floor":14.0,"key":"Fire Potion"},{"floor":18.0,"key":"EntropicBrew"},{"floor":19.0,"key":"Block Potion"},{"floor":24.0,"key":"CultistPotion"},{"floor":31.0,"key":"DuplicationPotion"},{"floor":33.0,"key":"Explosive Potion"},{"floor":39.0,"key":"FocusPotion"},{"floor":45.0,"key":"SkillPotion"},{"floor":48.0,"key":"Explosive Potion"}],"is_trial":false,"path_per_floor":["M","?","?","$","$","R","E","M","T","$","E","T","E","M","R","B",null,"M","M","M","M","?","R","E","R","T","E","R","M","R","M","R","B",null,"M","?","?","$","M","E","R","$","T","R","E","R","?","M","R","B"],"character_chosen":"DEFECT","items_purchased":["Compile Driver","Doom and Gloom","Defragment","Multi-Cast","Strange Spoon","Capacitor","All For One","War Paint"],"campfire_rested":2,"item_purchase_floors":[4,5,10,38,38,38,42,42],"current_hp_per_floor":[61,54,54,54,54,54,29,29,29,29,20,20,14,14,34,34,60,54,54,54,49,49,49,21,21,21,23,23,25,25,23,58,60,67,64,64,55,55,57,59,59,59,59,59,14,35,37,39,60,0,0],"gold":265,"neow_bonus":"THREE_RARE_CARDS","is_daily":false,"chose_seed":false,"campfire_upgraded":8,"win_rate":0.0,"timestamp":1608218618,"path_taken":["M","?","?","?","$","R","E","M","T","$","E","?","E","M","R","BOSS","M","?","M","M","?","R","E","R","T","E","R","?","R","M","R","BOSS","M","?","?","?","?","E","R","$","T","R","E","R","?","M","R","BOSS"],"items_purchased_type":["Card","Card","Card","Card","Relic","Card","Card","Relic"],"build_version":"2020-12-07","purchased_purges":0,"victory":false,"max_hp_per_floor":[75,75,69,69,69,69,69,69,69,69,69,69,69,69,69,69,69,69,69,69,69,69,69,69,69,69,69,69,69,69,69,69,69,69,69,69,69,69,69,69,69,69,69,69,69,69,69,69,69,69,69],"card_choices":[{"not_picked":["Creative AI","Meteor Strike"],"picked":"Seek","floor":0.0},{"not_picked":["Recycle","Go for the Eyes"],"picked":"White Noise","floor":1.0},{"not_picked":["Redo","Streamline"],"picked":"Sunder","floor":7.0},{"not_picked":["Force Field","Leap"],"picked":"Gash","floor":8.0},{"not_picked":["Steam Power","Steam"],"picked":"Chill","floor":11.0},{"not_picked":["Hologram","Sunder"],"picked":"Fusion","floor":13.0},{"not_picked":["Conserve Battery","Stack"],"picked":"Scrape","floor":14.0},{"not_picked":["Amplify","Electrodynamics"],"picked":"Buffer","floor":16.0},{"not_picked":["Blizzard","Steam"],"picked":"Aggregate","floor":18.0},{"not_picked":["Ball Lightning","Cold Snap"],"picked":"Tempest","floor":19.0},{"not_picked":["Sweeping Beam+1","Storm"],"picked":"Darkness","floor":20.0},{"not_picked":["Rebound","Ball Lightning+1"],"picked":"Loop+1","floor":21.0},{"not_picked":["Go for the Eyes","Stack","Barrage"],"picked":"SKIP","floor":24.0},{"not_picked":["Steam Power","Auto Shields"],"picked":"Gash","floor":27.0},{"not_picked":["Steam","Stack"],"picked":"Loop","floor":29.0},{"not_picked":["Hologram","Doom and Gloom"],"picked":"Conserve Battery+1","floor":31.0},{"not_picked":["Buffer","Biased Cognition"],"picked":"Reboot","floor":33.0},{"not_picked":["Rebound+1","Stack"],"picked":"BootSequence+1","floor":35.0},{"not_picked":["Hello World","Undo"],"picked":"Capacitor+1","floor":39.0},{"not_picked":["Ball Lightning","Compile Driver"],"picked":"White Noise+1","floor":40.0},{"not_picked":["Gash","Genetic Algorithm+1","Beam Cell"],"picked":"SKIP","floor":45.0},{"not_picked":["Redo+1","Streamline"],"picked":"Stack+1","floor":47.0},{"not_picked":["Coolheaded","Redo"],"picked":"Double Energy+1","floor":48.0}],"player_experience":804802,"relics_obtained":[{"floor":7.0,"key":"Oddly Smooth Stone"},{"floor":9.0,"key":"Turnip"},{"floor":11.0,"key":"Ancient Tea Set"},{"floor":12.0,"key":"DataDisk"},{"floor":13.0,"key":"StrikeDummy"},{"floor":24.0,"key":"Blood Vial"},{"floor":26.0,"key":"Regal Pillow"},{"floor":27.0,"key":"Letter Opener"},{"floor":40.0,"key":"MawBank"},{"floor":45.0,"key":"Eternal Feather"},{"floor":47.0,"key":"Thread and Needle"}],"event_choices":[{"cards_removed":["Injury"],"damage_healed":0.0,"max_hp_gain":0.0,"max_hp_loss":0.0,"gold_gain":0.0,"event_name":"Golden Wing","player_choice":"Card Removal","floor":2.0,"gold_loss":0.0,"damage_taken":7.0},{"damage_healed":0.0,"max_hp_gain":0.0,"max_hp_loss":6.0,"gold_gain":0.0,"event_name":"Golden Idol","player_choice":"Lose Max HP","floor":3.0,"gold_loss":0.0,"damage_taken":0.0,"relics_obtained":["Golden Idol"]},{"damage_healed":0.0,"max_hp_gain":0.0,"max_hp_loss":0.0,"gold_gain":0.0,"event_name":"NoteForYourself","player_choice":"Ignored","floor":22.0,"gold_loss":0.0,"damage_taken":0.0},{"damage_healed":0.0,"max_hp_gain":0.0,"max_hp_loss":0.0,"gold_gain":0.0,"event_name":"Tomb of Lord Red Mask","player_choice":"Ignored","floor":36.0,"gold_loss":0.0,"damage_taken":0.0},{"damage_healed":0.0,"max_hp_gain":0.0,"max_hp_loss":0.0,"gold_gain":0.0,"event_name":"Winding Halls","player_choice":"Embrace Madness","floor":37.0,"gold_loss":0.0,"damage_taken":9.0,"cards_obtained":["Madness","Madness"]},{"damage_healed":0.0,"max_hp_gain":0.0,"max_hp_loss":0.0,"gold_gain":0.0,"event_name":"MindBloom","player_choice":"Fight","floor":47.0,"gold_loss":0.0,"damage_taken":0.0}],"is_beta":true,"boss_relics":[{"not_picked":["Fusion Hammer","Busted Crown"],"picked":"Pandora\u0027s Box"},{"not_picked":["Black Star","Runic Pyramid"],"picked":"Philosopher\u0027s Stone"}],"items_purged_floors":[],"is_endless":false,"potions_floor_spawned":[7,14,18,19,24,31,33,39,45,48],"killed_by":"Time Eater","ascension_level":7}}