{"host":"y30n8hbqlqxhztg8","time":1608238206,"event":{"mods":["A Magickal Journey","AchievementEnabler","BaseMod","BetterRewards","Block Reminder","CatGirl Mod","Colored Map","Conspire","Downfall","GifTheSpireLib","Glutton Mod","Hubris","Infinite Spire","Koishi","Lobotomy","LobotomyExtend","Marisa????????","Minty Spire (QoL Compilation)","Prisma Mod","Replay The Spire","Shop Mod","Somnambulant","StSLib","Stuff the Spire","The Factory","The Forsaken","The Jungle","[IsaacMod]????"],"gold_per_floor":[117,117,117,136,150,150,182,182,182,217,217,294,147,147,147,254,254,325,325,348,20,20,20,40,40,66,86,86],"floor_reached":27,"playtime":646,"items_purged":[],"score":228,"play_id":"95428db1-8e87-40b2-beeb-aee44091ce9a","local_time":"20201217125006","is_ascension_mode":true,"campfire_choices":[{"data":"Bludgeon","floor":6,"key":"SMITH"},{"data":"infinitespire:OneForAll","floor":8,"key":"SMITH"},{"floor":15,"key":"REST"},{"floor":23,"key":"REST"},{"data":"infinitespire:OneForAll","floor":25,"key":"SMITH"}],"circlet_count":0,"master_deck":["Strike_R","Strike_R","Strike_R","Strike_R","Strike_R","Defend_R","Defend_R+1","Defend_R+1","Defend_R","Bash","Bludgeon+1","Metallicize","Uppercut","Perfected Strike","infinitespire:OneForAll+1","Demon Form","Barricade","Wild Strike","Entrench","infinitespire:OneForAll+1","Wild Strike"],"relics":["Burning Blood","HushsDoor","HowToJump","LetterFromLob","SatanicBible","infinitespire:Midas Blood","Simple Rune","Meat on the Bone","Regal Pillow"],"acts_visited":["Exordium","TheCity"],"potions_floor_usage":[16,18,24,27],"damage_taken":[{"damage":6,"enemies":"Cultist","floor":1,"turns":3},{"damage":0,"enemies":"Jaw Worm","floor":4,"turns":2},{"damage":9,"enemies":"2 Louse","floor":5,"turns":3},{"damage":11,"enemies":"Gremlin Nob","floor":7,"turns":4},{"damage":20,"enemies":"Lagavulin","floor":10,"turns":6},{"damage":8,"enemies":"The Guardian","floor":16,"turns":6},{"damage":47,"enemies":"3 Byrds","floor":18,"turns":8},{"damage":10,"enemies":"Chosen","floor":20,"turns":3},{"damage":5,"enemies":"Snake Plant","floor":24,"turns":5},{"damage":78,"enemies":"Gremlin Leader","floor":27,"turns":8}],"seed_played":"-8028609199348708678","potions_obtained":[{"floor":1,"key":"BlessingOfTheForge"},{"floor":4,"key":"SteroidPotion"},{"floor":16,"key":"conspire:TimeTravelPotion"},{"floor":20,"key":"Weak Potion"},{"floor":24,"key":"BlessingOfTheForge"}],"is_trial":false,"path_per_floor":["M","$","$","M","M","R","E","R","T","E","?","?","$","?","R","B",null,"M","?","M","$","?","R","M","R","T","E"],"character_chosen":"IRONCLAD","items_purchased":["Simple Rune","Meat on the Bone","infinitespire:OneForAll"],"campfire_rested":2,"item_purchase_floors":[13,21,21],"current_hp_per_floor":[80,80,80,80,77,77,72,72,72,58,58,47,47,47,71,69,80,54,54,50,50,50,74,75,75,75,0,0],"gold":86,"neow_bonus":"ONE_RANDOM_RARE_CARD","is_daily":false,"chose_seed":false,"campfire_upgraded":3,"win_rate":0.0,"timestamp":1608238206,"path_taken":["M","?","$","?","M","R","E","R","T","E","?","?","$","?","R","BOSS","M","?","M","$","?","R","M","R","T","E"],"items_purchased_type":["Relic","Relic","Card"],"build_version":"2020-12-13","purchased_purges":0,"victory":false,"max_hp_per_floor":[80,80,80,80,80,80,80,80,80,80,80,80,80,80,80,80,80,80,80,80,80,80,80,80,80,80,80,80],"card_choices":[{"not_picked":["Heavy Blade","Pommel Strike"],"picked":"Metallicize","floor":1},{"not_picked":["Warcry","Body Slam"],"picked":"Uppercut","floor":4},{"not_picked":["Pummel","Iron Wave"],"picked":"Perfected Strike","floor":5},{"not_picked":["Heavy Blade","ReplayTheSpireMod:Strike From Hell"],"picked":"infinitespire:OneForAll","floor":7},{"not_picked":["Shrug It Off","hubris:ReadiedAction"],"picked":"Demon Form","floor":10},{"not_picked":["Double Tap","Berserk"],"picked":"Barricade","floor":16},{"not_picked":["Clothesline","Clash"],"picked":"Wild Strike","floor":18},{"not_picked":["Demon Form","Spot Weakness"],"picked":"Entrench","floor":20},{"not_picked":["Havoc","StuffTheSpire:Slingshot+1"],"picked":"Wild Strike","floor":24}],"player_experience":73421,"relics_obtained":[{"floor":1,"key":"LetterFromLob"},{"floor":7,"key":"SatanicBible"},{"floor":9,"key":"infinitespire:Midas Blood"},{"floor":26,"key":"Regal Pillow"}],"event_choices":[{"damage_healed":0,"gold_gain":75,"player_choice":"Gather Gold","damage_taken":11,"max_hp_gain":0,"max_hp_loss":0,"event_name":"World of Goop","floor":12,"gold_loss":0}],"is_beta":false,"boss_relics":[{"not_picked":["Replay:Drink Me","theForsaken:PaleLantern","hubris:VirtuousBlindfold"]}],"items_purged_floors":[],"is_endless":false,"potions_floor_spawned":[1,4,16,20,24],"killed_by":"Gremlin Leader","ascension_level":1}}