{"host":"a1eatafr7pisesky","time":1608184647,"event":{"mods":["BaseMod","Colored Map","DeckTracker","Highlight Path","Keyboard Shortcuts","Minty Spire (QoL Compilation)","Permanent Neow","Random Character Button","StSLib","SuperFastMode","everything is the same but u backflip on backflip"],"gold_per_floor":[115,85,95,110,110,110,136,136,185,202,236,258,282,310,310,310,310],"floor_reached":16,"playtime":418,"items_purged":[],"score":154,"play_id":"bcf04522-66ca-46db-a9f4-ce1269f434fd","local_time":"20201217145727","is_ascension_mode":true,"campfire_choices":[{"data":"Body Slam","floor":6.0,"key":"SMITH"},{"data":"Armaments","floor":8.0,"key":"SMITH"},{"data":"Dual Wield","floor":15.0,"key":"SMITH"}],"circlet_count":0,"master_deck":["Strike_R","Strike_R","Strike_R","Strike_R","Strike_R","Defend_R+1","Defend_R","Defend_R+1","Defend_R","Bash","Uppercut","Flex","Body Slam+1","Armaments+1","Dual Wield+1","Burning Pact","Power Through","Flame Barrier","Battle Trance"],"relics":["Burning Blood","NeowsBlessing","FaceOfCleric","War Paint","Omamori","CeramicFish"],"acts_visited":["Exordium"],"potions_floor_usage":[16,16,16],"damage_taken":[{"damage":0.0,"enemies":"Small Slimes","floor":1.0,"turns":1.0},{"damage":0.0,"enemies":"Cultist","floor":3.0,"turns":1.0},{"damage":0.0,"enemies":"Jaw Worm","floor":4.0,"turns":1.0},{"damage":17.0,"enemies":"Gremlin Nob","floor":7.0,"turns":4.0},{"damage":7.0,"enemies":"Red Slaver","floor":10.0,"turns":3.0},{"damage":30.0,"enemies":"Lagavulin","floor":11.0,"turns":6.0},{"damage":35.0,"enemies":"Gremlin Gang","floor":12.0,"turns":5.0},{"damage":6.0,"enemies":"Blue Slaver","floor":13.0,"turns":4.0},{"damage":0.0,"enemies":"2 Fungi Beasts","floor":14.0,"turns":3.0},{"damage":39,"enemies":"Slime Boss","floor":16,"turns":9}],"seed_played":"2055081920442852015","potions_obtained":[{"floor":1.0,"key":"Regen Potion"},{"floor":2.0,"key":"DistilledChaos"},{"floor":2.0,"key":"BlessingOfTheForge"},{"floor":11.0,"key":"Dexterity Potion"},{"floor":14.0,"key":"SteroidPotion"}],"is_trial":false,"path_per_floor":["M","?","M","M","?","R","E","R","T","M","E","M","M","M","R","B"],"character_chosen":"IRONCLAD","items_purchased":[],"campfire_rested":0,"item_purchase_floors":[],"current_hp_per_floor":[78,78,80,80,80,80,70,70,70,70,47,19,29,36,36,0,0],"gold":310,"neow_bonus":"THREE_ENEMY_KILL","is_daily":false,"chose_seed":false,"campfire_upgraded":3,"win_rate":0.0,"timestamp":1608184647,"path_taken":["M","?","?","M","?","R","E","R","T","?","E","M","M","M","R","BOSS"],"items_purchased_type":[],"build_version":"2020-12-13","purchased_purges":0,"victory":false,"max_hp_per_floor":[80,80,80,80,80,80,81,81,81,82,83,84,85,86,86,86,86],"card_choices":[{"not_picked":["Second Wind","Sword Boomerang"],"picked":"Uppercut","floor":1.0},{"not_picked":["Flex","Wild Strike","Sever Soul"],"picked":"SKIP","floor":3.0},{"not_picked":["Wild Strike","Sever Soul"],"picked":"Flex","floor":3.0},{"not_picked":["Feel No Pain","Clash"],"picked":"Body Slam","floor":4.0},{"not_picked":["Ghostly Armor","Flame Barrier"],"picked":"Armaments","floor":7.0},{"not_picked":["Headbutt","Sword Boomerang"],"picked":"Dual Wield","floor":10.0},{"not_picked":["Spot Weakness","Uppercut"],"picked":"Burning Pact","floor":11.0},{"not_picked":["Clash","Intimidate"],"picked":"Power Through","floor":12.0},{"not_picked":["Dropkick","Twin Strike"],"picked":"Flame Barrier","floor":13.0},{"not_picked":["Perfected Strike","Iron Wave"],"picked":"Battle Trance","floor":14.0}],"player_experience":210058,"relics_obtained":[{"floor":7.0,"key":"War Paint"},{"floor":9.0,"key":"Omamori"},{"floor":11.0,"key":"CeramicFish"}],"event_choices":[{"damage_healed":0.0,"max_hp_gain":0.0,"max_hp_loss":0.0,"gold_gain":0.0,"event_name":"The Woman in Blue","player_choice":"Bought 2 Potions","floor":2.0,"gold_loss":0.0,"damage_taken":0.0},{"damage_healed":0.0,"max_hp_gain":0.0,"max_hp_loss":0.0,"gold_gain":0.0,"event_name":"FaceTrader","player_choice":"Trade","floor":5.0,"gold_loss":0.0,"damage_taken":0.0,"relics_obtained":["FaceOfCleric"]}],"is_beta":false,"boss_relics":[],"items_purged_floors":[],"is_endless":false,"potions_floor_spawned":[1,4,11,12,14],"killed_by":"Slime Boss","ascension_level":7}}