{"host":"y30n8hbqlqxhztg8","time":1608237518,"event":{"mods":["A Magickal Journey","AchievementEnabler","BaseMod","BetterRewards","Block Reminder","CatGirl Mod","Colored Map","Conspire","Downfall","GifTheSpireLib","Glutton Mod","Hubris","Infinite Spire","Koishi","Lobotomy","LobotomyExtend","Marisa????????","Minty Spire (QoL Compilation)","Prisma Mod","Replay The Spire","Shop Mod","Somnambulant","StSLib","Stuff the Spire","The Factory","The Forsaken","The Jungle","[IsaacMod]????"],"gold_per_floor":[110,126,140,140,140,165,165,195,248,290,290,290,290,307,307,411,411,411,411,411],"floor_reached":19,"playtime":896,"items_purged":[],"score":182,"play_id":"1f1edf11-8b1e-4dbd-9e72-2b6a0d3fe914","local_time":"20201217123838","is_ascension_mode":true,"campfire_choices":[{"floor":7,"key":"REST"},{"floor":13,"key":"REST"},{"floor":15,"key":"REST"}],"circlet_count":0,"master_deck":["PrismaMod:ChloeCommonAttack","PrismaMod:ChloeCommonAttack","PrismaMod:ChloeCommonAttack","PrismaMod:ChloeCommonAttack","PrismaMod:ChloeCommonAttack","PrismaMod:ChloeCommonDefend","PrismaMod:ChloeCommonDefend","PrismaMod:ChloeCommonDefend","PrismaMod:ChloeCommonDefend","PrismaMod:ChloeCommonDefend","PrismaMod:ChloeCheapAttack","PrismaMod:ChloeCheapDefend","PrismaMod:ChloeCheapDefendTwo","PrismaMod:ChloeCheapAttack","PrismaMod:ChloeCheapAttackTwo","PrismaMod:ChloeCheapDefend","PrismaMod:ChloeDevil","PrismaMod:ChloeExcalibur","PrismaMod:ChloeDevil"],"relics":["PrismaMod:PrismaTraceOnUpgrade","HushsDoor","MoneyPower","LetterFromLob","Lantern","hubris:SphereOfDissonance","Replay:Baseball","White Beast Statue","Gaze_r","HonorFeather"],"acts_visited":["Exordium","TheCity"],"potions_floor_usage":[16,18,18],"damage_taken":[{"damage":8,"enemies":"infinitespire:Voidling","floor":1,"turns":4},{"damage":0,"enemies":"Cultist","floor":2,"turns":4},{"damage":0,"enemies":"2 Louse","floor":3,"turns":3},{"damage":25,"enemies":"Replay:BlueRogue","floor":6,"turns":8},{"damage":11,"enemies":"Lagavulin","floor":8,"turns":5},{"damage":34,"enemies":"conspire:MimicChest","floor":10,"turns":6},{"damage":0,"enemies":"Large Slime","floor":14,"turns":2},{"damage":16,"enemies":"The Guardian","floor":16,"turns":6},{"damage":4,"enemies":"Chosen","floor":18,"turns":3},{"damage":66,"enemies":"Chosen","floor":18,"turns":4},{"damage":2,"enemies":"Chosen","floor":19,"turns":1}],"seed_played":"8429312838212814977","potions_obtained":[{"floor":3,"key":"Dexterity Potion"},{"floor":8,"key":"SteroidPotion"},{"floor":16,"key":"SpeedPotion"}],"is_trial":false,"path_per_floor":["M","M","M","$","?","E","R","E","T","?","?","T","R","M","R","B",null,"M","M"],"character_chosen":"CHLOE","items_purchased":[],"campfire_rested":3,"item_purchase_floors":[],"current_hp_per_floor":[78,78,78,78,78,53,77,66,66,34,34,34,58,60,82,66,82,1,0,0],"gold":411,"neow_bonus":"TEN_PERCENT_HP_BONUS","is_daily":false,"chose_seed":false,"campfire_upgraded":0,"win_rate":0.0,"timestamp":1608237518,"path_taken":["M","?","?","$","?","E","R","E","T","?","?","?","R","M","R","BOSS","M","M"],"items_purchased_type":[],"build_version":"2020-12-13","purchased_purges":0,"victory":false,"max_hp_per_floor":[82,82,82,82,82,82,82,82,82,82,82,82,82,82,82,82,82,1,1,1],"card_choices":[{"not_picked":["PrismaMod:ChloeDemonicTutor","PrismaMod:ChloeUncommonAOEAttack"],"picked":"PrismaMod:ChloeCheapDefendTwo","floor":1},{"not_picked":["PrismaMod:ChloeBetterTracePools","Bomb"],"picked":"PrismaMod:ChloeCheapAttack","floor":2},{"not_picked":["PrismaMod:ChloeCheapDefend","PrismaMod:ChloeExhaustOne"],"picked":"PrismaMod:ChloeCheapAttackTwo","floor":3},{"not_picked":["Bomb","PrismaMod:ChloeEyeOfTheEuryale"],"picked":"PrismaMod:ChloeCheapDefend","floor":6},{"not_picked":["PrismaMod:ChloeCommonAOEAttack","Bomb"],"picked":"PrismaMod:ChloeDevil","floor":8},{"not_picked":["PrismaMod:ChloeCheapAttackTwo","PrismaMod:ChloeExhaustOne"],"picked":"Bomb","floor":10},{"not_picked":["PrismaMod:ChloeExhaustTwo","PrismaMod:ChloeCheapDefendTwo"],"picked":"PrismaMod:ChloeExcalibur","floor":14},{"not_picked":["PrismaMod:ChloeAnyCommonTrace","PrismaMod:ChloeExhaustThree"],"picked":"PrismaMod:ChloeDevil","floor":16}],"player_experience":72525,"relics_obtained":[{"floor":1,"key":"LetterFromLob"},{"floor":6,"key":"Lantern"},{"floor":8,"key":"hubris:SphereOfDissonance"},{"floor":10,"key":"Replay:Baseball"},{"floor":12,"key":"White Beast Statue"}],"event_choices":[],"is_beta":false,"boss_relics":[{"not_picked":["hubris:CrackedHourglass","Calling Bell"],"picked":"PrismaMod:PrismaTraceOnUpgrade"},{"not_picked":[]}],"items_purged_floors":[],"is_endless":false,"potions_floor_spawned":[1,3,8,14,16,18,18],"killed_by":"Chosen","ascension_level":1}}