{"host":"utqe55yv0jihe4d6","time":1608221328,"event":{"mods":["2.2 Compatiblity","AchievementEnabler","BaseMod","Block Reminder","Colored Map","Colored Powertips","Minty Spire (QoL Compilation)","Quick Restart","Rare Cards Sparkle","Relic Stats","SuperFastMode"],"gold_per_floor":[115,126,126,142,142,142,176,176,176,196,196,196,196,231,231,324,324,344,344,387,3,26,26,64,64,64,103,115,127,139,165,177,189,201,201],"floor_reached":34,"playtime":1171,"items_purged":["Strike_G+1"],"score":588,"play_id":"f602fb7d-9094-4e74-9e50-ba80275de4bc","local_time":"20201217110848","is_ascension_mode":true,"campfire_choices":[{"data":"Neutralize","floor":6.0,"key":"SMITH"},{"data":"Deadly Poison","floor":8.0,"key":"SMITH"},{"floor":12.0,"key":"REST"},{"floor":15.0,"key":"REST"},{"floor":23.0,"key":"REST"},{"floor":25,"key":"REST"},{"floor":29,"key":"REST"},{"data":"Strike_G+1","floor":33,"key":"PURGE"}],"circlet_count":0,"master_deck":["AscendersBane","Strike_G+1","Strike_G+1","Defend_G+1","Defend_G+1","Defend_G+1","Defend_G+1","Defend_G+1","Survivor","Neutralize+1","Blade Dance","Poisoned Stab","Malaise","Deadly Poison+1","Phantasmal Killer","Well Laid Plans","Dodge and Roll+1","Backstab","Leg Sweep","Skewer","Crippling Poison"],"relics":["Ring of the Snake","Peace Pipe","Mango","Golden Idol","Shuriken","Fusion Hammer","Red Mask","Mummified Hand","White Beast Statue","Question Card","MawBank"],"acts_visited":["Exordium","TheCity"],"potions_floor_usage":[24,27,34,34],"damage_taken":[{"damage":0.0,"enemies":"Cultist","floor":1.0,"turns":4.0},{"damage":0.0,"enemies":"2 Louse","floor":2.0,"turns":3.0},{"damage":5.0,"enemies":"Small Slimes","floor":4.0,"turns":4.0},{"damage":34.0,"enemies":"Lagavulin","floor":7.0,"turns":8.0},{"damage":9.0,"enemies":"3 Louse","floor":10.0,"turns":6.0},{"damage":50.0,"enemies":"3 Sentries","floor":14.0,"turns":14.0},{"damage":23.0,"enemies":"The Guardian","floor":16.0,"turns":11.0},{"damage":5.0,"enemies":"Chosen","floor":18.0,"turns":7.0},{"damage":50.0,"enemies":"Masked Bandits","floor":20.0,"turns":5.0},{"damage":9.0,"enemies":"Spheric Guardian","floor":22.0,"turns":5.0},{"damage":15,"enemies":"Slavers","floor":24,"turns":7},{"damage":35,"enemies":"Gremlin Leader","floor":27,"turns":10},{"damage":12,"enemies":"Cultist and Chosen","floor":31,"turns":6},{"damage":59,"enemies":"Automaton","floor":34,"turns":12}],"seed_played":"-6661715906387060745","potions_obtained":[{"floor":1.0,"key":"Ancient Potion"},{"floor":14.0,"key":"Energy Potion"},{"floor":16.0,"key":"EssenceOfSteel"},{"floor":18.0,"key":"Regen Potion"},{"floor":22.0,"key":"AttackPotion"},{"floor":24,"key":"CunningPotion"},{"floor":27,"key":"ColorlessPotion"},{"floor":31,"key":"Poison Potion"}],"is_trial":false,"path_per_floor":["M","M","?","M","?","R","E","R","T","M","?","R","?","E","R","B",null,"M","?","?","$","M","R","E","R","T","E","$","R","?","M","M","R","B"],"character_chosen":"THE_SILENT","items_purchased":["Mummified Hand","Backstab"],"campfire_rested":5,"item_purchase_floors":[21,21],"current_hp_per_floor":[65,65,65,60,65,65,31,31,45,36,29,56,56,6,30,7,63,58,58,23,23,14,38,23,47,47,12,12,36,52,40,40,40,0,0],"gold":201,"neow_bonus":"TEN_PERCENT_HP_BONUS","is_daily":false,"chose_seed":false,"campfire_upgraded":2,"win_rate":0.0,"timestamp":1608221328,"path_taken":["M","?","?","M","?","R","E","R","T","M","?","R","?","E","R","BOSS","M","?","?","$","M","R","E","R","T","E","$","R","?","M","M","R","BOSS"],"items_purchased_type":["Relic","Card"],"build_version":"2020-12-13","purchased_purges":1,"victory":false,"max_hp_per_floor":[72,72,72,72,77,77,77,77,91,91,91,91,82,82,82,82,82,82,82,82,82,82,82,82,82,82,82,82,82,82,82,82,82,82,82],"relic_stats":{"Peace Pipe":2,"counters":[14,102],"Golden Idol":63,"Shuriken":[24],"Mummified Hand":[3],"Question Card":2,"MawBank":84,"obtain_stats":[{"Peace Pipe":7,"Golden Idol":13,"Shuriken":14,"Mummified Hand":21,"Mango":9,"Fusion Hammer":17,"Red Mask":20,"Question Card":26,"MawBank":27,"White Beast Statue":24,"Ring of the Snake":0},{"Peace Pipe":4,"Golden Idol":5,"Shuriken":6,"Mummified Hand":9,"Mango":4,"Fusion Hammer":7,"Red Mask":9,"Question Card":11,"MawBank":12,"White Beast Statue":11,"Ring of the Snake":0},{"Peace Pipe":19,"Golden Idol":25,"Shuriken":39,"Mummified Hand":62,"Mango":19,"Fusion Hammer":50,"Red Mask":62,"Question Card":74,"MawBank":84,"White Beast Statue":74,"Ring of the Snake":0}],"Ring of the Snake":[28]},"card_choices":[{"not_picked":["Reflex","Dodge and Roll"],"picked":"Blade Dance","floor":1.0},{"not_picked":["Quick Slash","Calculated Gamble"],"picked":"Poisoned Stab","floor":2.0},{"not_picked":["Distraction","Quick Slash"],"picked":"Malaise","floor":4.0},{"not_picked":["Blade Dance","Prepared"],"picked":"Deadly Poison","floor":7.0},{"not_picked":["Quick Slash","Eviscerate","Poisoned Stab"],"picked":"SKIP","floor":10.0},{"not_picked":["Prepared","Underhanded Strike","Blur"],"picked":"SKIP","floor":14.0},{"not_picked":["Grand Finale","Burst"],"picked":"Phantasmal Killer","floor":16.0},{"not_picked":["Outmaneuver","Poisoned Stab"],"picked":"Well Laid Plans","floor":18.0},{"not_picked":["Tactician+1","Prepared"],"picked":"Dodge and Roll+1","floor":20.0},{"not_picked":["Deflect+1","Underhanded Strike"],"picked":"Leg Sweep","floor":22.0},{"not_picked":["Sucker Punch","Storm of Steel"],"picked":"Skewer","floor":24},{"not_picked":["Skewer","Quick Slash","Backflip"],"picked":"Crippling Poison","floor":27},{"not_picked":["Deadly Poison","Heel Hook","Expertise","Flechettes"],"picked":"SKIP","floor":31}],"player_experience":2779608,"relics_obtained":[{"floor":7.0,"key":"Peace Pipe"},{"floor":9.0,"key":"Mango"},{"floor":14.0,"key":"Shuriken"},{"floor":20.0,"key":"Red Mask"},{"floor":24,"key":"White Beast Statue"},{"floor":26,"key":"Question Card"},{"floor":27,"key":"MawBank"}],"event_choices":[{"damage_healed":0.0,"max_hp_gain":0.0,"max_hp_loss":0.0,"gold_gain":0.0,"event_name":"Liars Game","player_choice":"Ignored","floor":3.0,"gold_loss":0.0,"damage_taken":0.0},{"damage_healed":0.0,"max_hp_gain":5.0,"max_hp_loss":0.0,"gold_gain":0.0,"event_name":"Big Fish","player_choice":"Donut","floor":5.0,"gold_loss":0.0,"damage_taken":0.0},{"cards_removed":["Strike_G"],"damage_healed":0.0,"max_hp_gain":0.0,"max_hp_loss":0.0,"gold_gain":0.0,"event_name":"Golden Wing","player_choice":"Card Removal","floor":11.0,"gold_loss":0.0,"damage_taken":7.0},{"damage_healed":0.0,"max_hp_gain":0.0,"max_hp_loss":9.0,"gold_gain":0.0,"event_name":"Golden Idol","player_choice":"Lose Max HP","floor":13.0,"gold_loss":0.0,"damage_taken":0.0,"relics_obtained":["Golden Idol"]},{"damage_healed":0.0,"max_hp_gain":0.0,"max_hp_loss":0.0,"gold_gain":0.0,"event_name":"Back to Basics","player_choice":"Simplicity","floor":19.0,"gold_loss":0.0,"damage_taken":0.0,"cards_upgraded":["Strike_G","Strike_G","Strike_G","Strike_G","Defend_G","Defend_G","Defend_G","Defend_G","Defend_G"]},{"damage_healed":0.0,"max_hp_gain":0.0,"max_hp_loss":0.0,"gold_gain":0.0,"event_name":"Masked Bandits","player_choice":"Fought Bandits","floor":20.0,"gold_loss":0.0,"damage_taken":0.0},{"damage_healed":16,"gold_gain":0,"player_choice":"Heal","damage_taken":0,"max_hp_gain":0,"max_hp_loss":0,"event_name":"The Library","floor":30,"gold_loss":0}],"is_beta":false,"boss_relics":[{"not_picked":["Ring of the Serpent","Snecko Eye"],"picked":"Fusion Hammer"}],"items_purged_floors":[21],"is_endless":false,"potions_floor_spawned":[1,14,16,18,22,24,27,31],"killed_by":"Automaton","ascension_level":20}}