{"host":"951sez6ulsv0fw1i","time":1608219517,"event":{"mods":["2.2 Compatiblity","Aspiration","BaseMod","Better Third Choice","BetterRewards","CCEM","CapriCore","Conspire","Downfall","Googly Eyes","Hermit","Infinite Spire","JesterMod","Luminous","Mari Mod (Legacy)","Mari\u0027s V1 Patch","Marisa????????","Minty Spire (QoL Compilation)","Potionbrewer","Reimu??????","Shade Mod","StSLib","The Cursed","The Immortal","The Runesmith","The Servant 0.9.4","TheBandit","TheSwordswoman"],"gold_per_floor":[109,59,70,84,259,285,302,318,318,346,361,384,399,413,413,509,509,523,542,542,558,578,578,610,610,610,624,624,624],"floor_reached":28,"playtime":1646,"items_purged":[],"score":281,"play_id":"c7747db9-56a2-4fbd-ac41-a0390986476d","local_time":"20201217163837","is_ascension_mode":false,"campfire_choices":[{"floor":15,"key":"REST"},{"data":"hermit:Adapt","floor":23,"key":"SMITH"}],"circlet_count":0,"master_deck":["hermit:Strike_Hermit","hermit:Strike_Hermit","hermit:Strike_Hermit+1","hermit:Defend_Hermit","hermit:Defend_Hermit","hermit:Defend_Hermit","hermit:Defend_Hermit","hermit:Snapshot","hermit:Covet","hermit:Roulette","hermit:Vantage","hermit:Deadeye","Doubt","hermit:FatalDesire","hermit:Ricochet","hermit:TrackingShot","hermit:Roughhouse","hermit:Misfire","hermit:Desperado","hermit:Maintenance","hermit:Adapt+1","hermit:Quickdraw","hermit:CalledShot+1","hermit:SprayPray","hermit:Headshot","hermit:Combo+1","hermit:GhostlyPresence"],"relics":["hermit:Momento","aspiration:FrozenJewel","Pear","Akabeko","hermit:BartenderGlass","infinitespire:Satchel","conspire:DeflatedDodgeball"],"acts_visited":["Exordium","TheCity"],"potions_floor_usage":[9,18,18,19,19,21,21,22,22,22,24,24,27,27,28,28],"damage_taken":[{"damage":11,"enemies":"Jaw Worm","floor":1,"turns":3},{"damage":0,"enemies":"2 Louse","floor":3,"turns":2},{"damage":0,"enemies":"Cultist","floor":4,"turns":3},{"damage":39,"enemies":"3 Sentries","floor":6,"turns":7},{"damage":9,"enemies":"Large Slime","floor":7,"turns":5},{"damage":0,"enemies":"Looter","floor":8,"turns":3},{"damage":21,"enemies":"Gremlin Nob","floor":10,"turns":4},{"damage":0,"enemies":"Gremlin Gang","floor":11,"turns":5},{"damage":0,"enemies":"3 Louse","floor":13,"turns":2},{"damage":4,"enemies":"Large Slime","floor":14,"turns":5},{"damage":28,"enemies":"Slime Boss","floor":16,"turns":7},{"damage":15,"enemies":"2 Thieves","floor":18,"turns":3},{"damage":6,"enemies":"Spheric Guardian","floor":19,"turns":1},{"damage":6,"enemies":"Snecko","floor":21,"turns":4},{"damage":20,"enemies":"Cultist and Chosen","floor":22,"turns":7},{"damage":36,"enemies":"Slavers","floor":24,"turns":7},{"damage":0,"enemies":"conspire:HollyBat","floor":27,"turns":12},{"damage":11,"enemies":"Gremlin Leader","floor":28,"turns":4}],"seed_played":"3459378198563153347","potions_obtained":[{"floor":1,"key":"potionbrewer:BlacksmithPotion"},{"floor":4,"key":"SpeedPotion"},{"floor":13,"key":"potionbrewer:ToxicPotion"},{"floor":14,"key":"Explosive Potion"},{"floor":18,"key":"ColorlessPotion"},{"floor":21,"key":"hermit:Tonic"}],"is_trial":false,"path_per_floor":["M","?","M","M","?","E","M","M","T","E","M","T","M","M","R","B",null,"M","M","?","M","M","R","E","?","T","M","E"],"character_chosen":"HERMIT","items_purchased":[],"campfire_rested":1,"item_purchase_floors":[],"current_hp_per_floor":[71,71,71,71,71,32,23,23,33,12,12,12,12,8,35,7,92,77,71,71,65,45,45,9,9,9,9,0,0],"gold":624,"neow_bonus":"TEN_PERCENT_HP_BONUS","is_daily":false,"chose_seed":false,"campfire_upgraded":1,"win_rate":0.0,"timestamp":1608219517,"path_taken":["M","?","M","M","?","E","M","M","T","E","M","?","M","M","R","BOSS","M","M","?","?","M","R","E","?","T","M","E"],"items_purchased_type":[],"build_version":"2020-12-13","purchased_purges":0,"victory":false,"max_hp_per_floor":[82,82,82,82,82,82,82,82,92,92,92,92,92,92,92,92,92,92,92,92,92,92,92,92,92,92,92,92,92],"card_choices":[{"not_picked":["hermit:Dive","hermit:LuckOfTheDraw"],"picked":"hermit:Roulette","floor":1},{"not_picked":["hermit:BodyArmor","hermit:LuckOfTheDraw"],"picked":"hermit:Vantage","floor":3},{"not_picked":["hermit:LuckOfTheDraw","hermit:Glare"],"picked":"hermit:Deadeye","floor":4},{"not_picked":["hermit:Misfire","hermit:Ricochet"],"picked":"hermit:FatalDesire","floor":6},{"not_picked":["hermit:Shortfuse","hermit:Glare"],"picked":"hermit:Ricochet","floor":7},{"not_picked":["hermit:TakeAim","hermit:SprayPray"],"picked":"hermit:TrackingShot","floor":8},{"not_picked":["hermit:BigShot","hermit:Ricochet"],"picked":"hermit:Roughhouse","floor":10},{"not_picked":["hermit:SprayPray","hermit:Manifest"],"picked":"hermit:Misfire","floor":11},{"not_picked":["hermit:Ricochet","hermit:SprayPray"],"picked":"hermit:Desperado","floor":13},{"not_picked":["hermit:Spite","hermit:Quickdraw"],"picked":"hermit:Maintenance","floor":14},{"not_picked":["hermit:FromBeyond","hermit:Roughhouse"],"picked":"hermit:Adapt","floor":16},{"not_picked":["hermit:Desperado","hermit:HighCaliber+1"],"picked":"hermit:Quickdraw","floor":18},{"not_picked":["hermit:Manifest","hermit:Feint+1"],"picked":"hermit:CalledShot+1","floor":19},{"not_picked":["hermit:HighCaliber+1","hermit:TakeAim"],"picked":"hermit:SprayPray","floor":21},{"not_picked":["hermit:Dive","hermit:Quickdraw"],"picked":"hermit:Headshot","floor":22},{"not_picked":["hermit:Manifest","hermit:LowProfile"],"picked":"hermit:Combo+1","floor":24},{"not_picked":["hermit:Misfire","hermit:Purgatory"],"picked":"hermit:GhostlyPresence","floor":27}],"player_experience":500041,"relics_obtained":[{"floor":6,"key":"aspiration:FrozenJewel"},{"floor":9,"key":"Pear"},{"floor":10,"key":"Akabeko"},{"floor":24,"key":"infinitespire:Satchel"},{"floor":26,"key":"conspire:DeflatedDodgeball"}],"event_choices":[{"cards_removed":["hermit:Strike_Hermit"],"damage_healed":0,"gold_gain":0,"player_choice":"Card Removal","damage_taken":0,"max_hp_gain":0,"max_hp_loss":0,"event_name":"The Cleric","floor":2,"gold_loss":50},{"damage_healed":0,"gold_gain":175,"player_choice":"AGREE","damage_taken":84,"max_hp_gain":0,"max_hp_loss":0,"event_name":"betterThird:BetterSerpent","floor":5,"gold_loss":0},{"damage_healed":0,"gold_gain":0,"player_choice":"Bought 0 Potions","damage_taken":0,"max_hp_gain":0,"max_hp_loss":0,"event_name":"The Woman in Blue","floor":20,"gold_loss":0},{"damage_healed":0,"gold_gain":0,"player_choice":"Ignored","damage_taken":0,"max_hp_gain":0,"max_hp_loss":0,"event_name":"Cursed Tome","floor":25,"gold_loss":0}],"is_beta":false,"boss_relics":[{"not_picked":["Pandora\u0027s Box","Busted Crown"],"picked":"hermit:BartenderGlass"}],"items_purged_floors":[],"is_endless":false,"potions_floor_spawned":[1,4,13,14,16,18,21],"killed_by":"Gremlin Leader","ascension_level":0}}