{"host":"121m0oxswv9tg9hk","time":1608245336,"event":{"mods":["AchievementEnabler","BaseMod","Better Third Choice","Downfall","Hermit","Hubris","Infinite Spire","MarisaÅiñ∂âJÅ@ñÇóùçπÅj","Minty Spire (QoL Compilation)","Replay The Spire","Shade Mod","StSLib","The Construct","The Cursed","The Gatherer","The Hierophant","The Mystic"],"gold_per_floor":[99,118,218,143,156,169,169,179,208,133,27,45,45,45,65,162,162,162,177,191,191,219,41,41,69,89,89,189,207,220,240,251,356,356,356,373,373,384,384,384,435,461,530,530,580,349,369,388,402,402],"floor_reached":51,"playtime":4447,"items_purged":["sneckomod:Defend","sneckomod:Defend"],"score":1129,"play_id":"d38f4636-24ba-4475-bc6a-c21051556102","local_time":"20201217234856","is_ascension_mode":true,"campfire_choices":[{"floor":1.0,"key":"RECALL"},{"data":"sneckomod:Nope","floor":4.0,"key":"SMITH"},{"floor":10.0,"key":"REST"},{"floor":21.0,"key":"REST"},{"floor":27.0,"key":"REST"},{"floor":35.0,"key":"DIG"},{"data":"sneckomod:WideSting","floor":37.0,"key":"SMITH"},{"data":"sneckomod:QuickMove","floor":40.0,"key":"SMITH"},{"data":"sneckomod:SnekBite","floor":44.0,"key":"SMITH"}],"circlet_count":0,"master_deck":["sneckomod:SnekBite+1","sneckomod:Unknown","Replay:Sluggish","Replay:Sluggish","sneckomod:Nope+1","sneckomod:UnknownUncommonAttack","sneckomod:UnknownRarePower","sneckomod:WideSting+1","sneckomod:QuickBite","sneckomod:QuickMove+1","sneckomod:UnknownStrike","sneckomod:UnknownClassGUARDIAN","sneckomod:UnknownWeak+1","hubris:Despair","ReplayTheSpireMod:IOU","ReplayTheSpireMod:Book of Names","sneckomod:UnknownColorless","sneckomod:MorePower","sneckomod:DiceBlock","sneckomod:SoulRoll+1","sneckomod:UnknownBlock+1","sneckomod:UnknownDexterity","sneckomod:UnknownClassGUARDIAN+1","sneckomod:Unknown0Cost+1","sneckomod:UnknownStrike+1","sneckomod:SerpentMind","Deep Breath","sneckomod:CheapStock","sneckomod:UnknownClassDEFAULT_GRAY_COLOR+1","sneckomod:QuickMove","sneckomod:DiceBlock+1","sneckomod:UnknownClassTHE_CURSED_PURPLE+1","sneckomod:Unknown1Cost+1","sneckomod:UnknownWeak","sneckomod:QuickMove+1","sneckomod:ImprovisedAttack+1","sneckomod:Unknown3Cost+1","sneckomod:UnknownBlock+1","sneckomod:Transmogrify","sneckomod:Transmogrify","sneckomod:Unknown2Cost+1","sneckomod:UnknownClassGUARDIAN+1","sneckomod:Nope+1","sneckomod:Unknown+1","sneckomod:SnakeSap+1","sneckomod:MasterEye","sneckomod:DiceBlock+1","CurseOfTheBell","sneckomod:Nope+1","sneckomod:UnknownRarePower+1","sneckomod:UnknownCommonSkill+1","sneckomod:UnknownUncommonAttack+1"],"relics":["Kintsugi","downfall:HeartBlessingRed","Bag of Preparation","downfall:HeartBlessingGreen","Centennial Puzzle","downfall:CloakOfManyFaces","CultistMask","FaceOfCleric","NlothsMask","GremlinMask","SsserpentHead","infinitespire:BottledMercury","Akabeko","Snecko Eye","sneckomod:ConfusingCodex","Toxic Egg 2","Membership Card","War Paint","Replay:WaspNest","infinitespire:Beetle Shell","SlaversCollar","Calling Bell","Du-Vu Doll","hubris:Potato","hexamod:BolsterEngine"],"acts_visited":["Exordium","TheCity","TheBeyond"],"potions_floor_usage":[50],"damage_taken":[{"damage":1.0,"enemies":"Cultist","floor":2.0,"turns":3.0},{"damage":1.0,"enemies":"Small Slimes","floor":5.0,"turns":5.0},{"damage":7.0,"enemies":"Jaw Worm","floor":6.0,"turns":2.0},{"damage":6.0,"enemies":"Exordium Wildlife","floor":8.0,"turns":3.0},{"damage":36.0,"enemies":"Gremlin Nob","floor":9.0,"turns":6.0},{"damage":0.0,"enemies":"downfall:FleeingMerchant","floor":11.0,"turns":4.0},{"damage":6.0,"enemies":"Gremlin Gang","floor":12.0,"turns":2.0},{"damage":1.0,"enemies":"Blue Slaver","floor":15.0,"turns":2.0},{"damage":40.0,"enemies":"downfall:Defect","floor":16.0,"turns":6.0},{"damage":15.0,"enemies":"Spheric Guardian","floor":19.0,"turns":4.0},{"damage":24.0,"enemies":"3 Byrds","floor":20.0,"turns":3.0},{"damage":12.0,"enemies":"Book of Stabbing","floor":22.0,"turns":7.0},{"damage":0.0,"enemies":"downfall:FleeingMerchant","floor":23.0,"turns":4.0},{"damage":3.0,"enemies":"Replay:Snechameleon","floor":25.0,"turns":4.0},{"damage":6.0,"enemies":"Cultist and Chosen","floor":26.0,"turns":4.0},{"damage":0.0,"enemies":"downfall:FaceTrader","floor":28.0,"turns":6.0},{"damage":8.0,"enemies":"Snake Plant","floor":29.0,"turns":4.0},{"damage":14.0,"enemies":"3 Cultists","floor":30.0,"turns":4.0},{"damage":32.0,"enemies":"Shelled Parasite and Fungi","floor":31.0,"turns":5.0},{"damage":13.0,"enemies":"Snecko","floor":32.0,"turns":5.0},{"damage":0.0,"enemies":"downfall:Ironclad","floor":33.0,"turns":8.0},{"damage":5.0,"enemies":"Orb Walker","floor":36.0,"turns":5.0},{"damage":3.0,"enemies":"3 Shapes","floor":38.0,"turns":4.0},{"damage":8.0,"enemies":"R_Hoarder","floor":42.0,"turns":5.0},{"damage":0.0,"enemies":"Transient","floor":43.0,"turns":5.0},{"damage":0.0,"enemies":"downfall:FleeingMerchant","floor":46.0,"turns":4.0},{"damage":3.0,"enemies":"Jaw Worm Horde","floor":47.0,"turns":6.0},{"damage":0,"enemies":"Sphere and 2 Shapes","floor":48,"turns":4},{"damage":20,"enemies":"Transient","floor":49,"turns":5},{"damage":2,"enemies":"downfall:Silent","floor":50,"turns":5}],"seed_played":"-7705433963788677084","potions_obtained":[{"floor":8.0,"key":"construct:ShiftPotion"},{"floor":9.0,"key":"Milkshake"},{"floor":12.0,"key":"ColorlessPotion"},{"floor":15.0,"key":"SneckoOil"},{"floor":20.0,"key":"LifebloodPotion"},{"floor":22.0,"key":"Milkshake"},{"floor":25.0,"key":"Languid Potion"},{"floor":26.0,"key":"champ:CounterPotion"},{"floor":28.0,"key":"Fruit Juice"},{"floor":29.0,"key":"Explosive Potion"},{"floor":30.0,"key":"FairyPotion"},{"floor":31.0,"key":"LifebloodPotion"},{"floor":33.0,"key":"ColorlessPotion"},{"floor":36.0,"key":"Dexterity Potion"},{"floor":38.0,"key":"Swift Potion"},{"floor":43.0,"key":"Energy Potion"}],"is_trial":false,"path_per_floor":["R","M","?","R","M","M","T","M","E","R","$","M","?","T","M","B",null,"R","M","M","R","E","$","T","E","M","R","?","M","M","M","M","B",null,"R","M","R","M","AVR","R","T","E","M","R","?","$","M","M","M","B",null],"character_chosen":"THE_SNECKO","items_purchased":["sneckomod:UnknownStrike","sneckomod:UnknownClassGUARDIAN","Deep Breath","sneckomod:CheapStock","sneckomod:MasterEye","EntropicBrew","infinitespire:Beetle Shell","sneckomod:DiceBlock+1"],"campfire_rested":3,"item_purchase_floors":[11,11,23,23,46,46,46,46],"current_hp_per_floor":[90,89,89,89,88,81,81,75,39,66,66,60,60,60,59,19,72,72,57,33,60,48,48,48,45,43,70,75,80,67,36,24,70,93,93,89,89,102,102,102,102,95,96,96,96,97,102,103,84,83],"gold":402,"neow_bonus":"BOSS_RELIC","is_daily":false,"chose_seed":false,"campfire_upgraded":4,"win_rate":0.0,"timestamp":1608245336,"path_taken":["R","M","?","R","M","M","T","M","E","R","$","M","?","?","M","BOSS","R","M","M","R","E","$","T","E","M","R","?","M","M","M","M","BOSS","R","M","R","M","AVR","R","T","E","?","R","?","$","M","M","M","BOSS"],"items_purchased_type":["Card","Card","Card","Card","Card","Potion","Relic","Card"],"build_version":"2020-12-13","purchased_purges":2,"victory":true,"max_hp_per_floor":[90,90,90,90,90,90,90,90,90,90,90,90,90,90,90,90,90,90,90,90,90,90,90,90,90,90,90,95,96,97,98,99,100,100,100,101,101,102,102,102,102,103,104,104,104,105,106,107,108,109],"card_choices":[{"not_picked":["sneckomod:UnknownClassMYSTIC_PURPLE","sneckomod:UnknownStrike"],"picked":"sneckomod:Nope","floor":2.0},{"not_picked":["sneckomod:DiceBlock","sneckomod:UnknownVulnerable"],"picked":"sneckomod:UnknownUncommonAttack","floor":5.0},{"not_picked":["sneckomod:QuickMove","sneckomod:UnknownCommonAttack"],"picked":"sneckomod:UnknownRarePower","floor":6.0},{"not_picked":["sneckomod:SoulDraw","sneckomod:SoulRoll"],"picked":"sneckomod:WideSting","floor":8.0},{"not_picked":["sneckomod:UnknownClassMYSTIC_PURPLE","sneckomod:UnknownClassGUARDIAN"],"picked":"sneckomod:QuickBite","floor":9.0},{"not_picked":["sneckomod:DiceBlock","sneckomod:UnknownClassPURPLE"],"picked":"sneckomod:QuickMove","floor":11.0},{"not_picked":["sneckomod:Nope","sneckomod:UnknownStrike"],"picked":"sneckomod:UnknownWeak","floor":12.0},{"not_picked":["infinitespire:Oblivion","infinitespire:SealOfDarkness+"],"picked":"ReplayTheSpireMod:Book of Names","floor":13.0},{"not_picked":["sneckomod:DiceBlock","sneckomod:RainOfDice"],"picked":"sneckomod:UnknownColorless","floor":15.0},{"not_picked":["sneckomod:Transmogrify","sneckomod:UnknownRareSkill"],"picked":"sneckomod:MorePower","floor":16.0},{"not_picked":["sneckomod:SoulDraw","sneckomod:RainOfDice+1"],"picked":"sneckomod:SoulRoll","floor":19.0},{"not_picked":["sneckomod:UnknownX+1","sneckomod:UnknownClassTHE_CHAMP_GRAY+1"],"picked":"sneckomod:UnknownBlock+1","floor":20.0},{"not_picked":["sneckomod:UnknownCommonSkill","sneckomod:SnakeSap+1"],"picked":"sneckomod:UnknownDexterity","floor":20.0},{"not_picked":["sneckomod:UnknownClassMARISA_DERIVATIONS+1","sneckomod:UnknownVulnerable+1"],"picked":"sneckomod:UnknownClassGUARDIAN+1","floor":22.0},{"not_picked":["sneckomod:QuickBite","sneckomod:SoulRoll"],"picked":"sneckomod:Unknown0Cost+1","floor":22.0},{"not_picked":["sneckomod:UnknownRareSkill+1","sneckomod:UnknownEthereal+1","sneckomod:UnknownRarePower+1"],"picked":"sneckomod:UnknownStrike+1","floor":23.0},{"not_picked":["sneckomod:UnknownUncommonPower","sneckomod:Unknown1Cost","sneckomod:DiceBlock+1"],"picked":"sneckomod:SerpentMind","floor":23.0},{"not_picked":["sneckomod:UnknownClassMYSTIC_PURPLE+1","sneckomod:UnknownCommonAttack+1","sneckomod:UnknownCommonSkill+1"],"picked":"sneckomod:UnknownClassDEFAULT_GRAY_COLOR+1","floor":25.0},{"not_picked":["sneckomod:UnknownX","sneckomod:DiceBoulder","sneckomod:RainOfDice"],"picked":"sneckomod:QuickMove","floor":25.0},{"not_picked":["sneckomod:Unknown1Cost","sneckomod:UnknownClassPURPLE","sneckomod:UnknownEthereal"],"picked":"sneckomod:DiceBlock","floor":26.0},{"not_picked":["sneckomod:UnknownCommonSkill+1","sneckomod:UnknownClassMARISA_COLOR+1","sneckomod:UnknownColorless+1"],"picked":"sneckomod:UnknownClassTHE_CURSED_PURPLE+1","floor":28.0},{"not_picked":["sneckomod:UnknownUncommonPower","sneckomod:UnknownBlock","sneckomod:SoulCleanse"],"picked":"sneckomod:Unknown1Cost+1","floor":28.0},{"not_picked":["sneckomod:UnknownStrike","sneckomod:Cheat","sneckomod:IronFang"],"picked":"sneckomod:UnknownWeak","floor":29.0},{"not_picked":["sneckomod:QuickBite","sneckomod:UnknownClassINFINITE_BLACK+1","sneckomod:RainOfDice"],"picked":"sneckomod:QuickMove+1","floor":30.0},{"not_picked":["sneckomod:IronFang","sneckomod:SoulDraw","sneckomod:DiceBlock"],"picked":"sneckomod:ImprovisedAttack+1","floor":31.0},{"not_picked":["sneckomod:UnknownClassGREEN+1","sneckomod:UnknownClassSLIMEBOUND+1","sneckomod:UnknownX+1"],"picked":"sneckomod:Unknown3Cost+1","floor":32.0},{"not_picked":["sneckomod:UnknownVulnerable+1","sneckomod:SerpentIdol","sneckomod:MixItUp","sneckomod:SoulDraw"],"picked":"SKIP","floor":32.0},{"not_picked":["sneckomod:UnknownClassGUARDIAN+1","sneckomod:UnknownClassDEFAULT_GRAY_COLOR+1","sneckomod:UnknownClassINFINITE_BLACK+1"],"picked":"sneckomod:UnknownBlock+1","floor":33.0},{"not_picked":["sneckomod:SoulExchange","sneckomod:MorePower","sneckomod:UnlimitedRolls"],"picked":"sneckomod:Transmogrify","floor":33.0},{"not_picked":["sneckomod:QuickMove+1","sneckomod:Rotation+1"],"picked":"sneckomod:Transmogrify","floor":36.0},{"not_picked":["sneckomod:UnknownCommonAttack","sneckomod:SnakeSap","sneckomod:UnknownCommonSkill"],"picked":"SKIP","floor":38.0},{"not_picked":["sneckomod:UnknownClassHEXA_GHOST_PURPLE+1","sneckomod:UnknownStrike+1"],"picked":"sneckomod:Unknown2Cost+1","floor":42.0},{"not_picked":["sneckomod:QuickBite+1","sneckomod:Unknown1Cost+1"],"picked":"sneckomod:UnknownClassGUARDIAN+1","floor":42.0},{"not_picked":["sneckomod:SoulRoll+1","sneckomod:DiceBlock+1"],"picked":"sneckomod:Nope+1","floor":43.0},{"not_picked":["sneckomod:UnknownClassBLUE+1","sneckomod:UnknownCommonAttack+1"],"picked":"sneckomod:Unknown+1","floor":46.0},{"not_picked":["sneckomod:Unknown1Cost+1","sneckomod:UnknownClassMARISA_COLOR+1"],"picked":"sneckomod:SnakeSap+1","floor":46.0},{"not_picked":["sneckomod:UnknownCommonAttack+1","sneckomod:RainOfDice"],"picked":"sneckomod:Nope+1","floor":47.0},{"not_picked":["sneckomod:UnknownClassRED+1","sneckomod:UnknownClassSLIMEBOUND+1"],"picked":"sneckomod:UnknownRarePower+1","floor":48},{"not_picked":["sneckomod:Unknown1Cost+1","sneckomod:Restock+1"],"picked":"sneckomod:UnknownCommonSkill+1","floor":48},{"not_picked":["sneckomod:UnknownClassPURPLE+1","sneckomod:UnknownClassSHADE_COLOR+1"],"picked":"sneckomod:UnknownUncommonAttack+1","floor":49},{"not_picked":["sneckomod:MorePower","sneckomod:SoulDraw+1","sneckomod:DiceBlock+1"],"picked":"SKIP","floor":49}],"player_experience":2863997,"relics_obtained":[{"floor":7.0,"key":"Du-Vu Doll"},{"floor":9.0,"key":"Bag of Preparation"},{"floor":14.0,"key":"Omamori"},{"floor":22.0,"key":"Question Card"},{"floor":24.0,"key":"White Beast Statue"},{"floor":25.0,"key":"Centennial Puzzle"},{"floor":28.0,"key":"downfall:CloakOfManyFaces"},{"floor":34.0,"key":"MealTicket"},{"floor":34.0,"key":"hubris:Potato"},{"floor":34.0,"key":"infinitespire:BottledMercury"},{"floor":35.0,"key":"Akabeko"},{"floor":36.0,"key":"Question Card"},{"floor":38.0,"key":"Question Card"},{"floor":42.0,"key":"sneckomod:ConfusingCodex"},{"floor":42.0,"key":"Toxic Egg 2"},{"floor":42.0,"key":"Membership Card"},{"floor":43.0,"key":"War Paint"},{"floor":46.0,"key":"hexamod:BolsterEngine"},{"floor":46.0,"key":"Replay:WaspNest"},{"floor":47.0,"key":"SlaversCollar"},{"floor":47.0,"key":"Calling Bell"},{"floor":48,"key":"Du-Vu Doll"},{"floor":49,"key":"hubris:Potato"},{"floor":49,"key":"hexamod:BolsterEngine"}],"event_choices":[],"is_beta":false,"boss_relics":[{"not_picked":["Painkiller Herb","Replay:Drink Me"],"picked":"SlaversCollar"},{"not_picked":["hubris:BlackHole","Black Star"],"picked":"Calling Bell"}],"items_purged_floors":[39,46],"is_endless":false,"potions_floor_spawned":[8,9,12,15,20,22,25,26,28,29,30,31,32,33,36,38,43],"ascension_level":5}}