{"host":"r53pw7z744tg3fxg","time":1608163503,"event":{"mods":["AchievementEnabler","BaseMod","Colored Map","Colored Powertips","Highlight Path","Minty Spire (QoL Compilation)","Quick Restart","Transform Curses"],"gold_per_floor":[119,131,131,131,147,147,180,180,180,180,191,208,240,13,13,117,117,136,18,37,37,57,88,88,88,88,88,100,100,100,100,100,202,202,213,35,49,61,61,61],"floor_reached":39,"playtime":1743,"items_purged":["Regret"],"score":597,"play_id":"9a0bf71e-20b1-4864-a6a8-ae59703e0b69","local_time":"20201216170503","is_ascension_mode":true,"campfire_choices":[{"floor":6.0,"key":"REST"},{"floor":8.0,"key":"REST"},{"data":"Eruption","floor":10.0,"key":"SMITH"},{"floor":15.0,"key":"REST"},{"floor":25.0,"key":"REST"},{"floor":30.0,"key":"REST"},{"floor":32.0,"key":"REST"}],"circlet_count":0,"master_deck":["Strike_P+1","Strike_P+1","Strike_P+1","Strike_P+1","Defend_P+1","Defend_P+1","Defend_P+1","Defend_P+1","Eruption+1","Vigilance","ClearTheMind","JustLucky","Consecrate","BattleHymn","MasterReality","ReachHeaven","CarveReality","BowlingBash","FlurryOfBlows+1","Halt","PathToVictory","Wireheading+1","ConjureBlade","CurseOfTheBell","Ragnarok+1","Apotheosis","CutThroughFate+1","Evaluate+1"],"relics":["PureWater","Ornamental Fan","Tiny Chest","Pen Nib","Ancient Tea Set","Vajra","SacredBark","Frozen Egg 2","Molten Egg 2","Centennial Puzzle","Calling Bell","Regal Pillow","Yang","FossilizedHelix"],"acts_visited":["Exordium","TheCity","TheBeyond"],"potions_floor_usage":[38,39],"damage_taken":[{"damage":0.0,"enemies":"Jaw Worm","floor":1.0,"turns":3.0},{"damage":3.0,"enemies":"2 Louse","floor":2.0,"turns":3.0},{"damage":6.0,"enemies":"Small Slimes","floor":5.0,"turns":3.0},{"damage":17.0,"enemies":"Gremlin Nob","floor":7.0,"turns":4.0},{"damage":13.0,"enemies":"Exordium Thugs","floor":11.0,"turns":4.0},{"damage":7.0,"enemies":"Exordium Wildlife","floor":12.0,"turns":3.0},{"damage":22.0,"enemies":"3 Sentries","floor":13.0,"turns":8.0},{"damage":0.0,"enemies":"Slime Boss","floor":16.0,"turns":4.0},{"damage":6.0,"enemies":"2 Thieves","floor":18.0,"turns":4.0},{"damage":0.0,"enemies":"Spheric Guardian","floor":20.0,"turns":2.0},{"damage":15.0,"enemies":"Cultist and Chosen","floor":22.0,"turns":6.0},{"damage":19.0,"enemies":"Slavers","floor":23.0,"turns":4.0},{"damage":0.0,"enemies":"Snake Plant","floor":28.0,"turns":3.0},{"damage":15.0,"enemies":"Colosseum Slavers","floor":29.0,"turns":5.0},{"damage":39.0,"enemies":"Champ","floor":33.0,"turns":8.0},{"damage":13.0,"enemies":"3 Darklings","floor":35.0,"turns":4.0},{"damage":26.0,"enemies":"3 Shapes","floor":37.0,"turns":2.0},{"damage":0,"enemies":"Jaw Worm Horde","floor":38,"turns":3},{"damage":27,"enemies":"3 Darklings","floor":39,"turns":2}],"seed_played":"-6971516322033439231","potions_obtained":[{"floor":0.0,"key":"Weak Potion"},{"floor":0.0,"key":"DuplicationPotion"},{"floor":0.0,"key":"SpeedPotion"},{"floor":2.0,"key":"AttackPotion"},{"floor":5.0,"key":"Weak Potion"},{"floor":13.0,"key":"ColorlessPotion"},{"floor":23.0,"key":"SkillPotion"},{"floor":37.0,"key":"Explosive Potion"},{"floor":38,"key":"Dexterity Potion"}],"is_trial":false,"path_per_floor":["M","M","?","?","M","R","E","R","T","R","M","M","E","$","R","B",null,"M","$","M","$","M","E","?","R","T","?","M","?","R","T","R","B",null,"M","$","M","M","M"],"character_chosen":"WATCHER","items_purchased":["Vajra","CarveReality","BowlingBash","Apotheosis"],"campfire_rested":6,"item_purchase_floors":[14,19,19,36],"current_hp_per_floor":[65,62,48,48,42,63,46,67,67,67,54,47,25,25,46,46,66,60,60,60,60,45,26,26,47,47,47,47,32,53,53,72,33,62,49,49,23,23,0,0],"gold":61,"neow_bonus":"THREE_SMALL_POTIONS","is_daily":false,"chose_seed":false,"campfire_upgraded":1,"win_rate":0.0,"timestamp":1608163503,"path_taken":["M","M","?","?","M","R","E","R","T","R","M","M","E","$","R","BOSS","M","$","M","$","M","E","?","R","T","?","M","?","R","?","R","BOSS","M","$","M","M","M"],"items_purchased_type":["Relic","Card","Card","Card"],"build_version":"2020-12-13","purchased_purges":1,"victory":false,"max_hp_per_floor":[72,72,72,72,72,72,72,72,72,72,72,72,72,72,72,72,72,72,72,72,72,72,72,72,72,72,72,72,72,72,72,72,72,72,72,72,72,72,72,72],"card_choices":[{"not_picked":["Worship","Protect","FlyingSleeves"],"picked":"SKIP","floor":1.0},{"not_picked":["SignatureMove","Pray"],"picked":"ClearTheMind","floor":2.0},{"not_picked":["WreathOfFlame","FlyingSleeves","JustLucky"],"picked":"SKIP","floor":5.0},{"not_picked":["Worship","EmptyMind","FlyingSleeves"],"picked":"SKIP","floor":7.0},{"not_picked":["Worship","CrushJoints"],"picked":"JustLucky","floor":11.0},{"not_picked":["ClearTheMind","SpiritShield"],"picked":"Consecrate","floor":12.0},{"not_picked":["Conclude","Prostrate"],"picked":"BattleHymn","floor":13.0},{"not_picked":["Vault","Blasphemy"],"picked":"MasterReality","floor":16.0},{"not_picked":["JustLucky","FollowUp"],"picked":"ReachHeaven","floor":18.0},{"not_picked":["FollowUp","Devotion"],"picked":"FlurryOfBlows+1","floor":20.0},{"not_picked":["FlyingSleeves","Vengeance"],"picked":"Halt","floor":22.0},{"not_picked":["Tantrum","CarveReality+1"],"picked":"PathToVictory","floor":23.0},{"not_picked":["ClearTheMind","Perseverance"],"picked":"Wireheading+1","floor":28.0},{"not_picked":["Wish","SpiritShield"],"picked":"ConjureBlade","floor":33.0},{"not_picked":["CutThroughFate+1","TalkToTheHand+1"],"picked":"Ragnarok+1","floor":35.0},{"not_picked":["CrushJoints+1","BowlingBash+1"],"picked":"CutThroughFate+1","floor":37.0},{"not_picked":["CutThroughFate+1","EmptyBody"],"picked":"Evaluate+1","floor":38}],"player_experience":1109828,"relics_obtained":[{"floor":7.0,"key":"Tiny Chest"},{"floor":9.0,"key":"Pen Nib"},{"floor":13.0,"key":"Ancient Tea Set"},{"floor":23.0,"key":"Frozen Egg 2"},{"floor":26.0,"key":"Molten Egg 2"},{"floor":31.0,"key":"Centennial Puzzle"},{"floor":34.0,"key":"Regal Pillow"},{"floor":34.0,"key":"Yang"},{"floor":34.0,"key":"FossilizedHelix"}],"event_choices":[{"damage_healed":0.0,"max_hp_gain":0.0,"max_hp_loss":0.0,"gold_gain":0.0,"event_name":"Shining Light","player_choice":"Entered Light","floor":3.0,"gold_loss":0.0,"damage_taken":14.0,"cards_upgraded":["Strike_P","Defend_P"]},{"damage_healed":0.0,"max_hp_gain":0.0,"max_hp_loss":0.0,"gold_gain":0.0,"event_name":"Big Fish","player_choice":"Box","floor":4.0,"gold_loss":0.0,"damage_taken":0.0,"relics_obtained":["Ornamental Fan"],"cards_obtained":["Regret"]},{"damage_healed":0.0,"max_hp_gain":0.0,"max_hp_loss":0.0,"gold_gain":0.0,"event_name":"Beggar","player_choice":"Ignored","floor":24.0,"gold_loss":0.0,"damage_taken":0.0},{"damage_healed":0.0,"max_hp_gain":0.0,"max_hp_loss":0.0,"gold_gain":0.0,"event_name":"Back to Basics","player_choice":"Simplicity","floor":27.0,"gold_loss":0.0,"damage_taken":0.0,"cards_upgraded":["Strike_P","Strike_P","Strike_P","Defend_P","Defend_P","Defend_P"]},{"damage_healed":0.0,"max_hp_gain":0.0,"max_hp_loss":0.0,"gold_gain":0.0,"event_name":"Colosseum","player_choice":"Fight","floor":29.0,"gold_loss":0.0,"damage_taken":0.0},{"damage_healed":0.0,"max_hp_gain":0.0,"max_hp_loss":0.0,"gold_gain":0.0,"event_name":"Colosseum","player_choice":"Fled From Nobs","floor":29.0,"gold_loss":0.0,"damage_taken":0.0}],"is_beta":false,"boss_relics":[{"not_picked":["Empty Cage","Velvet Choker"],"picked":"SacredBark"},{"not_picked":["Runic Pyramid","Astrolabe"],"picked":"Calling Bell"}],"items_purged_floors":[14],"is_endless":false,"potions_floor_spawned":[2,5,13,16,23,29,37,38],"killed_by":"3 Darklings","ascension_level":6}}