{"host":"hfvpa4llnnjpeawn","time":1608172603,"event":{"mods":["2.2 Compatiblity","AchievementEnabler","Act Like it!","Aspiration","Bard","BaseMod","Beaked The Cultist","Better Skull","Better Third Choice","BetterRewards","CapriCore","Conspire","Downfall","Elementarium","Energized Spire","Hermit","Hubris","Jorbs\u0027s Wanderer Trilogy","Koishi","Lobotomy","Minty Spire (QoL Compilation)","Replay The Spire","Shade Mod","Spicy Shops","StSLib","The Bladedancer","The Factory","The Gatherer","The Jungle","Waifu the Spire","Wandering Minibosses"],"gold_per_floor":[119,119,119,131,143,143,154,165,211,211,211,97,124,143,143,143,143],"floor_reached":16,"playtime":2777,"items_purged":["bard:Strike"],"score":102,"play_id":"f56e37f0-fa75-40ff-8f36-ef98391620f9","local_time":"20201216213643","is_ascension_mode":false,"campfire_choices":[{"data":"Heel Hook","floor":6,"key":"SMITH"},{"floor":11,"key":"RECALL"},{"data":"bard:QuickSong","floor":15,"key":"SMITH"}],"circlet_count":0,"master_deck":["bard:Strike","bard:Strike","bard:Strike","bard:Defend","bard:Defend","bard:Defend","bard:Defend","bard:Riposte","bard:Inspire","bard:Rest","bard:Thunderwave","Heel Hook+1","bard:Heroism","bard:DiscordantVoice","bard:HarmoniousVoice","bard:QuickSong+1"],"relics":["bard:PitchPipe","bard:BagPipes","aspiration:Nostalgia","m_ChordRing","ReplayTheSpireMod:Ring of Exchange","ReplayTheSpireMod:Ring of Sloth","Replay:Accelerometer"],"acts_visited":["Exordium"],"potions_floor_usage":[8,13,16],"damage_taken":[{"damage":2,"enemies":"conspire:RoseBush","floor":1,"turns":3},{"damage":5,"enemies":"Jaw Worm","floor":4,"turns":4},{"damage":2,"enemies":"Small Slimes","floor":5,"turns":4},{"damage":1,"enemies":"Exordium Thugs","floor":7,"turns":3},{"damage":0,"enemies":"Lots of Slimes","floor":8,"turns":4},{"damage":30,"enemies":"3 Sentries","floor":13,"turns":12},{"damage":0,"enemies":"Blue Slaver","floor":14,"turns":4},{"damage":25,"enemies":"The Guardian","floor":16,"turns":3}],"seed_played":"-507431441394890028","potions_obtained":[{"floor":4,"key":"Dexterity Potion"},{"floor":7,"key":"Energy Potion"},{"floor":13,"key":"AttackPotion"}],"is_trial":false,"path_per_floor":["M","?","?","M","M","R","M","M","T","?","R","$","E","M","R","B"],"character_chosen":"BARD","items_purchased":["bard:DiscordantVoice"],"campfire_rested":0,"item_purchase_floors":[12],"current_hp_per_floor":[68,68,73,72,73,73,75,75,75,75,75,75,47,51,51,26,26],"gold":143,"neow_bonus":"NOSTALGIA","is_daily":false,"chose_seed":false,"campfire_upgraded":2,"win_rate":0.0,"timestamp":1608172603,"path_taken":["M","?","?","M","M","R","M","?","T","?","R","$","E","M","R","BOSS"],"items_purchased_type":["Card"],"build_version":"2020-12-13","purchased_purges":1,"victory":false,"max_hp_per_floor":[70,70,75,75,75,75,75,75,75,75,75,75,75,75,75,75,75],"card_choices":[{"not_picked":["bard:Gamble","bard:DervishDance"],"picked":"bard:Rest","floor":1},{"not_picked":["bard:ViciousMockery","bard:Thunderwave","bard:Gamble"],"picked":"SKIP","floor":4},{"not_picked":["bard:StudiedStrike","bard:Thunderwave"],"picked":"Heel Hook","floor":5},{"not_picked":["bard:BucklerBash","bard:GuardPoint","Sucker Punch"],"picked":"SKIP","floor":7},{"not_picked":["bard:StudiedStrike","bard:SongBolt"],"picked":"bard:Heroism","floor":8},{"not_picked":["bard:MnemonicVestments","bard:LingeringPerformance"],"picked":"bard:HarmoniousVoice","floor":13},{"not_picked":["bard:EchoEcho","Sucker Punch"],"picked":"bard:QuickSong","floor":14}],"player_experience":241033,"relics_obtained":[{"floor":10,"key":"ReplayTheSpireMod:Ring of Exchange"},{"floor":10,"key":"ReplayTheSpireMod:Ring of Sloth"},{"floor":13,"key":"Replay:Accelerometer"}],"event_choices":[{"damage_healed":0,"gold_gain":0,"player_choice":"Donut","damage_taken":0,"max_hp_gain":5,"max_hp_loss":0,"event_name":"Big Fish","floor":3,"gold_loss":0}],"is_beta":false,"boss_relics":[],"items_purged_floors":[12],"is_endless":false,"potions_floor_spawned":[4,7,13],"killed_by":"The Guardian","ascension_level":0}}