{"host":"6qohxdms6n72zb21","time":1608192442,"event":{"mods":["2.2 Compatiblity","Act Like it!","Ascension Reborn","BaseMod","Better Synergies","Downfall","Energized Spire","Hubris","Minty Spire (QoL Compilation)","Quick Restart","Replay The Spire","Spicy Shops","StSLib"],"gold_per_floor":[118,118,393,404,422,440,440,440,440,454,454,465,480,8,8,107,107,126,136,19,34,34,34,44,44,44,3,3,3,21,21,21],"floor_reached":31,"playtime":1422,"items_purged":[],"score":229,"play_id":"6bea2d29-8c61-4db4-b26b-7ecb170ad86c","local_time":"20201217030722","is_ascension_mode":true,"campfire_choices":[{"data":"Sneak Up","floor":7,"key":"SMITH"},{"data":"Dagger Spray","floor":11,"key":"SMITH"},{"floor":15,"key":"REST"},{"floor":23,"key":"REST"},{"floor":29,"key":"REST"}],"circlet_count":0,"master_deck":["Strike_G","Strike_G","Strike_G","Strike_G","Strike_G","Defend_G","Defend_G+1","Defend_G","Defend_G","Defend_G+1","Survivor","Neutralize","Dagger Spray+1","Regret","ReplayTheSpireMod:Speed Training","Sneak Up+1","Riddle With Holes","PiercingWail","Blade Dance","All Out Attack","Pain","Sucker Punch","Die Die Die","Skewer","Masterful Stab+1","Flying Knee+1","Mind Blast","Backflip","Expertise","Doubt","Normality","Backflip"],"relics":["Ring of the Snake","Centennial Puzzle","hubris:TinFlute","Letter Opener","hubris:MedicalManual","Simple Rune","Ancient Tea Set","Busted Crown","Lantern","Frozen Egg 2","ReplayTheSpireMod:CursedCoin","Happy Flower","Replay:Ringing Soul"],"acts_visited":["Exordium","TheCity"],"potions_floor_usage":[19,24,24],"damage_taken":[{"damage":4,"enemies":"Cultist","floor":1,"turns":5},{"damage":4,"enemies":"Small Slimes","floor":4,"turns":3},{"damage":1,"enemies":"2 Louse","floor":5,"turns":3},{"damage":1,"enemies":"Lots of Slimes","floor":6,"turns":4},{"damage":9,"enemies":"Red Slaver","floor":10,"turns":4},{"damage":5,"enemies":"3 Louse","floor":12,"turns":3},{"damage":5,"enemies":"Lots of Slimes","floor":13,"turns":3},{"damage":48,"enemies":"Hexaghost","floor":16,"turns":15},{"damage":8,"enemies":"3 Byrds","floor":18,"turns":5},{"damage":19,"enemies":"Spheric Guardian","floor":19,"turns":4},{"damage":35,"enemies":"Snake Plant","floor":21,"turns":5},{"damage":22,"enemies":"Shelled Parasite and Fungi","floor":24,"turns":4},{"damage":19,"enemies":"Chosen and Byrds","floor":30,"turns":6},{"damage":0,"enemies":"Cultist and Chosen","floor":31,"turns":1}],"seed_played":"6448508792152098135","potions_obtained":[{"floor":4,"key":"Milkshake"},{"floor":6,"key":"LifebloodPotion"},{"floor":10,"key":"Strength Potion"},{"floor":21,"key":"Strength Potion"}],"is_trial":false,"path_per_floor":["M","T","?","M","M","M","R","?","T","M","R","M","M","$","R","B",null,"M","M","$","M","T","R","M","$","T","$","?","R","M","M"],"character_chosen":"THE_SILENT","items_purchased":["hubris:MedicalManual","Simple Rune","Ancient Tea Set","Sucker Punch","Flying Knee+1","Mind Blast","ReplayTheSpireMod:CursedCoin","Happy Flower","Deflect+1"],"campfire_rested":3,"item_purchase_floors":[14,14,14,14,20,20,27,27,27],"current_hp_per_floor":[66,66,66,62,61,60,60,60,60,51,51,46,41,41,62,14,70,62,43,43,8,8,29,7,7,7,7,7,28,12,12,12],"gold":21,"neow_bonus":"RANDOM_COMMON_RELIC","is_daily":false,"chose_seed":false,"campfire_upgraded":2,"win_rate":0.0,"timestamp":1608192442,"path_taken":["M","?","?","M","?","M","R","?","T","M","R","?","M","?","R","BOSS","M","M","$","M","?","R","?","?","T","?","?","R","M","?"],"items_purchased_type":["Relic","Relic","Relic","Card","Card","Card","Relic","Relic","Card"],"build_version":"2020-12-13","purchased_purges":0,"victory":false,"max_hp_per_floor":[70,70,70,70,70,70,70,70,70,70,70,70,70,70,70,70,70,70,70,70,70,70,70,70,70,70,70,70,70,73,73,73],"card_choices":[{"not_picked":["Deflect","hubris:SlightOfHand"],"picked":"Dagger Spray","floor":1},{"not_picked":["Prepared","Crippling Poison"],"picked":"ReplayTheSpireMod:Speed Training","floor":4},{"not_picked":["PiercingWail","Dagger Spray"],"picked":"Sneak Up","floor":5},{"not_picked":["Slice","Deflect"],"picked":"Riddle With Holes","floor":6},{"not_picked":["Dodge and Roll","hubris:TrickCloak"],"picked":"PiercingWail","floor":10},{"not_picked":["Backflip","Flying Knee"],"picked":"Blade Dance","floor":12},{"not_picked":["ReplayTheSpireMod:Tripwire","Doppelganger"],"picked":"All Out Attack","floor":13},{"not_picked":["Bullet Time","Adrenaline"],"picked":"Die Die Die","floor":16},{"not_picked":[],"picked":"Skewer","floor":18},{"not_picked":[],"picked":"Masterful Stab+1","floor":19},{"not_picked":[],"picked":"Backflip","floor":21},{"not_picked":[],"picked":"Expertise","floor":24},{"not_picked":[],"picked":"Backflip","floor":30}],"player_experience":170118,"relics_obtained":[{"floor":2,"key":"hubris:TinFlute"},{"floor":9,"key":"Letter Opener"},{"floor":22,"key":"Lantern"},{"floor":26,"key":"Frozen Egg 2"}],"event_choices":[{"damage_healed":0,"gold_gain":275,"player_choice":"Desecrate","damage_taken":0,"max_hp_gain":0,"max_hp_loss":0,"event_name":"Golden Shrine","floor":3,"gold_loss":0,"cards_obtained":["Regret"]},{"damage_healed":0,"gold_gain":0,"player_choice":"Ignored","damage_taken":0,"max_hp_gain":0,"max_hp_loss":0,"event_name":"NoteForYourself","floor":8,"gold_loss":0},{"cards_removed":["Deflect"],"damage_healed":0,"gold_gain":0,"player_choice":"Gave Card","damage_taken":0,"relics_obtained":["Replay:Ringing Soul"],"max_hp_gain":0,"max_hp_loss":0,"event_name":"WeMeetAgain","floor":28,"gold_loss":0}],"is_beta":false,"boss_relics":[{"not_picked":["hubris:GrandSneckoEye","Painkiller Herb"],"picked":"Busted Crown"}],"items_purged_floors":[],"is_endless":false,"potions_floor_spawned":[4,6,10,21],"killed_by":"Cultist and Chosen","ascension_level":0}}