{"host":"jk8wop44dq7uc7ar","time":1608243749,"event":{"mods":["AchievementEnabler","BaseMod","Colored Map","Colored Powertips","Downfall","Hermit","Hubris","Infinite Spire","Marisa????????","Minty Spire (QoL Compilation)","StSLib","The Bug Knight","The Construct","The Cursed","The Disciple","The Mystic","The Necromancer","The Runesmith","The Servant 0.9.4"],"gold_per_floor":[99,99,99,99,99,128,151,251,283,233,251,251,351,351,369,467,467,467,478,496,496,496,496,496,155,185,185,204,204,92,105,120,218,218,218,238,238,289,308,6,6,20,54,133,150,163,163,63,75,75],"floor_reached":51,"playtime":9215,"items_purged":["champ:Strike","hubris:Disease"],"score":851,"play_id":"b1fbd38d-367d-4b59-be6e-8d7ad2b4adcc","local_time":"20201217172229","is_ascension_mode":false,"campfire_choices":[{"data":"champ:Execute","floor":1.0,"key":"SMITH"},{"data":"champ:CalledShot","floor":10.0,"key":"SMITH"},{"data":"champ:ArenaPreparation","floor":18.0,"key":"SMITH"},{"floor":27.0,"key":"REST"},{"floor":35.0,"key":"RECALL"}],"circlet_count":0,"master_deck":["champ:Strike","champ:Strike","champ:Defend","champ:Defend","champ:Defend","champ:Execute+1","champ:Taunt","champ:FlashCut","champ:CalledShot+1","champ:ShieldThrow","champ:ArenaPreparation+1","champ:Shatter","champ:StanceDance","champ:EndlessRage","champ:ShieldSlam","champ:Haymaker","champ:BringItOn+1","Slimebound:CheckThePlaybook","RitualDagger+1","Pain","champ:GladiatorStyle","expansioncontent:TimeRipple","champ:HoldFirm","champ:SteelEdge","Discovery","champ:StanceDance","champ:HeartStrike+1","champ:SteelEdge","champ:HeartStrike","champ:ShieldSlam","champ:HeartStrike","champ:ArenaPreparation","champ:HoldFirm","Violence","Shame","champ:EnGarde+1","champ:StanceDance+1","champ:PerfectForm","infinitespire:Starlight"],"relics":["champ:ChampionCrown","downfall:HeartsMalice","hubris:Potato","downfall:GremlinWheel","hubris:PeanutButter","downfall:HeartBlessingGreen","downfall:HeartBlessingBlue","Champion Belt","Cursed Key","champ:DefensiveTrainingManual","Gremlin Horn","Potion Belt","hubris:Zylophone","Fusion Hammer","hubris:Towel","CatCart","Ice Cream","infinitespire:Beetle Shell","Toy Ornithopter","Bottled Lightning"],"acts_visited":["Exordium","TheCity","TheBeyond"],"potions_floor_usage":[50,50],"damage_taken":[{"damage":0.0,"enemies":"Cultist","floor":3.0,"turns":1.0},{"damage":0.0,"enemies":"2 Louse","floor":5.0,"turns":1.0},{"damage":0.0,"enemies":"Lagavulin","floor":6.0,"turns":1.0},{"damage":24.0,"enemies":"Lagavulin","floor":8.0,"turns":5.0},{"damage":19.0,"enemies":"Gremlin Nob","floor":9.0,"turns":4.0},{"damage":0.0,"enemies":"Small Slimes","floor":11.0,"turns":3.0},{"damage":0.0,"enemies":"Small Slimes","floor":13.0,"turns":3.0},{"damage":0.0,"enemies":"Red Slaver","floor":15.0,"turns":2.0},{"damage":8.0,"enemies":"downfall:Watcher","floor":16.0,"turns":5.0},{"damage":8.0,"enemies":"Chosen","floor":19.0,"turns":6.0},{"damage":27.0,"enemies":"3 Byrds","floor":20.0,"turns":6.0},{"damage":0.0,"enemies":"downfall:FleeingMerchant","floor":25.0,"turns":4.0},{"damage":1.0,"enemies":"Gremlin Leader","floor":26.0,"turns":5.0},{"damage":2.0,"enemies":"Cultist and Chosen","floor":28.0,"turns":5.0},{"damage":0.0,"enemies":"downfall:FleeingMerchant","floor":30.0,"turns":4.0},{"damage":0.0,"enemies":"Snake Plant","floor":31.0,"turns":1.0},{"damage":0.0,"enemies":"Centurion and Healer","floor":32.0,"turns":6.0},{"damage":22.0,"enemies":"downfall:Silent","floor":33.0,"turns":6.0},{"damage":0.0,"enemies":"Orb Walker","floor":36.0,"turns":2.0},{"damage":11.0,"enemies":"Orin","floor":38.0,"turns":10.0},{"damage":2.0,"enemies":"3 Darklings","floor":39.0,"turns":5.0},{"damage":0.0,"enemies":"downfall:FleeingMerchant","floor":40.0,"turns":3.0},{"damage":1.0,"enemies":"Writhing Mass","floor":42.0,"turns":2.0},{"damage":63.0,"enemies":"Reptomancer","floor":43.0,"turns":4.0},{"damage":45.0,"enemies":"Transient","floor":45.0,"turns":5.0},{"damage":0.0,"enemies":"Spire Growth","floor":46.0,"turns":2.0},{"damage":0.0,"enemies":"Jaw Worm Horde","floor":49.0,"turns":4.0},{"damage":0,"enemies":"downfall:Ironclad","floor":50,"turns":3}],"seed_played":"2714470682593741399","potions_obtained":[{"floor":6.0,"key":"AttackPotion"},{"floor":9.0,"key":"ColorlessPotion"},{"floor":13.0,"key":"Swift Potion"},{"floor":19.0,"key":"EntropicBrew"},{"floor":23.0,"key":"CultistPotion"},{"floor":28.0,"key":"Block Potion"},{"floor":31.0,"key":"champ:TechniquePotion"},{"floor":33.0,"key":"AttackPotion"},{"floor":36.0,"key":"DistilledChaos"},{"floor":43.0,"key":"BlessingOfTheForge"},{"floor":45.0,"key":"sneckomod:MuddlingPotion"},{"floor":46.0,"key":"DistilledChaos"},{"floor":49.0,"key":"PowerPotion"}],"is_trial":false,"path_per_floor":["R","?","M","?","M","E","T","?","E","R","M","?","?","?","M","B",null,"R","M","M","?","?","?","T","$","E","R","M","?","$","M","M","B",null,"R","M","?","?","M","$","T","M","E","T","M","M","?","$","M","B",null],"character_chosen":"THE_CHAMP","items_purchased":["Potion Belt","expansioncontent:TimeRipple","Discovery","champ:HoldFirm","Violence","Ice Cream"],"campfire_rested":1,"item_purchase_floors":[25,25,30,40,40,40],"current_hp_per_floor":[90,90,90,90,90,90,90,81,72,82,92,97,105,105,105,105,105,105,105,94,94,58,58,58,66,65,96,99,99,104,104,105,105,105,105,105,105,104,105,105,105,104,82,82,56,67,40,40,55,87],"gold":75,"neow_bonus":"THREE_ENEMY_KILL","is_daily":false,"chose_seed":false,"campfire_upgraded":3,"win_rate":0.0,"timestamp":1608243749,"path_taken":["R","?","M","?","M","E","T","?","E","R","?","?","?","?","M","BOSS","R","?","M","?","?","?","T","?","E","R","M","?","$","M","M","BOSS","R","M","?","?","M","?","T","M","E","?","?","M","?","$","M","BOSS"],"items_purchased_type":["Relic","Card","Card","Card","Card","Relic"],"build_version":"2020-12-13","purchased_purges":2,"victory":true,"max_hp_per_floor":[90,90,90,90,90,90,90,90,90,100,100,105,105,105,105,105,105,105,105,105,105,105,105,105,105,105,105,105,105,105,105,105,105,105,105,105,105,105,105,105,105,105,105,105,105,105,105,105,105,105],"card_choices":[{"not_picked":["champ:FightOn","champ:TornadoPunch"],"picked":"champ:FlashCut","floor":3.0},{"not_picked":["champ:BerserkersShout","champ:Circumvent"],"picked":"champ:CalledShot","floor":5.0},{"not_picked":["champ:ArenaPreparation","champ:VampiricStrike"],"picked":"champ:ShieldThrow","floor":6.0},{"not_picked":["champ:GutPunch","champ:AdrenalArmor"],"picked":"champ:ArenaPreparation","floor":9.0},{"not_picked":["champ:BladeFlurry","champ:BerserkersShout"],"picked":"champ:Shatter","floor":11.0},{"not_picked":["champ:BladeFlurry","champ:AdrenalArmor"],"picked":"champ:StanceDance","floor":13.0},{"not_picked":["champ:FocusedGladiator","champ:StanceDance"],"picked":"champ:EndlessRage","floor":15.0},{"not_picked":["champ:CheapShot","champ:LastStand"],"picked":"champ:ShieldSlam","floor":16.0},{"not_picked":["champ:BerserkersShout","champ:FalseCounter"],"picked":"champ:Haymaker","floor":19.0},{"not_picked":["champ:BerserkersShout","champ:Haymaker"],"picked":"champ:BringItOn+1","floor":20.0},{"not_picked":["champ:Haymaker+1","champ:Backstep"],"picked":"champ:GladiatorStyle","floor":25.0},{"not_picked":["champ:FanOfKnives+1","champ:FaceSlap","champ:Encircle+1"],"picked":"SKIP","floor":26.0},{"not_picked":["champ:SkillfulDodge","champ:PreciseThrust","champ:Encircle"],"picked":"SKIP","floor":28.0},{"not_picked":["champ:AdrenalArmor+1","champ:FanOfKnives+1"],"picked":"champ:SteelEdge","floor":30.0},{"not_picked":["champ:CrookedStrike","champ:FlashCut+1"],"picked":"champ:StanceDance","floor":31.0},{"not_picked":["champ:Shatter+1","champ:Lariat"],"picked":"champ:HeartStrike+1","floor":32.0},{"not_picked":["champ:HoldFirm","champ:Improvising"],"picked":"champ:SteelEdge","floor":33.0},{"not_picked":["champ:AdrenalArmor+1","champ:TornadoPunch"],"picked":"champ:HeartStrike","floor":36.0},{"not_picked":["champ:SkillfulDodge","champ:StanceDance"],"picked":"champ:ShieldSlam","floor":38.0},{"not_picked":["champ:Circumvent","champ:FlashCut"],"picked":"champ:HeartStrike","floor":39.0},{"not_picked":["champ:ShieldWall","champ:GladiatorsShout"],"picked":"champ:ArenaPreparation","floor":40.0},{"not_picked":["champ:Backstep+1","champ:CrookedStrike+1"],"picked":"champ:EnGarde+1","floor":42.0},{"not_picked":["champ:EnGarde+1","champ:TornadoPunch"],"picked":"champ:StanceDance+1","floor":43.0},{"not_picked":["champ:CrookedStrike","champ:FocusedGladiator"],"picked":"champ:PerfectForm","floor":45.0},{"not_picked":["champ:Encircle","champ:PerfectedStrike","champ:FanOfKnives+1"],"picked":"SKIP","floor":46.0},{"not_picked":["infinitespire:Punishment","infinitespire:SealOfDarkness+"],"picked":"infinitespire:Starlight","floor":47.0},{"not_picked":["champ:EnGarde+1","champ:Backstep","champ:FocusedBerserking"],"picked":"SKIP","floor":49.0}],"player_experience":411423,"relics_obtained":[{"floor":6.0,"key":"hubris:Potato"},{"floor":8.0,"key":"downfall:GremlinWheel"},{"floor":9.0,"key":"hubris:PeanutButter"},{"floor":13.0,"key":"Champion Belt"},{"floor":24.0,"key":"Gremlin Horn"},{"floor":26.0,"key":"hubris:Zylophone"},{"floor":38.0,"key":"CatCart"},{"floor":41.0,"key":"infinitespire:Beetle Shell"},{"floor":43.0,"key":"Toy Ornithopter"},{"floor":44.0,"key":"Bottled Lightning"}],"event_choices":[{"cards_removed":["champ:Strike"],"damage_healed":0.0,"max_hp_gain":0.0,"max_hp_loss":0.0,"gold_gain":0.0,"event_name":"The Cleric","player_choice":"Card Removal","floor":2.0,"gold_loss":0.0,"damage_taken":0.0},{"damage_healed":0.0,"max_hp_gain":0.0,"max_hp_loss":0.0,"gold_gain":100.0,"event_name":"Wheel of Change","player_choice":"Gold","floor":10.0,"gold_loss":0.0,"damage_taken":0.0},{"damage_healed":0.0,"max_hp_gain":5.0,"max_hp_loss":0.0,"gold_gain":0.0,"event_name":"Big Fish","player_choice":"Donut","floor":12.0,"gold_loss":0.0,"damage_taken":0.0},{"damage_healed":0.0,"max_hp_gain":0.0,"max_hp_loss":0.0,"gold_gain":0.0,"event_name":"OrinTheCat","player_choice":"Fight","floor":38.0,"gold_loss":0.0,"damage_taken":0.0}],"is_beta":false,"boss_relics":[{"not_picked":["Runic Pyramid","Busted Crown"],"picked":"Cursed Key"},{"not_picked":["Sozu","hubris:TerracottaHorce"],"picked":"Fusion Hammer"}],"items_purged_floors":[25,48],"is_endless":false,"potions_floor_spawned":[6,9,13,19,28,31,33,36,43,45,46,49],"ascension_level":0}}