{"host":"3xls0xm49ftugio7","time":1608203895,"event":{"mods":["2.2 Compatiblity","AchievementEnabler","Act Like it!","BaseMod","Colored Powertips","Downfall","GifTheSpireLib","Minty Spire (QoL Compilation)","Quick Restart","Relic Stats","StSLib"],"gold_per_floor":[399,418,6,61,61,186,186,220,313,313,45,85,135,267,287,287,287],"floor_reached":16,"playtime":957,"items_purged":["Guardian:Aged","champ:Strike"],"score":138,"play_id":"5430c86d-1298-4002-bb2c-297e3d2994ad","local_time":"20201217131815","is_ascension_mode":true,"campfire_choices":[{"data":"champ:Taunt","floor":1,"key":"SMITH"},{"data":"HandOfGreed","floor":5,"key":"SMITH"},{"data":"champ:Duel","floor":10,"key":"SMITH"}],"circlet_count":0,"master_deck":["champ:Strike","champ:Strike","champ:Strike","champ:Defend+1","champ:Defend","champ:Defend","champ:Defend","champ:Execute","champ:Taunt+1","champ:PreciseThrust","champ:RisingSlash","HandOfGreed+1","Flash of Steel","champ:DefensiveShout","champ:SkillfulDodge+1","champ:RecklessLeap","champ:RisingSlash","champ:Duel+1","champ:FaceSlap","champ:Backstep","champ:SteelEdge"],"relics":["champ:ChampionCrown","Old Coin","Pocketwatch","downfall:CloakOfManyFaces","CultistMask","FaceOfCleric","NlothsMask","GremlinMask","SsserpentHead","War Paint","Bronze Scales","HornCleat"],"acts_visited":["Exordium"],"potions_floor_usage":[],"damage_taken":[{"damage":10,"enemies":"Cultist","floor":2,"turns":4},{"damage":5,"enemies":"downfall:FleeingMerchant","floor":3,"turns":4},{"damage":27,"enemies":"3 Sentries","floor":4,"turns":10},{"damage":17,"enemies":"downfall:FaceTrader","floor":6,"turns":9},{"damage":22,"enemies":"Lagavulin","floor":8,"turns":6},{"damage":0,"enemies":"Jaw Worm","floor":9,"turns":2},{"damage":20,"enemies":"downfall:FleeingMerchant","floor":11,"turns":4},{"damage":5,"enemies":"Small Slimes","floor":12,"turns":3},{"damage":5,"enemies":"2 Fungi Beasts","floor":15,"turns":3},{"damage":49,"enemies":"downfall:Defect","floor":16,"turns":5}],"seed_played":"5620032217349031200","potions_obtained":[{"floor":2,"key":"SpeedPotion"},{"floor":6,"key":"Strength Potion"},{"floor":8,"key":"SmokeBomb"},{"floor":12,"key":"Swift Potion"}],"is_trial":false,"path_per_floor":["R","M","$","E","R","?","T","E","M","R","$","M","?","T","M","B"],"character_chosen":"THE_CHAMP","items_purchased":["HandOfGreed","Flash of Steel","champ:DefensiveShout","Bronze Scales"],"campfire_rested":0,"item_purchase_floors":[3,3,3,11],"current_hp_per_floor":[90,90,90,73,73,66,66,50,51,51,37,38,48,48,49,0,0],"gold":287,"neow_bonus":"ONE_RARE_RELIC","is_daily":false,"chose_seed":false,"campfire_upgraded":3,"win_rate":0.0,"timestamp":1608203895,"path_taken":["R","M","$","E","R","?","T","E","?","R","$","M","?","?","M","BOSS"],"items_purchased_type":["Card","Card","Card","Relic"],"build_version":"2020-12-13","purchased_purges":2,"victory":false,"max_hp_per_floor":[90,90,90,90,90,90,90,91,92,92,93,94,104,104,105,105,105],"relic_stats":{"SsserpentHead":150,"FaceOfCleric":5,"counters":[10,50],"Bronze Scales":[24],"War Paint":["champ:Defend","champ:SkillfulDodge"],"obtain_stats":[{"SsserpentHead":6,"HornCleat":14,"FaceOfCleric":6,"Bronze Scales":11,"champ:ChampionCrown":0,"GremlinMask":6,"CultistMask":6,"downfall:CloakOfManyFaces":6,"War Paint":8,"Old Coin":0,"Pocketwatch":4,"NlothsMask":6},{"SsserpentHead":4,"HornCleat":8,"FaceOfCleric":4,"Bronze Scales":7,"champ:ChampionCrown":0,"GremlinMask":4,"CultistMask":4,"downfall:CloakOfManyFaces":4,"War Paint":5,"Old Coin":0,"Pocketwatch":3,"NlothsMask":4},{"SsserpentHead":27,"HornCleat":42,"FaceOfCleric":27,"Bronze Scales":39,"champ:ChampionCrown":0,"GremlinMask":27,"CultistMask":27,"downfall:CloakOfManyFaces":27,"War Paint":33,"Old Coin":0,"Pocketwatch":18,"NlothsMask":27}],"Pocketwatch":[39]},"card_choices":[{"not_picked":["champ:FanOfKnives","champ:FightOn"],"picked":"champ:PreciseThrust","floor":2},{"not_picked":["champ:SkillfulDodge","champ:BerserkerStyle"],"picked":"champ:RisingSlash","floor":3},{"not_picked":["champ:FightOn","champ:RapidStrikes"],"picked":"champ:SkillfulDodge","floor":4},{"not_picked":["champ:DefensiveStyle","champ:EndlessRage"],"picked":"champ:RecklessLeap","floor":6},{"not_picked":["champ:EnragedBash","champ:HeartStrike"],"picked":"champ:RisingSlash","floor":8},{"not_picked":["champ:DefensiveShout","champ:CrookedStrike"],"picked":"champ:Duel","floor":9},{"not_picked":["champ:CrookedStrike","champ:Encircle"],"picked":"champ:FaceSlap","floor":11},{"not_picked":["champ:GladiatorsShout","champ:EnragedBash"],"picked":"champ:Backstep","floor":12},{"not_picked":["champ:StanceDance","champ:AdrenalArmor"],"picked":"champ:SteelEdge","floor":15}],"player_experience":796627,"relics_obtained":[{"floor":4,"key":"Pocketwatch"},{"floor":6,"key":"downfall:CloakOfManyFaces"},{"floor":8,"key":"War Paint"},{"floor":14,"key":"HornCleat"}],"event_choices":[],"is_beta":false,"boss_relics":[],"items_purged_floors":[3,11],"is_endless":false,"potions_floor_spawned":[2,6,8,12,15],"killed_by":"downfall:Defect","ascension_level":1}}