{"host":"aj7el8l5kufbk20z","time":1608197930,"event":{"mods":["AchievementEnabler","BaseMod","Colored Map","Colored Powertips","Curses Come First","Highlight Path","Minty Spire (QoL Compilation)","Quick Restart","Rare Cards Sparkle","Relic Stats","StSLib","SuperFastMode"],"gold_per_floor":[118,118,68,2802,2820,2820,2855,2855,2855,2867,2067,2067,2067,1501,1501,1605,1605,1616,1632,1644,1644,1675,1675,507,507,533,568,2154,2154,2171,2185,2185,2288,2288,2306,1472,1522,762,772,801,801,821,821,821,821,836,633,646,646,646],"floor_reached":51,"playtime":3911,"items_purged":["Defend_P","Strike_P","Strike_P","Defend_P","Defend_P+1","Strike_P+1","ConjureBlade+1"],"score":839,"play_id":"eca356cf-fee4-463a-a244-ea3e83ffdc26","local_time":"20201217173850","is_ascension_mode":true,"campfire_choices":[{"data":"Eruption","floor":6,"key":"SMITH"},{"data":"PathToVictory","floor":8,"key":"SMITH"},{"data":"Sadistic Nature","floor":12,"key":"SMITH"},{"data":"Nirvana","floor":15,"key":"SMITH"},{"data":"Prostrate","floor":23,"key":"SMITH"},{"data":"Magnetism","floor":25,"key":"SMITH"},{"data":"Strike_P","floor":32,"key":"SMITH"},{"data":"Alpha","floor":41,"key":"SMITH"},{"data":"Defend_P+1","floor":49,"key":"PURGE"}],"circlet_count":0,"master_deck":["Eruption+1","Vigilance+1","Prostrate+1","PathToVictory+1","EmptyBody+1","PathToVictory+1","Protect+1","Sadistic Nature+1","Nirvana+1","Ragnarok+1","LessonLearned+1","Prostrate+1","ThirdEye+1","PathToVictory+1","Magnetism+1","Wallop+1","Pray+1","Judgement+1","CutThroughFate+1","TalkToTheHand+1","Prostrate","CutThroughFate+1","JustLucky+1","Wallop+1","Alpha+1","TalkToTheHand+1","Dark Shackles","CutThroughFate+1","Protect+1"],"relics":["PureWater","NeowsBlessing","Molten Egg 2","War Paint","Nunchaku","Yang","Omamori","SlaversCollar","Red Mask","Mercury Hourglass","StrikeDummy","Lee\u0027s Waffle","Dream Catcher","Meat on the Bone","Calipers","StoneCalendar","Chemical X","NlothsMask","Philosopher\u0027s Stone","Lantern","Orichalcum","HandDrill","Peace Pipe","Mummified Hand","Strawberry","Toolbox","Smiling Mask","ClockworkSouvenir"],"acts_visited":["Exordium","TheCity","TheBeyond"],"potions_floor_usage":[17,20,22,24,27,31,42],"damage_taken":[{"damage":0,"enemies":"Jaw Worm","floor":1,"turns":1},{"damage":0,"enemies":"Small Slimes","floor":4,"turns":2},{"damage":0,"enemies":"Cultist","floor":5,"turns":1},{"damage":41,"enemies":"Lagavulin","floor":7,"turns":9},{"damage":0,"enemies":"Exordium Wildlife","floor":10,"turns":3},{"damage":68,"enemies":"Hexaghost","floor":16,"turns":6},{"damage":0,"enemies":"Spheric Guardian","floor":18,"turns":1},{"damage":5,"enemies":"Shell Parasite","floor":19,"turns":3},{"damage":11,"enemies":"Centurion and Healer","floor":20,"turns":6},{"damage":62,"enemies":"Masked Bandits","floor":22,"turns":5},{"damage":13,"enemies":"Book of Stabbing","floor":27,"turns":5},{"damage":0,"enemies":"Snecko","floor":30,"turns":4},{"damage":4,"enemies":"3 Cultists","floor":31,"turns":4},{"damage":9,"enemies":"Champ","floor":33,"turns":7},{"damage":6,"enemies":"3 Shapes","floor":35,"turns":2},{"damage":0,"enemies":"Mind Bloom Boss Battle","floor":37,"turns":5},{"damage":0,"enemies":"Orb Walker","floor":39,"turns":4},{"damage":35,"enemies":"Reptomancer","floor":40,"turns":5},{"damage":28,"enemies":"Jaw Worm Horde","floor":42,"turns":5},{"damage":0,"enemies":"4 Shapes","floor":46,"turns":5},{"damage":30,"enemies":"Spire Growth","floor":48,"turns":4},{"damage":49,"enemies":"Time Eater","floor":50,"turns":8}],"seed_played":"8144635326376469932","potions_obtained":[{"floor":7,"key":"BottledMiracle"},{"floor":16,"key":"Fruit Juice"},{"floor":22,"key":"ColorlessPotion"},{"floor":30,"key":"FearPotion"},{"floor":31,"key":"FearPotion"},{"floor":42,"key":"StancePotion"},{"floor":48,"key":"BottledMiracle"}],"is_trial":false,"path_per_floor":["M","?","?","M","M","R","E","R","T","M","$","R","?","$","R","B",null,"M","M","M","?","?","R","$","R","T","E","$","?","M","M","R","B",null,"M","$","?","$","M","E","R","M","T","?","?","M","$","M","R","B",null],"character_chosen":"WATCHER","items_purchased":["Nunchaku","Yang","Sadistic Nature","Dexterity Potion","LiquidBronze","Nirvana","Ragnarok+1","LessonLearned+1","Omamori","Mercury Hourglass","StrikeDummy","Lee\u0027s Waffle","Magnetism","Fruit Juice","LiquidBronze","Energy Potion","Calipers","StoneCalendar","Chemical X","Lantern","Orichalcum","HandDrill","TalkToTheHand+1","Prostrate","CutThroughFate+1","SkillPotion","Mummified Hand","Strawberry","Toolbox","ClockworkSouvenir"],"campfire_rested":0,"item_purchase_floors":[11,11,11,11,11,14,14,14,14,24,24,24,24,24,24,24,28,28,28,36,36,36,36,36,36,36,38,38,38,47],"current_hp_per_floor":[72,58,58,58,58,58,70,70,70,70,70,70,70,70,70,102,77,77,72,61,61,148,148,189,189,189,176,176,176,176,172,172,163,189,183,183,183,190,190,155,155,127,127,127,127,127,127,97,97,60],"gold":646,"neow_bonus":"THREE_ENEMY_KILL","is_daily":false,"chose_seed":false,"campfire_upgraded":8,"win_rate":0.0,"timestamp":1608197930,"path_taken":["M","?","?","M","?","R","E","R","T","M","$","R","?","$","R","BOSS","M","?","M","?","?","R","$","R","T","E","$","?","?","M","R","BOSS","M","$","?","$","M","E","R","M","T","?","?","M","$","M","R","BOSS"],"items_purchased_type":["Relic","Relic","Card","Potion","Potion","Card","Card","Card","Relic","Relic","Relic","Relic","Card","Potion","Potion","Potion","Relic","Relic","Relic","Relic","Relic","Relic","Card","Card","Card","Potion","Relic","Relic","Relic","Relic"],"build_version":"2020-12-13","purchased_purges":7,"victory":true,"max_hp_per_floor":[72,72,72,72,72,72,72,72,72,72,72,72,72,72,72,72,177,177,177,177,177,177,177,189,189,189,189,189,189,189,189,189,189,189,189,189,189,196,196,196,196,196,196,186,186,186,186,186,186,186],"relic_stats":{"Lee\u0027s Waffle":36,"counters":[22,95],"Yang":[87],"StoneCalendar":[56],"War Paint":["PathToVictory","Defend_P"],"Orichalcum":[18],"Smiling Mask":175,"Mercury Hourglass":[234],"Peace Pipe":1,"Nunchaku":[8],"Dream Catcher":0,"Mummified Hand":[27],"HandDrill":[16],"Chemical X":[3],"obtain_stats":[{"Lantern":36,"Calipers":28,"Yang":11,"StoneCalendar":28,"Smiling Mask":40,"ClockworkSouvenir":47,"Nunchaku":11,"Dream Catcher":26,"Mummified Hand":38,"Strawberry":38,"Toolbox":38,"Philosopher\u0027s Stone":34,"Red Mask":22,"HandDrill":36,"Chemical X":28,"Lee\u0027s Waffle":24,"NeowsBlessing":0,"Omamori":14,"War Paint":9,"Orichalcum":36,"Mercury Hourglass":24,"Peace Pipe":37,"SlaversCollar":17,"Molten Egg 2":7,"PureWater":0,"StrikeDummy":24,"Meat on the Bone":27,"NlothsMask":29},{"Lantern":15,"Calipers":11,"Yang":5,"StoneCalendar":11,"Smiling Mask":18,"ClockworkSouvenir":20,"Nunchaku":5,"Dream Catcher":10,"Mummified Hand":16,"Strawberry":16,"Toolbox":16,"Philosopher\u0027s Stone":14,"Red Mask":10,"HandDrill":15,"Chemical X":11,"Lee\u0027s Waffle":10,"NeowsBlessing":0,"Omamori":5,"War Paint":4,"Orichalcum":15,"Mercury Hourglass":10,"Peace Pipe":16,"SlaversCollar":6,"Molten Egg 2":4,"PureWater":0,"StrikeDummy":10,"Meat on the Bone":11,"NlothsMask":11},{"Lantern":59,"Calipers":42,"Yang":16,"StoneCalendar":42,"Smiling Mask":73,"ClockworkSouvenir":83,"Nunchaku":16,"Dream Catcher":37,"Mummified Hand":64,"Strawberry":64,"Toolbox":64,"Philosopher\u0027s Stone":57,"Red Mask":37,"HandDrill":59,"Chemical X":42,"Lee\u0027s Waffle":37,"NeowsBlessing":0,"Omamori":16,"War Paint":13,"Orichalcum":59,"Mercury Hourglass":37,"Peace Pipe":64,"SlaversCollar":22,"Molten Egg 2":13,"PureWater":0,"StrikeDummy":37,"Meat on the Bone":42,"NlothsMask":42}],"Meat on the Bone":12},"card_choices":[{"not_picked":["EmptyFist","BattleHymn"],"picked":"Prostrate","floor":1},{"not_picked":["Collect","FlyingSleeves"],"picked":"PathToVictory","floor":4},{"not_picked":["ClearTheMind","Tantrum"],"picked":"EmptyBody","floor":5},{"not_picked":["Tantrum+1","EmptyFist+1"],"picked":"PathToVictory","floor":7},{"not_picked":["EmptyBody","FlyingSleeves+1"],"picked":"Protect","floor":10},{"not_picked":["Scrawl","Ragnarok+1"],"picked":"ConjureBlade","floor":16},{"not_picked":["Halt","ClearTheMind"],"picked":"Prostrate","floor":18},{"not_picked":["Crescendo+1","FollowUp+1","Meditate"],"picked":"SKIP","floor":19},{"not_picked":["Halt","Consecrate+1"],"picked":"ThirdEye+1","floor":20},{"not_picked":["ConjureBlade","Tantrum+1"],"picked":"PathToVictory+1","floor":22},{"not_picked":["InnerPeace","PathToVictory+1"],"picked":"Wallop+1","floor":27},{"not_picked":["Halt","EmptyBody","Consecrate+1"],"picked":"SKIP","floor":30},{"not_picked":["EmptyBody","EmptyMind"],"picked":"Pray+1","floor":31},{"not_picked":["Establishment","Blasphemy"],"picked":"Judgement","floor":33},{"not_picked":["FlyingSleeves+1","EmptyFist+1"],"picked":"CutThroughFate+1","floor":35},{"not_picked":["BowlingBash+1","ThirdEye+1"],"picked":"JustLucky+1","floor":37},{"not_picked":["Crescendo+1","EmptyFist+1"],"picked":"Wallop+1","floor":39},{"not_picked":["MentalFortress","Indignation"],"picked":"Alpha","floor":40},{"not_picked":["FearNoEvil+1","Collect+1"],"picked":"TalkToTheHand+1","floor":42},{"not_picked":["Metamorphosis","Chrysalis"],"picked":"Dark Shackles","floor":45},{"not_picked":["Sanctity","ThirdEye"],"picked":"CutThroughFate+1","floor":46},{"not_picked":["FearNoEvil+1","BowlingBash+1"],"picked":"Protect+1","floor":48}],"player_experience":253760,"relics_obtained":[{"floor":7,"key":"Molten Egg 2"},{"floor":9,"key":"War Paint"},{"floor":22,"key":"Red Mask"},{"floor":26,"key":"Dream Catcher"},{"floor":27,"key":"Meat on the Bone"},{"floor":37,"key":"Peace Pipe"},{"floor":40,"key":"Smiling Mask"}],"event_choices":[{"damage_healed":0,"gold_gain":0,"player_choice":"Entered Light","damage_taken":14,"max_hp_gain":0,"max_hp_loss":0,"event_name":"Shining Light","floor":2,"gold_loss":0,"cards_upgraded":["Prostrate","Vigilance"]},{"cards_removed":["Strike_P"],"damage_healed":0,"gold_gain":0,"player_choice":"Card Removal","damage_taken":0,"max_hp_gain":0,"max_hp_loss":0,"event_name":"The Cleric","floor":3,"gold_loss":50},{"damage_healed":0,"gold_gain":0,"player_choice":"Forge","damage_taken":0,"max_hp_gain":0,"max_hp_loss":0,"event_name":"Accursed Blacksmith","floor":13,"gold_loss":0,"cards_upgraded":["Protect"]},{"damage_healed":0,"gold_gain":0,"player_choice":"Ignored","damage_taken":0,"max_hp_gain":0,"max_hp_loss":0,"event_name":"Ghosts","floor":21,"gold_loss":0},{"damage_healed":0,"gold_gain":0,"player_choice":"Fought Bandits","damage_taken":0,"max_hp_gain":0,"max_hp_loss":0,"event_name":"Masked Bandits","floor":22,"gold_loss":0},{"damage_healed":0,"gold_gain":0,"player_choice":"Trade","damage_taken":0,"relics_obtained":["NlothsMask"],"max_hp_gain":0,"max_hp_loss":0,"event_name":"FaceTrader","floor":29,"gold_loss":0},{"damage_healed":0,"gold_gain":0,"player_choice":"Fight","damage_taken":0,"max_hp_gain":0,"max_hp_loss":0,"event_name":"MindBloom","floor":37,"gold_loss":0},{"damage_healed":0,"gold_gain":0,"player_choice":"Max HP","damage_taken":0,"max_hp_gain":0,"max_hp_loss":10,"event_name":"Winding Halls","floor":44,"gold_loss":0},{"damage_healed":0,"gold_gain":0,"player_choice":"Memory 1","damage_taken":0,"max_hp_gain":0,"max_hp_loss":0,"event_name":"SensoryStone","floor":45,"gold_loss":0}],"is_beta":false,"boss_relics":[{"not_picked":["Busted Crown","Snecko Eye"],"picked":"SlaversCollar"},{"not_picked":["Sozu","Coffee Dripper"],"picked":"Philosopher\u0027s Stone"}],"items_purged_floors":[11,14,24,28,36,38,47],"is_endless":false,"potions_floor_spawned":[7,16,22,30,31,35,42,48],"ascension_level":3}}