{"host":"ci7ivtocgfxh0ueo","time":1608176659,"event":{"mods":["BaseMod","GifTheSpireLib","Minty Spire (QoL Compilation)","StSLib"],"gold_per_floor":[113,128,128,50,50,79,79,91,91,91,91,91,91,114,114,189,189,202,221,234,234,251,251,251,251,251],"floor_reached":25,"playtime":557,"items_purged":[],"score":405,"play_id":"af23fe18-ad8a-40a6-ae60-73da69fe5c7e","local_time":"20201217114419","is_ascension_mode":true,"campfire_choices":[{"data":"Dash","floor":7,"key":"SMITH"},{"floor":11,"key":"REST"},{"floor":13,"key":"REST"},{"data":"Poisoned Stab","floor":15,"key":"SMITH"},{"data":"After Image","floor":23,"key":"SMITH"}],"circlet_count":0,"master_deck":["AscendersBane","Strike_G","Strike_G+1","Strike_G","Strike_G","Defend_G+1","Defend_G","Defend_G","Defend_G","Defend_G+1","Survivor+1","Neutralize","Choke+1","Dagger Spray","Dash+1","Bouncing Flask+1","Poisoned Stab+1","Poisoned Stab","After Image+1","Backflip","PiercingWail","Envenom"],"relics":["Ring of the Snake","FossilizedHelix","The Specimen","Whetstone","Ginger","War Paint","HoveringKite"],"acts_visited":["Exordium","TheCity"],"potions_floor_usage":[16,16,19,22,24,25],"damage_taken":[{"damage":0,"enemies":"Jaw Worm","floor":1,"turns":4},{"damage":3,"enemies":"Cultist","floor":2,"turns":4},{"damage":18,"enemies":"Gremlin Nob","floor":6,"turns":5},{"damage":0,"enemies":"Small Slimes","floor":8,"turns":3},{"damage":24,"enemies":"Slime Boss","floor":16,"turns":8},{"damage":20,"enemies":"Shell Parasite","floor":18,"turns":7},{"damage":0,"enemies":"2 Thieves","floor":19,"turns":4},{"damage":0,"enemies":"Snake Plant","floor":20,"turns":3},{"damage":0,"enemies":"Snecko","floor":22,"turns":4},{"damage":0,"enemies":"Gremlin Leader","floor":24,"turns":2},{"damage":33,"enemies":"3 Cultists","floor":25,"turns":4}],"seed_played":"-2463009244718651941","potions_obtained":[{"floor":1,"key":"Dexterity Potion"},{"floor":8,"key":"Strength Potion"},{"floor":18,"key":"Weak Potion"},{"floor":19,"key":"Weak Potion"},{"floor":21,"key":"Strength Potion"},{"floor":22,"key":"SmokeBomb"}],"is_trial":false,"path_per_floor":["M","M","?","$","?","E","R","M","T","?","R","$","R","T","R","B",null,"M","M","M","?","M","R","E","M"],"character_chosen":"THE_SILENT","items_purchased":["Dash"],"campfire_rested":2,"item_purchase_floors":[4],"current_hp_per_floor":[59,56,51,51,51,33,33,33,33,15,33,33,51,51,51,27,52,32,32,32,32,32,32,32,0,0],"gold":251,"neow_bonus":"ONE_RARE_RELIC","is_daily":false,"chose_seed":false,"campfire_upgraded":3,"win_rate":0.0,"timestamp":1608176659,"path_taken":["M","M","?","$","?","E","R","?","T","?","R","?","R","?","R","BOSS","M","M","?","?","M","R","E","M"],"items_purchased_type":["Card"],"build_version":"2020-12-13","purchased_purges":0,"victory":false,"max_hp_per_floor":[60,60,60,60,60,60,60,60,60,60,60,60,60,60,60,60,60,60,60,60,60,60,60,60,60,60],"card_choices":[{"not_picked":["Catalyst","Bane"],"picked":"Choke","floor":1},{"not_picked":["Blade Dance","Bane"],"picked":"Dagger Spray","floor":2},{"not_picked":["Dagger Spray","Grand Finale"],"picked":"Poisoned Stab","floor":6},{"not_picked":["Acrobatics","Dodge and Roll"],"picked":"Poisoned Stab","floor":8},{"not_picked":["A Thousand Cuts","Malaise"],"picked":"After Image","floor":16},{"not_picked":["Caltrops","Leg Sweep"],"picked":"Backflip","floor":18},{"not_picked":["Prepared","Acrobatics"],"picked":"PiercingWail","floor":19},{"not_picked":["Endless Agony","Deflect","Quick Slash"],"picked":"SKIP","floor":20},{"not_picked":["Prepared+1","Blade Dance"],"picked":"Envenom","floor":22}],"player_experience":1259467,"relics_obtained":[{"floor":6,"key":"Whetstone"},{"floor":9,"key":"Ginger"},{"floor":14,"key":"War Paint"}],"event_choices":[{"damage_healed":0,"gold_gain":0,"player_choice":"Success","damage_taken":5,"relics_obtained":["The Specimen"],"max_hp_gain":0,"max_hp_loss":0,"event_name":"Scrap Ooze","floor":3,"gold_loss":0},{"damage_healed":0,"gold_gain":0,"cards_transformed":["Strike_G"],"player_choice":"Transformed","damage_taken":0,"max_hp_gain":0,"max_hp_loss":0,"event_name":"Transmorgrifier","floor":5,"gold_loss":0,"cards_obtained":["Bouncing Flask"]},{"damage_healed":0,"gold_gain":0,"player_choice":"Entered Light","damage_taken":18,"max_hp_gain":0,"max_hp_loss":0,"event_name":"Shining Light","floor":10,"gold_loss":0,"cards_upgraded":["Bouncing Flask","Defend_G"]},{"damage_healed":0,"gold_gain":0,"player_choice":"Got Potions","damage_taken":0,"max_hp_gain":0,"max_hp_loss":0,"event_name":"Lab","floor":21,"gold_loss":0}],"is_beta":false,"boss_relics":[{"not_picked":["SlaversCollar","Empty Cage"],"picked":"HoveringKite"}],"items_purged_floors":[],"is_endless":false,"potions_floor_spawned":[1,8,18,19,22],"killed_by":"3 Cultists","ascension_level":17}}