{"host":"h2kd9fh9k05klpg6","time":1608192230,"event":{"mods":["AchievementEnabler","Act Like it!","BaseMod","Better Third Choice","BetterRewards","Card Forge","Minty Spire (QoL Compilation)","Permanent Neow","Quick Restart","Replay The Spire","StSLib"],"gold_per_floor":[119,294,314,589,129,156,156,186,213,213,229,246,260,260,260,369,369,390,390,240,240,260,260,294,320,320,351,364,397,406,249,249,344,344,361,116,116,135,152,177,200,212,294,494,494,508,541,337,337,337,337,337,34,63,63],"floor_reached":56,"playtime":2965,"items_purged":[],"score":2201,"play_id":"56c0b051-8da0-4f21-a8d1-26e73d27f65b","local_time":"20201217030350","is_ascension_mode":true,"campfire_choices":[{"floor":7,"key":"REST"},{"floor":10,"key":"RECALL"},{"floor":15,"key":"REST"},{"floor":23,"key":"REST"},{"floor":32,"key":"REST"},{"floor":49,"key":"REST"},{"floor":52,"key":"REST"}],"circlet_count":0,"master_deck":["Feed+1","Iron Wave+1","Iron Wave+1","Shrug It Off+1","Thunderclap+1","Adrenaline+1","Pummel+1","Metallicize+1","Iron Wave+1","Iron Wave+1","Flex+1","Whirlwind+1","ReplayTheSpireMod:From All Sides+1","Malaise+1","Replay:BasicMightCard+1","Demonic Infusion+1","Exhume+1","Seeing Red+1","Necronomicurse"],"relics":["Burning Blood","Hammer of Thor","Seething Fire","Anvil of the Gods","Incense Burner","Counterbalance","TungstenRod","Chemical X","Mirror","Bag of Marbles","PreservedInsect","BranchBurnRelic","CeramicFish","Philosopher\u0027s Stone","Replay:Rubber Ducky","MutagenicStrength","Champion Belt","Red Mask","Tiny Chest","Pear","Necronomicon","Strawberry","Cursed Key","Replay:WaspNest","Omamori","Bag of Preparation","Pantograph","Anchor","Lantern","Sling","Replay:Baseball"],"acts_visited":["Exordium","TheCity","TheBeyond","TheEnding"],"potions_floor_usage":[16,16,18,33,42,50,54,55],"damage_taken":[{"damage":0,"enemies":"Small Slimes","floor":1,"turns":2},{"damage":0,"enemies":"Cultist","floor":3,"turns":2},{"damage":0,"enemies":"Replay:BlueRogue","floor":6,"turns":3},{"damage":0,"enemies":"Gremlin Nob","floor":8,"turns":2},{"damage":0,"enemies":"Jaw Worm","floor":11,"turns":1},{"damage":0,"enemies":"3 Louse","floor":12,"turns":1},{"damage":0,"enemies":"2 Fungi Beasts","floor":13,"turns":1},{"damage":0,"enemies":"Hexaghost","floor":16,"turns":3},{"damage":0,"enemies":"Spheric Guardian","floor":18,"turns":2},{"damage":0,"enemies":"3 Byrds","floor":22,"turns":1},{"damage":0,"enemies":"Book of Stabbing","floor":24,"turns":1},{"damage":0,"enemies":"Masked Bandits","floor":25,"turns":1},{"damage":0,"enemies":"Gremlin Leader","floor":27,"turns":1},{"damage":0,"enemies":"Cultist and Chosen","floor":28,"turns":6},{"damage":0,"enemies":"Book of Stabbing","floor":29,"turns":3},{"damage":7,"enemies":"Collector","floor":33,"turns":4},{"damage":0,"enemies":"3 Shapes","floor":35,"turns":1},{"damage":0,"enemies":"3 Darklings","floor":38,"turns":1},{"damage":0,"enemies":"Spire Growth","floor":39,"turns":1},{"damage":0,"enemies":"Giant Head","floor":40,"turns":4},{"damage":0,"enemies":"Transient","floor":42,"turns":5},{"damage":0,"enemies":"Jaw Worm Horde","floor":46,"turns":2},{"damage":3,"enemies":"Nemesis","floor":47,"turns":3},{"damage":20,"enemies":"Time Eater","floor":50,"turns":6},{"damage":0,"enemies":"Shield and Spear","floor":54,"turns":2},{"damage":57,"enemies":"The Heart","floor":55,"turns":5}],"seed_played":"-3263475377052270634","potions_obtained":[{"floor":6,"key":"Swift Potion"},{"floor":8,"key":"Strength Potion"},{"floor":16,"key":"Strength Potion"},{"floor":18,"key":"Weak Potion"},{"floor":25,"key":"CultistPotion"},{"floor":27,"key":"ElixirPotion"},{"floor":40,"key":"SkillPotion"},{"floor":46,"key":"BloodPotion"}],"is_trial":false,"path_per_floor":["M","?","M","?","$","E","R","E","T","R","M","M","M","?","R","B",null,"M","?","$","?","M","R","E","?","T","E","M","E","?","$","R","B",null,"M","$","?","M","M","E","T","M","T","?","?","M","E","$","R","B",null,"R","$","E","B",null],"character_chosen":"IRONCLAD","items_purchased":["AttackPotion","Chemical X","Mirror","Replay:Rubber Ducky","Strawberry","Replay:WaspNest","DistilledChaos","LifebloodPotion","ColorlessPotion","Lantern","Sling"],"campfire_rested":6,"item_purchase_floors":[5,5,5,20,31,36,48,48,48,53,53],"current_hp_per_floor":[48,48,58,58,58,64,88,88,88,88,92,96,96,96,96,96,96,100,100,100,100,100,100,100,100,100,100,108,118,106,113,125,125,125,129,129,127,129,129,129,129,129,129,129,123,127,127,127,127,113,124,127,127,127,76],"gold":63,"neow_bonus":"","is_daily":false,"chose_seed":false,"campfire_upgraded":0,"win_rate":0.0,"timestamp":1608192230,"path_taken":["M","?","M","?","$","E","R","E","T","R","M","?","M","?","R","BOSS","M","?","$","?","M","R","E","?","T","E","M","E","?","$","R","BOSS","M","$","?","M","?","E","?","M","T","?","?","M","E","$","R","BOSS","R","$","E","BOSS"],"items_purchased_type":["Potion","Relic","Relic","Relic","Relic","Relic","Potion","Potion","Potion","Relic","Relic"],"build_version":"2020-12-13","purchased_purges":0,"victory":true,"max_hp_per_floor":[84,84,88,88,88,88,88,88,88,88,92,96,96,96,96,96,96,100,100,100,100,100,100,100,100,100,100,108,118,118,125,125,125,125,129,129,129,129,129,129,129,129,129,129,123,127,127,127,127,127,127,127,127,127,127],"card_choices":[{"not_picked":["Rupture","Wild Strike","Second Wind"],"picked":"SKIP","floor":1},{"not_picked":["Armaments","Metallicize"],"picked":"Flex","floor":3},{"not_picked":["ReplayTheSpireMod:Limb From Limb","ReplayTheSpireMod:Strike From Hell"],"picked":"Demonic Infusion","floor":6},{"not_picked":["Spot Weakness","Clash","Havoc"],"picked":"SKIP","floor":8},{"not_picked":["Twin Strike","Iron Wave","Armaments"],"picked":"SKIP","floor":11},{"not_picked":["Blood for Blood","Iron Wave","Anger"],"picked":"SKIP","floor":12},{"not_picked":["Warcry","Perfected Strike","Heavy Blade"],"picked":"SKIP","floor":13},{"not_picked":["Bludgeon","Hemogenesis"],"picked":"Exhume","floor":16},{"not_picked":["Perfected Strike+1","Wild Strike"],"picked":"Seeing Red","floor":18},{"not_picked":["Searing Blow","Rampage","Pommel Strike"],"picked":"SKIP","floor":22},{"not_picked":["Dropkick","Seeing Red","Shrug It Off"],"picked":"SKIP","floor":24},{"not_picked":["Rage+1","Clothesline","Metallicize"],"picked":"SKIP","floor":27},{"not_picked":["Pommel Strike","Heavy Blade","Iron Wave"],"picked":"SKIP","floor":28},{"not_picked":["Battle Trance","Blood for Blood","Disarm"],"picked":"SKIP","floor":29},{"not_picked":["Warcry+1","Shockwave+1","Defy Death"],"picked":"SKIP","floor":35},{"not_picked":["Armaments","Disarm+1","Cleave"],"picked":"SKIP","floor":38},{"not_picked":["Disarm","Wild Strike+1","Body Slam+1"],"picked":"SKIP","floor":39},{"not_picked":["Iron Wave","Fire Breathing+1","Fiend Fire"],"picked":"SKIP","floor":40},{"not_picked":["Clash","ReplayTheSpireMod:LeadingStrike","Twin Strike+1"],"picked":"SKIP","floor":42},{"not_picked":["Sword Boomerang+1","Perfected Strike","Clothesline+1"],"picked":"SKIP","floor":46},{"not_picked":["Run Through","Infernal Blade","Twin Strike+1"],"picked":"SKIP","floor":47},{"not_picked":["ReplayTheSpireMod:Muscle Training","Anger+1","Abandon+1"],"picked":"SKIP","floor":54}],"player_experience":436309,"relics_obtained":[{"floor":6,"key":"Bag of Marbles"},{"floor":8,"key":"Dead Branch"},{"floor":9,"key":"PreservedInsect"},{"floor":24,"key":"Champion Belt"},{"floor":25,"key":"Red Mask"},{"floor":27,"key":"Tiny Chest"},{"floor":29,"key":"Pear"},{"floor":30,"key":"Necronomicon"},{"floor":40,"key":"Omamori"},{"floor":41,"key":"Bag of Preparation"},{"floor":43,"key":"Pantograph"},{"floor":47,"key":"Anchor"},{"floor":54,"key":"Replay:Baseball"}],"event_choices":[{"damage_healed":0,"gold_gain":175,"player_choice":"AGREE","damage_taken":119,"max_hp_gain":0,"max_hp_loss":0,"event_name":"betterThird:BetterSerpent","floor":2,"gold_loss":0},{"damage_healed":0,"gold_gain":275,"player_choice":"Desecrate","damage_taken":0,"max_hp_gain":0,"max_hp_loss":0,"event_name":"Golden Shrine","floor":4,"gold_loss":0,"cards_obtained":["Regret"]},{"damage_healed":0,"gold_gain":0,"player_choice":"Gave Potion","damage_taken":0,"relics_obtained":["CeramicFish"],"max_hp_gain":0,"max_hp_loss":0,"event_name":"WeMeetAgain","floor":14,"gold_loss":0},{"damage_healed":0,"gold_gain":0,"player_choice":"Ignored","damage_taken":0,"max_hp_gain":0,"max_hp_loss":0,"event_name":"Beggar","floor":19,"gold_loss":0},{"damage_healed":0,"gold_gain":0,"player_choice":"Inject Mutagens","damage_taken":0,"relics_obtained":["MutagenicStrength"],"max_hp_gain":0,"max_hp_loss":0,"event_name":"Drug Dealer","floor":21,"gold_loss":0},{"damage_healed":0,"gold_gain":0,"player_choice":"Fought Bandits","damage_taken":0,"max_hp_gain":0,"max_hp_loss":0,"event_name":"Masked Bandits","floor":25,"gold_loss":0},{"damage_healed":0,"gold_gain":0,"player_choice":"Obtained Book","damage_taken":16,"max_hp_gain":0,"max_hp_loss":0,"event_name":"Cursed Tome","floor":30,"gold_loss":0},{"damage_healed":0,"gold_gain":0,"player_choice":"Punched","damage_taken":3,"max_hp_gain":0,"max_hp_loss":0,"event_name":"Designer","floor":37,"gold_loss":0},{"damage_healed":0,"gold_gain":0,"player_choice":"Max HP","damage_taken":0,"max_hp_gain":0,"max_hp_loss":6,"event_name":"Winding Halls","floor":45,"gold_loss":0}],"is_beta":false,"boss_relics":[{"not_picked":["Replay:Drink Me","Black Blood"],"picked":"Philosopher\u0027s Stone"},{"not_picked":["Ring of Chaos","Snecko Eye"],"picked":"Cursed Key"}],"items_purged_floors":[],"is_endless":false,"potions_floor_spawned":[6,8,16,18,25,27,40,46],"ascension_level":5}}