{"host":"2o3sockympbxxanu","time":1608217799,"event":{"mods":["BaseMod","Colored Map","Colored Powertips","Downfall","Marisa£®ÏF”Í°°ƒß¿Ì…≥£©","Minty Spire (QoL Compilation)","StSLib"],"gold_per_floor":[109,59,76,76,28,28,44,69,69,6,6,18,18,42,42,167,167,191,191,290,315,315,349,349,50,50,50,50,50,50,66,66,66,66],"floor_reached":33,"playtime":3329,"items_purged":[],"score":274,"play_id":"59be652b-6fc6-4fb4-b528-1e7dad0c6d75","local_time":"20201217230959","is_ascension_mode":true,"campfire_choices":[{"data":"Bane","floor":6.0,"key":"SMITH"},{"floor":11.0,"key":"REST"},{"data":"Catalyst","floor":15.0,"key":"SMITH"},{"floor":24.0,"key":"REST"},{"floor":27.0,"key":"REST"},{"floor":32.0,"key":"REST"}],"circlet_count":0,"master_deck":["Strike_G","Strike_G","Strike_G+1","Strike_G","Defend_G","Defend_G","Defend_G","Survivor","Neutralize","Slice","Deadly Poison+1","Bane+1","Finisher+1","Terror","Catalyst+1","Poisoned Stab","Injury","PiercingWail","Adrenaline","Crippling Poison","Sucker Punch","Glass Knife","Deflect","Blade Dance+1","Noxious Fumes","Catalyst","Deadly Poison"],"relics":["Ring of the Snake","Boot","The Courier","Whetstone","Golden Idol","SacredBark","Thread and Needle","Tiny Chest","Snake Skull","Ornamental Fan"],"acts_visited":["Exordium","TheCity"],"potions_floor_usage":[],"damage_taken":[{"damage":0.0,"enemies":"Jaw Worm","floor":1.0,"turns":4.0},{"damage":0.0,"enemies":"Cultist","floor":3.0,"turns":4.0},{"damage":1.0,"enemies":"2 Louse","floor":7.0,"turns":3.0},{"damage":54.0,"enemies":"3 Sentries","floor":8.0,"turns":12.0},{"damage":0.0,"enemies":"Exordium Wildlife","floor":12.0,"turns":2.0},{"damage":8.0,"enemies":"2 Fungi Beasts","floor":14.0,"turns":3.0},{"damage":12.0,"enemies":"Hexaghost","floor":16.0,"turns":6.0},{"damage":25.0,"enemies":"Spheric Guardian","floor":18.0,"turns":5.0},{"damage":6.0,"enemies":"Chosen","floor":21.0,"turns":3.0},{"damage":31.0,"enemies":"Book of Stabbing","floor":23.0,"turns":4.0},{"damage":35.0,"enemies":"3 Cultists","floor":31.0,"turns":5.0},{"damage":60,"enemies":"Champ","floor":33,"turns":6}],"seed_played":"6576980531451468550","potions_obtained":[{"floor":3.0,"key":"AttackPotion"},{"floor":12.0,"key":"Poison Potion"},{"floor":14.0,"key":"champ:CounterPotion"},{"floor":18.0,"key":"Explosive Potion"}],"is_trial":false,"path_per_floor":["M","?","M","?","$","R","M","E","T","$","R","M","?","M","R","B",null,"M","?","?","M","?","E","R","$","T","R","$","$","?","M","R","B"],"character_chosen":"THE_SILENT","items_purchased":["Bane","Catalyst","Noxious Fumes","Tiny Chest","Snake Skull"],"campfire_rested":4,"item_purchase_floors":[5,10,25,25,25],"current_hp_per_floor":[70,70,70,70,70,70,69,15,15,15,36,36,36,28,28,16,70,45,45,45,39,39,8,29,29,29,50,50,50,50,15,36,0,0],"gold":66,"neow_bonus":"RANDOM_COMMON_RELIC","is_daily":false,"chose_seed":false,"campfire_upgraded":2,"win_rate":0.0,"timestamp":1608217799,"path_taken":["M","?","M","?","$","R","M","E","T","$","R","?","?","M","R","BOSS","M","?","?","M","?","E","R","$","T","R","?","$","?","M","R","BOSS"],"items_purchased_type":["Card","Card","Card","Relic","Relic"],"build_version":"2020-12-13","purchased_purges":0,"victory":false,"max_hp_per_floor":[70,70,70,70,70,70,70,70,70,70,70,70,70,70,70,70,70,70,70,70,70,70,70,70,70,70,70,70,70,70,70,70,70,70],"card_choices":[{"not_picked":["Backflip","Cloak And Dagger"],"picked":"Slice","floor":1.0},{"not_picked":["Skewer","Cloak And Dagger"],"picked":"Deadly Poison","floor":3.0},{"not_picked":["Well Laid Plans","Dagger Throw"],"picked":"Finisher","floor":7.0},{"not_picked":["Crippling Poison","Masterful Stab"],"picked":"Terror","floor":8.0},{"not_picked":["Leg Sweep","Tactician"],"picked":"Poisoned Stab","floor":12.0},{"not_picked":["Expertise","Predator"],"picked":"PiercingWail","floor":14.0},{"not_picked":["Tools of the Trade","Storm of Steel"],"picked":"Adrenaline","floor":16.0},{"not_picked":["Dagger Spray","Cloak And Dagger"],"picked":"Crippling Poison","floor":18.0},{"not_picked":["Footwork","Acrobatics"],"picked":"Deflect","floor":21.0},{"not_picked":["Dodge and Roll+1","Quick Slash+1"],"picked":"Blade Dance+1","floor":23.0},{"not_picked":["Eviscerate","Underhanded Strike"],"picked":"Deadly Poison","floor":31.0}],"player_experience":232677,"relics_obtained":[{"floor":8.0,"key":"The Courier"},{"floor":9.0,"key":"Whetstone"},{"floor":23.0,"key":"Thread and Needle"},{"floor":26.0,"key":"Ornamental Fan"}],"event_choices":[{"cards_removed":["Defend_G"],"damage_healed":0.0,"max_hp_gain":0.0,"max_hp_loss":0.0,"gold_gain":0.0,"event_name":"The Cleric","player_choice":"Card Removal","floor":2.0,"gold_loss":50.0,"damage_taken":0.0},{"damage_healed":0.0,"max_hp_gain":0.0,"max_hp_loss":0.0,"gold_gain":0.0,"event_name":"Accursed Blacksmith","player_choice":"Forge","floor":4.0,"gold_loss":0.0,"damage_taken":0.0,"cards_upgraded":["Deadly Poison"]},{"damage_healed":0.0,"max_hp_gain":0.0,"max_hp_loss":0.0,"gold_gain":0.0,"event_name":"Golden Idol","player_choice":"Take Wound","floor":13.0,"gold_loss":0.0,"damage_taken":0.0,"relics_obtained":["Golden Idol"],"cards_obtained":["Injury"]},{"damage_healed":0.0,"max_hp_gain":0.0,"max_hp_loss":0.0,"gold_gain":0.0,"cards_transformed":["Defend_G","Strike_G"],"event_name":"Drug Dealer","player_choice":"Became Test Subject","floor":19.0,"gold_loss":0.0,"damage_taken":0.0,"cards_obtained":["Sucker Punch","Glass Knife"]},{"damage_healed":0.0,"max_hp_gain":0.0,"max_hp_loss":0.0,"gold_gain":99.0,"event_name":"Nest","player_choice":"Stole From Cult","floor":20.0,"gold_loss":0.0,"damage_taken":0.0},{"damage_healed":0.0,"max_hp_gain":0.0,"max_hp_loss":0.0,"gold_gain":0.0,"event_name":"Vampires","player_choice":"Ignored","floor":22.0,"gold_loss":0.0,"damage_taken":0.0},{"damage_healed":0.0,"max_hp_gain":0.0,"max_hp_loss":0.0,"gold_gain":0.0,"event_name":"The Library","player_choice":"Read","floor":30.0,"gold_loss":0.0,"damage_taken":0.0,"cards_obtained":["Catalyst"]}],"is_beta":false,"boss_relics":[{"not_picked":["Runic Dome","Coffee Dripper"],"picked":"SacredBark"}],"items_purged_floors":[],"is_endless":false,"potions_floor_spawned":[3,12,14,18],"killed_by":"Champ","ascension_level":1}}